2015.05.28 10:00:02.303,0.72364,0.72374,1.00,1.87
2015.05.28 10:00:02.870,0.72364,0.72376,1.00,1.00
2015.05.28 10:00:03.814,0.72366,0.72376,1.00,1.00
2015.05.28 10:00:05.446,0.72365,0.72376,1.00,1.87
2015.05.28 10:00:05.700,0.72363,0.72374,1.10,1.12
2015.05.28 10:00:06.564,0.72362,0.72374,1.00,3.00
2015.05.28 10:00:07.067,0.72362,0.72373,1.00,1.00
2015.05.28 10:00:10.622,0.72362,0.72371,1.00,1.00
2015.05.28 10:00:11.323,0.72358,0.72371,2.32,1.00
2015.05.28 10:00:11.831,0.72358,0.7237,2.25,1.00
2015.05.28 10:00:14.968,0.72359,0.72372,1.00,2.25
2015.05.28 10:00:15.071,0.72361,0.72373,1.00,4.12
2015.05.28 10:00:15.581,0.72362,0.72373,2.32,1.00
2015.05.28 10:00:16.043,0.72364,0.72374,1.00,1.12
2015.05.28 10:00:16.551,0.72365,0.72375,1.00,1.12
2015.05.28 10:00:17.270,0.72369,0.72379,2.70,1.00
2015.05.28 10:00:19.478,0.72371,0.72379,1.50,1.00
2015.05.28 10:00:19.992,0.72371,0.72381,1.50,1.00
2015.05.28 10:00:20.487,0.72373,0.72381,1.00,1.00
2015.05.28 10:00:21.293,0.72373,0.72383,1.00,1.37
2015.05.28 10:00:22.906,0.72372,0.72383,1.12,1.37
2015.05.28 10:00:24.221,0.72371,0.72383,1.10,1.50
2015.05.28 10:00:24.766,0.7237,0.72383,2.32,1.50
2015.05.28 10:00:25.695,0.72372,0.72383,1.00,1.50
2015.05.28 10:00:27.867,0.72371,0.72383,1.50,1.50
2015.05.28 10:00:28.395,0.72372,0.72383,1.00,1.50
2015.05.28 10:00:28.732,0.72372,0.72378,1.00,1.00
2015.05.28 10:00:28.784,0.7237,0.72378,1.57,1.00
2015.05.28 10:00:28.886,0.7237,0.72376,1.57,1.00
2015.05.28 10:00:29.304,0.72368,0.72376,1.12,1.00
2015.05.28 10:00:29.559,0.72367,0.72374,1.00,1.00
2015.05.28 10:00:34.384,0.72367,0.72371,1.00,1.00
2015.05.28 10:00:34.739,0.72365,0.7237,1.00,1.00
2015.05.28 10:00:34.942,0.72363,0.7237,1.50,1.00
2015.05.28 10:00:34.993,0.72363,0.72368,1.50,1.00
2015.05.28 10:00:35.724,0.72362,0.72366,1.50,1.00
2015.05.28 10:00:35.826,0.72361,0.72365,1.00,1.00
2015.05.28 10:00:35.928,0.72359,0.72364,1.50,1.00
2015.05.28 10:00:36.182,0.72357,0.72361,1.65,1.00
2015.05.28 10:00:36.587,0.72357,0.72362,1.00,1.00
2015.05.28 10:00:37.367,0.72358,0.72362,1.00,1.00
2015.05.28 10:00:41.276,0.72358,0.72365,1.00,1.00
2015.05.28 10:00:41.428,0.7236,0.72365,1.00,1.00
2015.05.28 10:00:42.202,0.72361,0.72368,1.00,1.00
2015.05.28 10:00:42.570,0.72359,0.72368,1.00,1.00
2015.05.28 10:00:42.621,0.72359,0.72368,1.00,1.37
2015.05.28 10:00:42.773,0.72357,0.72365,1.20,1.00
2015.05.28 10:00:43.885,0.72358,0.72365,1.00,1.00
2015.05.28 10:00:46.816,0.72355,0.7236,1.00,1.00
2015.05.28 10:00:47.226,0.72354,0.72362,1.12,1.00
2015.05.28 10:00:48.354,0.72353,0.72362,1.10,1.00
2015.05.28 10:00:48.506,0.72352,0.72359,1.95,1.00
2015.05.28 10:00:48.810,0.72348,0.72355,1.75,1.00
2015.05.28 10:00:48.912,0.72348,0.72355,1.00,1.00
2015.05.28 10:00:49.013,0.72348,0.72358,1.00,1.00
2015.05.28 10:00:49.565,0.7235,0.72358,1.00,1.00
2015.05.28 10:00:49.724,0.7235,0.72361,1.00,1.50
2015.05.28 10:00:49.978,0.72351,0.72363,2.25,1.50
2015.05.28 10:00:50.130,0.72354,0.72365,1.00,1.12
2015.05.28 10:00:51.277,0.72349,0.72359,1.50,1.00
2015.05.28 10:00:51.328,0.72349,0.72359,1.00,1.00
2015.05.28 10:00:51.943,0.72349,0.7236,1.00,1.87
2015.05.28 10:00:54.211,0.72356,0.7236,1.00,1.00
2015.05.28 10:00:54.269,0.72356,0.72367,1.00,1.37
2015.05.28 10:00:54.777,0.72356,0.72368,1.00,2.25
2015.05.28 10:00:55.135,0.72356,0.72368,1.00,1.87
2015.05.28 10:00:55.619,0.72359,0.72371,1.50,3.00
2015.05.28 10:00:55.722,0.72359,0.72371,1.50,1.00
2015.05.28 10:00:56.232,0.7236,0.72371,1.00,1.00
2015.05.28 10:00:56.942,0.72359,0.72371,1.50,1.00
2015.05.28 10:00:58.500,0.72361,0.72373,1.00,1.00
2015.05.28 10:00:58.821,0.72363,0.72373,1.00,1.00
2015.05.28 10:00:59.653,0.72362,0.72372,1.00,1.00
2015.05.28 10:01:00.162,0.72362,0.72373,1.00,1.00
2015.05.28 10:01:00.892,0.72361,0.72371,1.00,1.00
2015.05.28 10:01:01.419,0.7236,0.72371,1.50,1.00
2015.05.28 10:01:02.914,0.72361,0.72371,2.25,1.00
2015.05.28 10:01:03.017,0.72361,0.72372,1.57,1.50
2015.05.28 10:01:04.123,0.72362,0.72372,1.00,1.00
2015.05.28 10:01:12.456,0.72359,0.72368,1.00,1.00
2015.05.28 10:01:13.115,0.72358,0.72368,1.00,1.00
2015.05.28 10:01:13.217,0.72358,0.7237,1.50,1.00
2015.05.28 10:01:13.319,0.72359,0.72372,1.50,1.87
2015.05.28 10:01:13.764,0.72364,0.72374,1.00,1.00
2015.05.28 10:01:14.270,0.72364,0.72373,1.00,1.00
2015.05.28 10:01:15.585,0.72361,0.72372,1.10,1.12
2015.05.28 10:01:15.636,0.72361,0.72369,1.00,1.00
2015.05.28 10:01:16.879,0.7236,0.72369,1.10,1.00
2015.05.28 10:01:17.591,0.7236,0.72372,1.10,1.12
2015.05.28 10:01:18.387,0.72362,0.72372,1.12,1.00
2015.05.28 10:01:18.540,0.72362,0.72374,2.32,1.00
2015.05.28 10:01:18.643,0.72364,0.72374,1.00,1.50
2015.05.28 10:01:18.949,0.72363,0.72372,1.00,1.00
2015.05.28 10:01:20.844,0.72362,0.72372,1.00,1.00
2015.05.28 10:01:21.311,0.72361,0.72365,1.10,1.00
2015.05.28 10:01:21.823,0.72362,0.72366,1.00,1.00
2015.05.28 10:01:22.752,0.7236,0.72364,1.00,1.00
2015.05.28 10:01:22.905,0.72358,0.72363,1.20,1.00
2015.05.28 10:01:23.411,0.72357,0.72361,1.00,1.00
2015.05.28 10:01:25.617,0.72358,0.72362,1.00,1.00
2015.05.28 10:01:27.996,0.72357,0.72361,1.00,1.00
2015.05.28 10:01:28.209,0.72357,0.72362,1.00,1.00
2015.05.28 10:01:28.313,0.72359,0.72364,1.50,1.00
2015.05.28 10:01:28.669,0.7236,0.72364,1.00,1.00
2015.05.28 10:01:30.046,0.72359,0.72363,1.57,1.00
2015.05.28 10:01:30.199,0.72359,0.72364,1.95,1.00
2015.05.28 10:01:30.762,0.72361,0.72365,1.00,1.00
2015.05.28 10:01:31.172,0.72359,0.72364,1.87,1.00
2015.05.28 10:01:32.308,0.72358,0.72363,1.10,1.00
2015.05.28 10:01:32.816,0.72357,0.72361,1.00,1.00
2015.05.28 10:01:35.206,0.72358,0.72362,1.00,1.00
2015.05.28 10:01:36.771,0.72358,0.72362,1.50,1.00
2015.05.28 10:01:37.278,0.72357,0.72361,1.20,1.00
2015.05.28 10:01:38.019,0.72358,0.72362,1.00,1.00
2015.05.28 10:01:38.652,0.72357,0.72361,1.20,1.00
2015.05.28 10:01:40.226,0.72357,0.72365,1.20,1.00
2015.05.28 10:01:41.431,0.72357,0.72364,1.20,1.00
2015.05.28 10:01:41.938,0.72358,0.72364,1.00,1.00
2015.05.28 10:01:42.802,0.72357,0.72364,1.20,1.00
2015.05.28 10:01:44.538,0.72359,0.72367,1.00,1.00
2015.05.28 10:01:44.899,0.72363,0.72368,1.00,1.00
2015.05.28 10:01:45.001,0.72363,0.7237,1.00,1.00
2015.05.28 10:01:45.757,0.72362,0.72368,1.20,1.00
2015.05.28 10:01:46.265,0.72361,0.72367,1.00,1.00
2015.05.28 10:01:46.591,0.72359,0.72367,1.10,1.00
2015.05.28 10:01:47.055,0.72356,0.72367,2.62,1.00
2015.05.28 10:01:47.107,0.72356,0.72365,2.25,1.00
2015.05.28 10:01:47.623,0.72356,0.72364,1.10,1.00
2015.05.28 10:01:48.439,0.72357,0.72364,1.00,1.87
2015.05.28 10:01:48.643,0.7235,0.72358,1.57,1.00
2015.05.28 10:01:49.744,0.72353,0.72362,1.00,1.00
2015.05.28 10:01:50.049,0.72354,0.72365,1.57,1.37
2015.05.28 10:01:50.151,0.72355,0.72366,2.62,1.00
2015.05.28 10:01:50.202,0.72358,0.72368,1.00,1.00
2015.05.28 10:01:51.067,0.72359,0.72368,1.00,1.00
2015.05.28 10:01:51.666,0.7236,0.72368,1.00,1.00
2015.05.28 10:01:53.370,0.72359,0.72368,1.10,1.00
2015.05.28 10:01:53.729,0.72357,0.72365,1.10,1.00
2015.05.28 10:01:54.513,0.72358,0.72365,1.00,1.00
2015.05.28 10:01:54.616,0.72356,0.72364,1.00,1.00
2015.05.28 10:01:54.823,0.72354,0.72364,1.10,1.00
2015.05.28 10:01:54.930,0.72353,0.72362,2.40,1.00
2015.05.28 10:01:55.444,0.72353,0.72361,1.00,1.00
2015.05.28 10:01:55.951,0.72352,0.72361,1.50,1.00
2015.05.28 10:01:57.439,0.72351,0.72359,1.50,1.00
2015.05.28 10:01:57.644,0.72349,0.72358,1.00,1.00
2015.05.28 10:01:58.157,0.7235,0.72359,1.00,1.00
2015.05.28 10:01:58.362,0.7235,0.72361,1.50,1.00
2015.05.28 10:01:58.786,0.72358,0.72364,1.00,1.10
2015.05.28 10:01:58.840,0.72358,0.72367,1.00,1.00
2015.05.28 10:02:01.736,0.7236,0.7237,1.00,1.37
2015.05.28 10:02:01.939,0.72361,0.7237,1.12,1.00
2015.05.28 10:02:02.142,0.72361,0.72368,1.00,1.00
2015.05.28 10:02:02.909,0.7236,0.72368,1.50,1.00
2015.05.28 10:02:04.905,0.72359,0.72368,1.00,1.00
2015.05.28 10:02:05.433,0.72358,0.72368,1.00,1.00
2015.05.28 10:02:05.739,0.7236,0.72368,1.50,1.00
2015.05.28 10:02:06.447,0.72359,0.72368,1.50,1.00
2015.05.28 10:02:06.945,0.7236,0.7237,1.00,1.00
2015.05.28 10:02:07.452,0.72359,0.7237,1.50,1.00
2015.05.28 10:02:11.481,0.72358,0.72368,1.50,1.00
2015.05.28 10:02:12.044,0.72358,0.72367,1.50,1.00
2015.05.28 10:02:13.514,0.72357,0.72367,1.00,1.00
2015.05.28 10:02:13.851,0.72357,0.72365,1.00,1.00
2015.05.28 10:02:15.181,0.72356,0.72365,1.50,1.00
2015.05.28 10:02:16.924,0.72358,0.72365,1.00,1.00
2015.05.28 10:02:17.431,0.72358,0.72366,1.00,1.00
2015.05.28 10:02:18.035,0.72357,0.72366,1.50,1.00
2015.05.28 10:02:18.644,0.72358,0.72366,1.00,1.00
2015.05.28 10:02:19.574,0.72355,0.72363,1.00,1.00
2015.05.28 10:02:20.101,0.72354,0.72363,1.00,1.00
2015.05.28 10:02:20.881,0.72356,0.72365,2.10,1.00
2015.05.28 10:02:21.187,0.7236,0.72369,1.87,1.00
2015.05.28 10:02:21.392,0.7236,0.72367,1.00,1.00
2015.05.28 10:02:21.697,0.72361,0.72369,1.00,1.00
2015.05.28 10:02:22.174,0.72359,0.72368,1.00,1.00
2015.05.28 10:02:22.581,0.7236,0.7237,3.37,1.00
2015.05.28 10:02:22.633,0.72363,0.7237,1.00,1.00
2015.05.28 10:02:22.938,0.72361,0.72368,1.00,1.00
2015.05.28 10:02:23.718,0.72359,0.72368,1.87,1.00
2015.05.28 10:02:24.175,0.72357,0.72363,1.00,1.00
2015.05.28 10:02:24.811,0.72356,0.72363,1.00,1.00
2015.05.28 10:02:25.318,0.72355,0.72363,1.00,1.00
2015.05.28 10:02:26.241,0.72356,0.72363,1.00,1.00
2015.05.28 10:02:27.271,0.72356,0.72365,1.00,1.00
2015.05.28 10:02:28.796,0.72355,0.72365,1.00,1.00
2015.05.28 10:02:31.549,0.72356,0.72365,1.00,1.00
2015.05.28 10:02:31.776,0.72354,0.72363,1.50,1.00
2015.05.28 10:02:32.080,0.72352,0.7236,1.87,1.00
2015.05.28 10:02:32.852,0.72353,0.72359,1.00,1.00
2015.05.28 10:02:33.192,0.72353,0.72361,1.50,1.00
2015.05.28 10:02:33.345,0.72355,0.72361,1.00,1.00
2015.05.28 10:02:33.396,0.72355,0.72364,1.00,1.00
2015.05.28 10:02:33.651,0.72358,0.72364,1.50,1.00
2015.05.28 10:02:34.224,0.72358,0.72365,1.50,1.00
2015.05.28 10:02:34.775,0.72357,0.72365,1.00,1.00
2015.05.28 10:02:37.057,0.72358,0.72365,1.00,1.00
2015.05.28 10:02:37.789,0.72357,0.72365,1.50,1.00
2015.05.28 10:02:38.811,0.72358,0.72365,1.00,1.00
2015.05.28 10:02:40.000,0.72357,0.72365,1.00,1.00
2015.05.28 10:02:40.585,0.72357,0.72366,1.00,1.00
2015.05.28 10:02:41.788,0.72355,0.72366,3.37,1.00
2015.05.28 10:02:41.890,0.72355,0.72369,3.37,1.50
2015.05.28 10:02:42.398,0.72357,0.72369,2.25,1.00
2015.05.28 10:02:44.703,0.72361,0.72371,1.50,1.00
2015.05.28 10:02:45.915,0.7236,0.72369,1.50,1.00
2015.05.28 10:02:46.169,0.72358,0.72369,1.12,1.00
2015.05.28 10:02:46.423,0.72358,0.72371,1.12,1.00
2015.05.28 10:02:47.329,0.72361,0.72371,1.00,1.00
2015.05.28 10:02:47.380,0.72362,0.72374,1.00,1.12
2015.05.28 10:02:54.086,0.72364,0.72377,1.00,1.57
2015.05.28 10:02:54.613,0.72365,0.72378,1.50,3.07
2015.05.28 10:02:55.175,0.72364,0.72378,1.87,2.70
2015.05.28 10:02:59.511,0.72364,0.72378,1.87,1.57
2015.05.28 10:03:00.482,0.72369,0.72379,1.00,1.50
2015.05.28 10:03:00.535,0.72369,0.7238,1.50,1.47
2015.05.28 10:03:01.394,0.72369,0.7238,1.87,1.37
2015.05.28 10:03:02.417,0.72369,0.7238,1.87,1.00
2015.05.28 10:03:03.156,0.7237,0.7238,1.37,1.00
2015.05.28 10:03:03.309,0.72374,0.72383,1.00,1.87
2015.05.28 10:03:03.411,0.72374,0.72387,1.87,1.87
2015.05.28 10:03:03.462,0.72375,0.72388,1.37,3.07
2015.05.28 10:03:03.513,0.72376,0.72388,1.12,1.95
2015.05.28 10:03:03.666,0.72376,0.72388,2.62,1.10
2015.05.28 10:03:04.189,0.7238,0.72392,1.50,1.00
2015.05.28 10:03:04.700,0.72381,0.72394,1.00,1.50
2015.05.28 10:03:05.969,0.7238,0.72393,1.50,1.47
2015.05.28 10:03:06.778,0.72378,0.72391,1.47,1.50
2015.05.28 10:03:07.237,0.72378,0.7239,1.37,5.25
2015.05.28 10:03:07.294,0.72372,0.72384,2.25,1.00
2015.05.28 10:03:07.599,0.72372,0.72382,1.00,1.00
2015.05.28 10:03:07.650,0.7237,0.72382,1.57,1.50
2015.05.28 10:03:08.542,0.72372,0.72384,1.00,1.12
2015.05.28 10:03:08.848,0.72375,0.72388,1.00,1.00
2015.05.28 10:03:09.153,0.72377,0.72389,1.00,1.10
2015.05.28 10:03:09.786,0.72375,0.72387,1.00,1.00
2015.05.28 10:03:10.194,0.72377,0.72389,1.00,2.70
2015.05.28 10:03:14.098,0.72377,0.72389,1.50,1.50
2015.05.28 10:03:17.050,0.72375,0.72387,1.00,1.87
2015.05.28 10:03:17.152,0.72373,0.72386,1.12,1.12
2015.05.28 10:03:17.203,0.72372,0.72384,1.12,2.10
2015.05.28 10:03:17.457,0.7237,0.72383,1.00,1.50
2015.05.28 10:03:17.963,0.72369,0.72382,1.00,1.87
2015.05.28 10:03:22.535,0.72369,0.72381,1.00,1.00
2015.05.28 10:03:23.373,0.72367,0.72381,1.95,1.50
2015.05.28 10:03:24.292,0.72367,0.7238,1.87,1.00
2015.05.28 10:03:24.394,0.72367,0.72378,1.00,1.00
2015.05.28 10:03:24.598,0.72364,0.72377,1.12,1.00
2015.05.28 10:03:24.650,0.72363,0.72373,1.95,1.00
2015.05.28 10:03:25.177,0.72365,0.72377,1.00,2.25
2015.05.28 10:03:25.382,0.72366,0.72379,1.00,1.10
2015.05.28 10:03:26.487,0.72365,0.72377,2.25,1.00
2015.05.28 10:03:27.164,0.72365,0.72379,2.25,1.50
2015.05.28 10:03:27.216,0.72365,0.72377,1.50,1.00
2015.05.28 10:03:27.766,0.72365,0.72377,1.12,2.25
2015.05.28 10:03:28.071,0.72363,0.72375,1.87,1.00
2015.05.28 10:03:28.123,0.72363,0.72375,1.50,1.00
2015.05.28 10:03:28.631,0.72362,0.72374,1.00,2.25
2015.05.28 10:03:29.201,0.72361,0.72374,1.87,2.25
2015.05.28 10:03:29.708,0.72363,0.72376,1.00,1.95
2015.05.28 10:03:29.962,0.72364,0.72377,1.50,1.10
2015.05.28 10:03:31.004,0.72365,0.72377,1.00,1.00
2015.05.28 10:03:31.514,0.72364,0.72376,1.00,1.00
2015.05.28 10:03:32.326,0.72363,0.72376,1.50,1.00
2015.05.28 10:03:32.834,0.72363,0.72375,1.00,1.00
2015.05.28 10:03:35.876,0.72363,0.72376,1.00,1.00
2015.05.28 10:03:36.574,0.72363,0.72373,1.00,1.00
2015.05.28 10:03:37.139,0.72361,0.72371,1.50,1.50
2015.05.28 10:03:37.192,0.72357,0.7237,1.37,1.00
2015.05.28 10:03:37.620,0.72356,0.72368,1.12,1.00
2015.05.28 10:03:39.121,0.72357,0.7237,1.00,1.20
2015.05.28 10:03:39.627,0.72357,0.7237,1.00,1.00
2015.05.28 10:03:44.903,0.72358,0.72372,1.00,1.57
2015.05.28 10:03:45.448,0.72358,0.7237,1.00,1.00
2015.05.28 10:03:45.967,0.72356,0.7237,3.00,1.50
2015.05.28 10:03:46.585,0.72363,0.72376,1.50,1.87
2015.05.28 10:03:46.689,0.72364,0.72377,1.00,1.87
2015.05.28 10:03:47.199,0.72365,0.72378,1.50,1.37
2015.05.28 10:03:47.872,0.72365,0.72378,1.50,1.00
2015.05.28 10:03:50.177,0.72365,0.72377,1.00,1.50
2015.05.28 10:03:50.431,0.72363,0.72377,2.62,1.00
2015.05.28 10:03:51.017,0.72367,0.72378,1.50,1.00
2015.05.28 10:03:51.562,0.72367,0.72379,1.00,1.00
2015.05.28 10:03:52.514,0.72365,0.72377,1.50,1.00
2015.05.28 10:03:53.033,0.72365,0.72376,1.00,1.00
2015.05.28 10:03:53.900,0.72365,0.72377,1.00,1.00
2015.05.28 10:03:55.804,0.72363,0.72375,2.32,1.00
2015.05.28 10:03:57.073,0.72364,0.72376,1.10,1.00
2015.05.28 10:03:57.127,0.72364,0.72378,1.10,2.62
2015.05.28 10:03:59.160,0.72364,0.72377,1.57,1.00
2015.05.28 10:03:59.921,0.72364,0.72378,1.57,1.50
2015.05.28 10:04:00.714,0.72364,0.72376,1.57,1.00
2015.05.28 10:04:01.449,0.72364,0.72375,1.10,1.00
2015.05.28 10:04:01.957,0.72362,0.72371,1.50,1.00
2015.05.28 10:04:02.059,0.7236,0.72371,1.12,1.50
2015.05.28 10:04:02.572,0.72358,0.72368,1.00,1.50
2015.05.28 10:04:02.624,0.72355,0.72368,1.87,1.50
2015.05.28 10:04:02.981,0.72354,0.72364,1.00,1.00
2015.05.28 10:04:03.185,0.72354,0.72366,1.00,1.87
2015.05.28 10:04:04.018,0.72354,0.72367,2.25,1.00
2015.05.28 10:04:08.193,0.72354,0.72368,3.37,1.50
2015.05.28 10:04:08.397,0.72356,0.7237,1.00,1.95
2015.05.28 10:04:09.608,0.72357,0.7237,1.00,2.25
2015.05.28 10:04:10.982,0.72357,0.72366,1.00,1.00
2015.05.28 10:04:11.287,0.72352,0.72363,1.87,1.87
2015.05.28 10:04:11.389,0.72352,0.72363,1.87,1.50
2015.05.28 10:04:11.491,0.72355,0.72365,1.12,1.57
2015.05.28 10:04:11.643,0.72355,0.72368,1.87,1.87
2015.05.28 10:04:12.532,0.72355,0.72368,1.12,1.50
2015.05.28 10:04:13.324,0.72355,0.72367,1.12,1.00
2015.05.28 10:04:13.375,0.72353,0.72364,1.57,1.37
2015.05.28 10:04:13.579,0.72353,0.72363,1.37,1.50
2015.05.28 10:04:14.374,0.72355,0.72364,1.00,1.00
2015.05.28 10:04:14.425,0.72353,0.72366,1.37,1.50
2015.05.28 10:04:14.984,0.72354,0.72363,1.12,1.00
2015.05.28 10:04:15.288,0.72352,0.72363,1.12,1.87
2015.05.28 10:04:15.340,0.72352,0.72363,1.37,1.50
2015.05.28 10:04:16.104,0.72354,0.72365,1.12,1.00
2015.05.28 10:04:17.285,0.72354,0.72363,1.12,1.00
2015.05.28 10:04:17.589,0.72352,0.72363,1.00,1.50
2015.05.28 10:04:18.108,0.72352,0.72364,1.37,2.25
2015.05.28 10:04:18.719,0.72352,0.72365,1.37,1.50
2015.05.28 10:04:19.500,0.72352,0.72363,1.87,1.00
2015.05.28 10:04:20.140,0.72352,0.72364,1.37,1.00
2015.05.28 10:04:20.750,0.72352,0.72363,1.37,1.00
2015.05.28 10:04:21.900,0.7235,0.72362,2.32,1.00
2015.05.28 10:04:22.215,0.7235,0.7236,1.87,1.00
2015.05.28 10:04:23.238,0.72349,0.72358,1.37,1.12
2015.05.28 10:04:23.391,0.72344,0.72354,2.25,1.50
2015.05.28 10:04:23.798,0.72341,0.72353,1.50,3.00
2015.05.28 10:04:24.482,0.72342,0.72354,1.50,1.00
2015.05.28 10:04:24.848,0.72343,0.72356,1.37,1.57
2015.05.28 10:04:26.025,0.72343,0.72355,1.37,1.00
2015.05.28 10:04:26.434,0.72343,0.72352,1.37,1.00
2015.05.28 10:04:26.587,0.72342,0.72352,1.00,1.00
2015.05.28 10:04:27.520,0.72342,0.72352,1.37,1.50
2015.05.28 10:04:27.572,0.72344,0.72355,1.12,1.50
2015.05.28 10:04:28.451,0.72344,0.72356,1.37,1.00
2015.05.28 10:04:29.106,0.72344,0.72357,1.37,1.50
2015.05.28 10:04:30.069,0.72344,0.72357,3.00,1.00
2015.05.28 10:04:30.120,0.72346,0.72357,1.00,1.00
2015.05.28 10:04:30.640,0.72344,0.72355,1.12,2.25
2015.05.28 10:04:30.741,0.72344,0.72357,1.87,1.10
2015.05.28 10:04:31.248,0.72344,0.72356,1.12,1.00
2015.05.28 10:04:31.754,0.72344,0.72355,1.12,1.00
2015.05.28 10:04:32.250,0.72343,0.72353,1.37,1.00
2015.05.28 10:04:34.969,0.72341,0.72352,1.50,1.50
2015.05.28 10:04:35.549,0.72341,0.72352,1.12,1.12
2015.05.28 10:04:35.904,0.72341,0.72352,1.37,1.00
2015.05.28 10:04:36.762,0.72341,0.72353,2.25,1.00
2015.05.28 10:04:38.317,0.72341,0.72354,2.25,1.50
2015.05.28 10:04:40.010,0.72341,0.72351,2.25,1.00
2015.05.28 10:04:40.650,0.72341,0.7235,1.50,1.00
2015.05.28 10:04:41.423,0.72341,0.72352,1.50,1.12
2015.05.28 10:04:45.357,0.72341,0.72354,2.25,2.62
2015.05.28 10:04:46.788,0.72344,0.72355,1.12,1.00
2015.05.28 10:04:48.338,0.72344,0.72354,1.00,1.87
2015.05.28 10:04:48.491,0.72341,0.72353,1.50,1.50
2015.05.28 10:04:48.912,0.72341,0.72353,2.62,1.50
2015.05.28 10:04:49.626,0.72344,0.72355,1.37,1.87
2015.05.28 10:04:50.134,0.72344,0.72354,1.37,1.00
2015.05.28 10:04:51.972,0.72341,0.72353,1.57,1.00
2015.05.28 10:04:52.024,0.72339,0.72349,1.87,1.00
2015.05.28 10:04:52.586,0.72337,0.72349,1.65,1.00
2015.05.28 10:04:52.841,0.72334,0.72343,1.47,1.00
2015.05.28 10:04:52.943,0.72334,0.72342,1.00,1.00
2015.05.28 10:04:53.344,0.72332,0.72342,1.00,1.00
2015.05.28 10:04:53.994,0.72332,0.72343,1.00,1.00
2015.05.28 10:04:54.045,0.72332,0.72343,1.00,1.87
2015.05.28 10:04:54.604,0.72332,0.72343,1.00,1.50
2015.05.28 10:04:57.150,0.72332,0.72343,1.00,1.87
2015.05.28 10:04:57.657,0.72332,0.72343,1.00,2.25
2015.05.28 10:04:57.911,0.72332,0.72344,1.00,1.87
2015.05.28 10:04:59.554,0.72332,0.72344,1.00,1.87
2015.05.28 10:05:01.060,0.72332,0.72343,1.00,1.00
2015.05.28 10:05:02.231,0.72329,0.72343,2.25,1.50
2015.05.28 10:05:02.282,0.72329,0.72339,1.50,1.00
2015.05.28 10:05:02.486,0.72322,0.72334,1.87,1.12
2015.05.28 10:05:02.792,0.72322,0.72335,1.50,1.00
2015.05.28 10:05:03.512,0.72324,0.72336,1.00,1.00
2015.05.28 10:05:04.024,0.72325,0.72336,1.00,1.00
2015.05.28 10:05:04.076,0.72325,0.72338,1.00,1.50
2015.05.28 10:05:05.100,0.72326,0.7234,1.00,2.02
2015.05.28 10:05:05.995,0.72327,0.7234,1.00,2.02
2015.05.28 10:05:06.957,0.72328,0.72341,1.00,2.32
2015.05.28 10:05:07.473,0.72328,0.72341,1.00,1.20
2015.05.28 10:05:09.537,0.72328,0.7234,1.00,1.00
2015.05.28 10:05:09.589,0.72326,0.72337,1.00,1.37
2015.05.28 10:05:10.196,0.72326,0.7234,3.37,1.10
2015.05.28 10:05:12.190,0.72327,0.72339,1.00,1.87
2015.05.28 10:05:12.345,0.72327,0.72341,1.37,3.07
2015.05.28 10:05:12.853,0.72329,0.72341,1.00,1.50
2015.05.28 10:05:13.006,0.72329,0.72343,1.37,2.70
2015.05.28 10:05:13.643,0.7233,0.72344,2.62,1.37
2015.05.28 10:05:14.634,0.72329,0.72344,2.40,3.00
2015.05.28 10:05:16.328,0.72329,0.72342,2.40,1.00
2015.05.28 10:05:16.857,0.72329,0.72343,2.40,1.12
2015.05.28 10:05:18.624,0.72329,0.72343,3.07,1.12
2015.05.28 10:05:31.079,0.72338,0.72345,1.37,1.00
2015.05.28 10:05:31.131,0.72338,0.72348,1.00,1.00
2015.05.28 10:05:31.182,0.72334,0.72347,1.95,1.00
2015.05.28 10:05:31.286,0.72334,0.72345,1.12,1.00
2015.05.28 10:05:36.508,0.72331,0.72344,1.95,1.00
2015.05.28 10:05:44.632,0.72331,0.72344,1.95,1.87
2015.05.28 10:05:45.152,0.72332,0.72344,1.00,1.12
2015.05.28 10:05:45.637,0.72334,0.72345,1.00,1.12
2015.05.28 10:05:48.223,0.72332,0.72346,1.87,3.00
2015.05.28 10:05:51.088,0.72333,0.72345,1.00,1.10
2015.05.28 10:05:51.600,0.72333,0.72346,1.37,1.07
2015.05.28 10:05:51.652,0.72339,0.72346,2.47,1.07
2015.05.28 10:05:52.271,0.72341,0.72354,1.30,2.32
2015.05.28 10:05:52.931,0.7234,0.72352,1.87,1.20
2015.05.28 10:05:53.134,0.7234,0.72351,1.00,1.50
2015.05.28 10:05:53.693,0.72338,0.72349,1.12,1.50
2015.05.28 10:05:55.677,0.72336,0.7235,4.12,3.00
2015.05.28 10:05:56.273,0.72336,0.72347,3.37,1.00
2015.05.28 10:06:01.105,0.72337,0.7235,1.37,1.50
2015.05.28 10:06:04.406,0.72337,0.72351,1.37,3.00
2015.05.28 10:06:05.930,0.72338,0.72351,1.12,2.62
2015.05.28 10:06:06.083,0.72338,0.72351,1.37,2.25
2015.05.28 10:06:06.591,0.72339,0.72353,2.62,1.87
2015.05.28 10:06:07.279,0.72341,0.72354,3.00,1.07
2015.05.28 10:06:07.825,0.72342,0.72355,1.47,2.25
2015.05.28 10:06:08.433,0.72342,0.72355,1.95,1.50
2015.05.28 10:06:09.004,0.72343,0.72356,2.62,1.47
2015.05.28 10:06:09.308,0.72347,0.72359,1.87,1.20
2015.05.28 10:06:09.677,0.72348,0.72357,1.12,1.00
2015.05.28 10:06:10.534,0.72345,0.72357,2.70,1.00
2015.05.28 10:06:11.041,0.72345,0.72357,2.70,1.10
2015.05.28 10:06:12.389,0.72345,0.72357,1.00,1.12
2015.05.28 10:06:13.800,0.72343,0.72357,3.45,2.32
2015.05.28 10:06:13.852,0.72343,0.72357,2.70,2.70
2015.05.28 10:06:20.081,0.72343,0.72357,2.70,2.32
2015.05.28 10:06:23.756,0.72343,0.72357,2.70,2.32
2015.05.28 10:06:24.802,0.72346,0.72357,1.12,1.95
2015.05.28 10:06:25.308,0.72347,0.72359,1.12,1.20
2015.05.28 10:06:26.639,0.72346,0.72359,1.12,2.70
2015.05.28 10:06:27.146,0.72345,0.72358,1.87,1.10
2015.05.28 10:06:27.872,0.72345,0.72357,1.00,1.65
2015.05.28 10:06:28.755,0.72344,0.72356,1.00,1.50
2015.05.28 10:06:29.313,0.72343,0.72356,1.50,1.50
2015.05.28 10:06:29.821,0.72343,0.72355,1.87,1.50
2015.05.28 10:06:30.025,0.72342,0.72354,3.52,1.00
2015.05.28 10:06:31.355,0.72342,0.72355,1.87,1.00
2015.05.28 10:06:32.246,0.72342,0.72355,1.87,1.12
2015.05.28 10:06:34.405,0.72342,0.72353,1.00,1.00
2015.05.28 10:06:35.336,0.72342,0.72353,1.00,1.12
2015.05.28 10:06:36.128,0.72341,0.72353,1.00,1.20
2015.05.28 10:06:36.993,0.7234,0.72353,2.25,1.20
2015.05.28 10:06:37.531,0.7234,0.72353,2.62,1.10
2015.05.28 10:06:39.077,0.72342,0.72353,1.00,1.10
2015.05.28 10:06:40.603,0.72343,0.72355,1.00,1.95
2015.05.28 10:06:42.285,0.72343,0.72355,1.00,1.95
2015.05.28 10:06:42.589,0.72342,0.72352,1.12,1.00
2015.05.28 10:06:43.298,0.72342,0.7235,1.00,1.00
2015.05.28 10:06:43.360,0.7234,0.7235,1.10,1.00
2015.05.28 10:06:43.513,0.72338,0.7235,1.12,1.12
2015.05.28 10:06:44.023,0.72337,0.7235,1.00,1.20
2015.05.28 10:06:44.494,0.72337,0.7235,1.00,2.25
2015.05.28 10:06:45.076,0.72338,0.7235,2.62,1.12
2015.05.28 10:06:45.711,0.72342,0.72355,2.62,1.57
2015.05.28 10:06:46.241,0.72343,0.72355,1.37,1.27
2015.05.28 10:06:47.334,0.72341,0.7235,1.20,1.00
2015.05.28 10:06:47.487,0.72338,0.7235,2.62,1.00
2015.05.28 10:06:47.994,0.72338,0.7235,1.12,1.20
2015.05.28 10:06:48.722,0.7234,0.72353,2.62,2.25
2015.05.28 10:06:48.824,0.7234,0.72354,3.00,1.95
2015.05.28 10:06:49.340,0.72341,0.72354,1.87,1.12
2015.05.28 10:06:49.695,0.72341,0.72353,1.12,1.12
2015.05.28 10:06:49.797,0.72341,0.72351,1.12,1.00
2015.05.28 10:06:50.325,0.72338,0.72351,1.37,1.47
2015.05.28 10:06:50.644,0.72341,0.72351,1.00,1.47
2015.05.28 10:06:50.797,0.72341,0.72353,1.12,1.50
2015.05.28 10:06:50.898,0.72341,0.72353,1.20,1.00
2015.05.28 10:06:52.269,0.72342,0.72353,1.00,1.00
2015.05.28 10:06:55.322,0.72341,0.72353,1.20,1.00
2015.05.28 10:06:57.921,0.72342,0.72353,1.00,1.00
2015.05.28 10:06:58.750,0.72342,0.72354,1.50,1.10
2015.05.28 10:07:00.449,0.72342,0.72353,1.50,1.00
2015.05.28 10:07:04.366,0.72342,0.72354,1.00,1.20
2015.05.28 10:07:05.895,0.72342,0.72354,1.37,2.32
2015.05.28 10:07:06.098,0.72348,0.72359,1.00,4.95
2015.05.28 10:07:07.302,0.72346,0.72358,1.00,1.10
2015.05.28 10:07:07.811,0.7235,0.72358,1.37,1.57
2015.05.28 10:07:08.065,0.72352,0.72363,1.37,1.12
2015.05.28 10:07:08.167,0.72352,0.72362,1.12,1.00
2015.05.28 10:07:08.372,0.72348,0.72361,2.32,1.00
2015.05.28 10:07:08.424,0.72348,0.72361,1.57,1.00
2015.05.28 10:07:09.012,0.72348,0.72361,1.00,1.20
2015.05.28 10:07:09.469,0.72347,0.72357,1.00,1.00
2015.05.28 10:07:09.571,0.72347,0.72359,1.00,3.00
2015.05.28 10:07:09.825,0.72352,0.72359,1.37,3.00
2015.05.28 10:07:10.294,0.7235,0.7236,1.37,1.00
2015.05.28 10:07:10.346,0.7235,0.72362,1.12,1.12
2015.05.28 10:07:10.620,0.72348,0.72361,1.50,1.10
2015.05.28 10:07:11.121,0.72348,0.7236,1.00,1.00
2015.05.28 10:07:11.800,0.72352,0.72362,1.37,1.12
2015.05.28 10:07:11.902,0.72352,0.72364,1.87,1.12
2015.05.28 10:07:12.258,0.7235,0.72361,1.00,1.00
2015.05.28 10:07:12.665,0.72348,0.72361,1.00,1.57
2015.05.28 10:07:13.334,0.72349,0.72361,1.37,1.57
2015.05.28 10:07:13.598,0.72353,0.72364,1.37,1.50
2015.05.28 10:07:13.649,0.72354,0.72363,1.00,1.00
2015.05.28 10:07:13.750,0.72352,0.72362,1.00,1.00
2015.05.28 10:07:13.903,0.72349,0.72361,1.95,1.50
2015.05.28 10:07:14.106,0.72348,0.72361,1.10,1.50
2015.05.28 10:07:14.834,0.72347,0.7236,2.70,1.10
2015.05.28 10:07:15.202,0.7235,0.7236,1.00,1.10
2015.05.28 10:07:15.507,0.72353,0.72364,3.00,1.87
2015.05.28 10:07:15.559,0.72355,0.72366,1.37,1.57
2015.05.28 10:07:15.661,0.72355,0.72368,1.00,3.07
2015.05.28 10:07:17.110,0.72349,0.72362,1.00,2.62
2015.05.28 10:07:17.592,0.72352,0.72364,1.00,1.07
2015.05.28 10:07:17.899,0.72356,0.72369,1.50,2.62
2015.05.28 10:07:18.204,0.72355,0.72369,3.45,1.57
2015.05.28 10:07:18.737,0.72355,0.72368,1.57,1.00
2015.05.28 10:07:19.198,0.72354,0.72366,1.57,1.50
2015.05.28 10:07:19.707,0.72352,0.72365,2.70,1.00
2015.05.28 10:07:19.809,0.72352,0.72365,1.65,1.95
2015.05.28 10:07:20.587,0.72352,0.72365,2.70,1.10
2015.05.28 10:07:21.096,0.72355,0.72368,3.07,1.57
2015.05.28 10:07:21.601,0.72354,0.72367,1.20,2.32
2015.05.28 10:07:22.106,0.72354,0.72367,1.10,2.62
2015.05.28 10:07:24.322,0.72354,0.72367,1.57,1.87
2015.05.28 10:07:25.218,0.72356,0.72365,1.00,1.00
2015.05.28 10:07:25.324,0.72352,0.72365,1.57,1.00
2015.05.28 10:07:25.831,0.72352,0.72364,1.57,1.12
2015.05.28 10:07:27.082,0.72352,0.72364,1.50,2.62
2015.05.28 10:07:27.235,0.7235,0.72362,1.10,2.25
2015.05.28 10:07:27.742,0.7235,0.72362,1.00,3.45
2015.05.28 10:07:28.198,0.7235,0.72359,1.00,1.00
2015.05.28 10:07:28.721,0.72347,0.72359,1.10,1.00
2015.05.28 10:07:29.078,0.72346,0.72357,1.57,1.00
2015.05.28 10:07:29.588,0.72348,0.72358,1.75,1.00
2015.05.28 10:07:30.734,0.72352,0.72358,1.00,1.20
2015.05.28 10:07:30.786,0.72345,0.72357,1.00,1.57
2015.05.28 10:07:31.395,0.72345,0.72356,1.00,1.00
2015.05.28 10:07:31.965,0.72343,0.72356,1.00,1.95
2015.05.28 10:07:32.271,0.72339,0.72346,3.00,1.37
2015.05.28 10:07:32.323,0.72334,0.72345,3.75,1.57
2015.05.28 10:07:32.476,0.72332,0.72344,1.00,1.10
2015.05.28 10:07:33.996,0.72331,0.72345,1.00,3.45
2015.05.28 10:07:34.098,0.7233,0.72343,1.57,2.62
2015.05.28 10:07:34.654,0.72329,0.72339,1.00,2.62
2015.05.28 10:07:34.706,0.72327,0.72339,1.50,1.87
2015.05.28 10:07:34.757,0.7233,0.72339,1.00,1.12
2015.05.28 10:07:34.911,0.72332,0.72344,1.00,1.87
2015.05.28 10:07:35.115,0.72334,0.72346,1.00,1.12
2015.05.28 10:07:35.624,0.72334,0.72347,2.70,1.37
2015.05.28 10:07:36.098,0.72338,0.72348,1.47,1.50
2015.05.28 10:07:36.149,0.72338,0.72351,2.70,1.47
2015.05.28 10:07:36.657,0.72338,0.72351,2.70,1.87
2015.05.28 10:07:37.763,0.72337,0.72349,1.10,1.00
2015.05.28 10:07:38.576,0.72339,0.72349,1.00,1.57
2015.05.28 10:07:38.830,0.72343,0.72356,1.12,4.57
2015.05.28 10:07:39.336,0.72341,0.72352,1.37,2.25
2015.05.28 10:07:39.387,0.72339,0.72351,4.20,1.00
2015.05.28 10:07:39.539,0.72338,0.72349,1.20,1.00
2015.05.28 10:07:39.849,0.72336,0.72349,1.10,1.00
2015.05.28 10:07:40.881,0.72336,0.72349,1.47,1.00
2015.05.28 10:07:40.932,0.72338,0.72348,2.25,1.00
2015.05.28 10:07:41.085,0.72337,0.72348,1.57,1.00
2015.05.28 10:07:41.136,0.72337,0.72349,2.32,1.87
2015.05.28 10:07:41.390,0.72336,0.7235,5.25,2.62
2015.05.28 10:07:42.766,0.7234,0.72349,1.20,1.00
2015.05.28 10:07:43.072,0.72335,0.72341,1.12,1.00
2015.05.28 10:07:43.174,0.7233,0.72341,1.12,1.50
2015.05.28 10:07:43.226,0.7233,0.72336,1.12,1.00
2015.05.28 10:07:43.277,0.72328,0.72336,1.12,1.00
2015.05.28 10:07:43.379,0.72327,0.72336,1.20,1.00
2015.05.28 10:07:43.938,0.72329,0.72336,1.00,1.00
2015.05.28 10:07:43.989,0.72331,0.72339,1.00,1.50
2015.05.28 10:07:44.193,0.72331,0.72342,2.25,1.20
2015.05.28 10:07:44.702,0.72331,0.72341,1.20,1.00
2015.05.28 10:07:45.312,0.72329,0.72338,1.10,1.00
2015.05.28 10:07:45.757,0.72331,0.72338,1.50,1.00
2015.05.28 10:07:45.859,0.72331,0.72341,1.87,1.00
2015.05.28 10:07:45.910,0.72332,0.72341,1.37,1.00
2015.05.28 10:07:46.012,0.72332,0.72343,2.25,1.10
2015.05.28 10:07:46.317,0.72334,0.72338,1.00,1.00
2015.05.28 10:07:46.774,0.7233,0.72338,1.12,1.00
2015.05.28 10:07:47.029,0.72328,0.72337,1.50,1.00
2015.05.28 10:07:47.283,0.72328,0.72339,1.50,1.00
2015.05.28 10:07:47.334,0.7233,0.72339,1.87,1.50
2015.05.28 10:07:47.487,0.72334,0.72342,1.12,1.00
2015.05.28 10:07:47.639,0.72334,0.72345,1.00,1.12
2015.05.28 10:07:47.742,0.72334,0.72343,1.20,1.00
2015.05.28 10:07:48.347,0.72334,0.72343,1.20,1.00
2015.05.28 10:07:48.804,0.72334,0.72345,1.20,1.00
2015.05.28 10:07:49.180,0.72338,0.72347,1.37,1.37
2015.05.28 10:07:49.234,0.72338,0.72349,1.37,1.87
2015.05.28 10:07:49.817,0.72338,0.72348,1.37,1.00
2015.05.28 10:07:50.325,0.72338,0.72347,1.00,1.00
2015.05.28 10:07:51.224,0.72338,0.72346,1.00,1.00
2015.05.28 10:07:51.773,0.72338,0.72348,1.00,1.00
2015.05.28 10:07:51.824,0.72341,0.72348,1.37,1.00
2015.05.28 10:07:52.030,0.72341,0.72351,1.37,1.50
2015.05.28 10:07:52.132,0.72341,0.72347,1.47,1.00
2015.05.28 10:07:52.183,0.72338,0.72347,1.12,1.00
2015.05.28 10:07:52.683,0.72338,0.72344,1.12,1.00
2015.05.28 10:07:52.734,0.72336,0.72344,1.20,1.00
2015.05.28 10:07:53.242,0.72336,0.72342,1.00,1.00
2015.05.28 10:07:54.994,0.72336,0.72343,1.00,1.00
2015.05.28 10:07:55.500,0.72336,0.72342,1.00,1.00
2015.05.28 10:07:55.855,0.72334,0.72345,1.37,1.00
2015.05.28 10:07:56.507,0.72336,0.72346,1.37,1.00
2015.05.28 10:07:56.564,0.72338,0.72349,1.37,1.12
2015.05.28 10:07:57.284,0.72338,0.72348,1.37,1.00
2015.05.28 10:07:57.335,0.72338,0.72348,1.00,1.00
2015.05.28 10:07:57.387,0.72338,0.72346,1.00,1.00
2015.05.28 10:07:59.055,0.7234,0.7235,1.50,1.00
2015.05.28 10:07:59.106,0.7234,0.7235,1.87,1.00
2015.05.28 10:07:59.637,0.72338,0.72348,1.37,1.00
2015.05.28 10:07:59.689,0.72337,0.72348,1.50,1.00
2015.05.28 10:08:00.211,0.72337,0.72347,1.00,1.00
2015.05.28 10:08:00.414,0.72335,0.72347,1.12,1.50
2015.05.28 10:08:00.789,0.72339,0.72347,1.00,1.50
2015.05.28 10:08:01.332,0.7234,0.72344,1.12,1.00
2015.05.28 10:08:01.392,0.72332,0.72342,1.50,1.50
2015.05.28 10:08:01.900,0.72334,0.72343,1.37,1.00
2015.05.28 10:08:02.053,0.72334,0.72345,1.12,1.00
2015.05.28 10:08:02.686,0.72341,0.72348,1.75,1.00
2015.05.28 10:08:02.738,0.72341,0.7235,1.75,1.00
2015.05.28 10:08:02.844,0.72339,0.72349,1.50,1.00
2015.05.28 10:08:03.048,0.72337,0.72347,1.20,1.00
2015.05.28 10:08:04.086,0.72336,0.72347,1.00,1.00
2015.05.28 10:08:06.200,0.72336,0.72346,1.00,1.00
2015.05.28 10:08:06.792,0.72336,0.72344,1.00,1.00
2015.05.28 10:08:07.099,0.72334,0.72342,1.00,1.00
2015.05.28 10:08:07.151,0.72334,0.72345,1.00,1.00
2015.05.28 10:08:07.671,0.72334,0.72343,1.37,1.00
2015.05.28 10:08:07.927,0.72334,0.72345,1.00,1.12
2015.05.28 10:08:08.805,0.72334,0.72343,1.00,1.00
2015.05.28 10:08:09.647,0.72334,0.72345,1.00,1.00
2015.05.28 10:08:10.206,0.72334,0.72346,1.12,1.50
2015.05.28 10:08:10.308,0.72334,0.72344,1.00,1.00
2015.05.28 10:08:11.807,0.72338,0.72344,1.50,1.00
2015.05.28 10:08:11.961,0.72341,0.72351,1.37,1.10
2015.05.28 10:08:12.253,0.72338,0.72347,1.50,1.00
2015.05.28 10:08:12.355,0.72336,0.72347,1.00,1.50
2015.05.28 10:08:12.926,0.72336,0.72346,1.00,1.00
2015.05.28 10:08:14.610,0.7234,0.72347,1.00,1.00
2015.05.28 10:08:14.817,0.72338,0.72347,1.10,1.00
2015.05.28 10:08:16.712,0.72338,0.72346,1.00,1.00
2015.05.28 10:08:17.998,0.72339,0.72349,1.37,1.87
2015.05.28 10:08:18.354,0.72339,0.72347,1.12,1.00
2015.05.28 10:08:18.994,0.72337,0.72347,1.12,1.00
2015.05.28 10:08:19.515,0.72343,0.72349,1.37,1.50
2015.05.28 10:08:19.567,0.72343,0.72354,1.87,1.00
2015.05.28 10:08:20.084,0.72343,0.72353,1.87,1.00
2015.05.28 10:08:21.970,0.72343,0.72351,1.00,1.00
2015.05.28 10:08:22.428,0.72343,0.72353,1.37,1.00
2015.05.28 10:08:23.809,0.72345,0.72353,1.00,1.00
2015.05.28 10:08:23.860,0.72345,0.72355,1.37,1.00
2015.05.28 10:08:24.499,0.72344,0.72356,1.95,1.00
2015.05.28 10:08:24.987,0.72344,0.72353,1.87,1.00
2015.05.28 10:08:25.513,0.72344,0.72355,1.87,1.00
2015.05.28 10:08:26.489,0.72343,0.72354,1.37,1.00
2015.05.28 10:08:26.794,0.72341,0.72354,1.95,2.62
2015.05.28 10:08:28.546,0.72341,0.72354,1.87,1.87
2015.05.28 10:08:28.699,0.72343,0.72357,3.00,1.00
2015.05.28 10:08:29.808,0.72346,0.72353,1.00,1.00
2015.05.28 10:08:29.860,0.72342,0.72353,1.12,1.00
2015.05.28 10:08:30.474,0.72341,0.72353,1.12,2.25
2015.05.28 10:08:31.265,0.72341,0.7235,1.12,1.00
2015.05.28 10:08:31.469,0.72335,0.72346,1.12,2.10
2015.05.28 10:08:31.520,0.72337,0.72347,1.00,2.10
2015.05.28 10:08:31.623,0.72337,0.72349,1.00,1.50
2015.05.28 10:08:31.725,0.7234,0.72351,1.00,1.57
2015.05.28 10:08:32.377,0.7234,0.72352,1.50,1.00
2015.05.28 10:08:32.437,0.72341,0.72354,1.00,1.87
2015.05.28 10:08:32.844,0.72341,0.72355,1.87,1.00
2015.05.28 10:08:33.712,0.72344,0.72355,1.37,1.00
2015.05.28 10:08:34.234,0.72344,0.72355,1.12,1.50
2015.05.28 10:08:35.153,0.72344,0.72354,1.00,1.00
2015.05.28 10:08:35.665,0.72342,0.72354,1.00,1.00
2015.05.28 10:08:36.174,0.72341,0.72353,1.00,1.00
2015.05.28 10:08:38.238,0.72345,0.72355,1.37,1.87
2015.05.28 10:08:38.748,0.72345,0.72356,1.87,1.12
2015.05.28 10:08:39.203,0.72344,0.72356,1.00,1.50
2015.05.28 10:08:43.018,0.72346,0.72356,1.50,1.00
2015.05.28 10:08:43.477,0.72349,0.72358,1.95,1.00
2015.05.28 10:08:43.537,0.72351,0.72364,1.00,2.25
2015.05.28 10:08:44.080,0.7235,0.72363,1.87,1.00
2015.05.28 10:08:44.781,0.7235,0.72362,1.87,1.00
2015.05.28 10:08:45.315,0.72352,0.72362,1.50,1.12
2015.05.28 10:08:45.620,0.72352,0.72364,1.00,1.00
2015.05.28 10:08:45.874,0.7235,0.72363,1.95,1.50
2015.05.28 10:08:46.886,0.7235,0.72361,1.10,1.00
2015.05.28 10:08:47.340,0.72353,0.72361,1.00,1.00
2015.05.28 10:08:47.884,0.7235,0.72363,1.12,3.00
2015.05.28 10:08:47.935,0.7235,0.72361,1.12,1.50
2015.05.28 10:08:48.272,0.72349,0.72354,1.12,1.00
2015.05.28 10:08:48.324,0.72345,0.72354,4.12,1.00
2015.05.28 10:08:48.375,0.72345,0.72354,3.00,1.00
2015.05.28 10:08:48.477,0.72343,0.72354,1.00,1.50
2015.05.28 10:08:49.206,0.72343,0.72355,1.00,1.12
2015.05.28 10:08:50.714,0.72341,0.72353,2.32,1.00
2015.05.28 10:08:51.119,0.72342,0.72355,1.87,1.00
2015.05.28 10:08:51.429,0.72345,0.72359,1.87,3.52
2015.05.28 10:08:52.090,0.72346,0.72359,1.37,1.12
2015.05.28 10:08:52.191,0.72347,0.72361,2.25,2.32
2015.05.28 10:08:52.904,0.72349,0.7236,1.00,1.00
2015.05.28 10:08:55.413,0.72349,0.72362,1.00,1.50
2015.05.28 10:08:56.033,0.72351,0.72362,1.00,1.50
2015.05.28 10:08:56.084,0.72349,0.72362,1.00,1.50
2015.05.28 10:08:56.389,0.72347,0.7236,2.62,1.00
2015.05.28 10:08:56.695,0.72346,0.72358,1.00,3.00
2015.05.28 10:08:56.847,0.72344,0.72358,1.87,3.00
2015.05.28 10:08:56.899,0.72344,0.72356,1.87,1.00
2015.05.28 10:08:57.436,0.72344,0.72355,1.12,1.50
2015.05.28 10:08:58.150,0.72347,0.72357,1.37,1.00
2015.05.28 10:08:58.201,0.72347,0.72359,1.37,3.00
2015.05.28 10:08:58.354,0.72346,0.72359,1.87,1.95
2015.05.28 10:08:58.905,0.72346,0.72359,1.00,1.00
2015.05.28 10:09:01.327,0.7235,0.7236,1.87,1.50
2015.05.28 10:09:01.479,0.72351,0.72362,1.37,1.50
2015.05.28 10:09:01.582,0.72351,0.72362,1.50,1.37
2015.05.28 10:09:02.206,0.72349,0.72362,1.00,1.50
2015.05.28 10:09:02.715,0.72348,0.72362,1.87,2.25
2015.05.28 10:09:03.479,0.72349,0.72361,1.00,1.00
2015.05.28 10:09:03.534,0.72349,0.72361,1.87,1.00
2015.05.28 10:09:03.636,0.72349,0.72363,1.50,2.25
2015.05.28 10:09:03.687,0.72349,0.72361,1.12,1.00
2015.05.28 10:09:04.208,0.72348,0.7236,1.00,1.00
2015.05.28 10:09:05.378,0.72352,0.72364,1.00,2.62
2015.05.28 10:09:05.633,0.7235,0.72363,1.12,1.50
2015.05.28 10:09:05.937,0.72348,0.72362,1.50,1.50
2015.05.28 10:09:06.640,0.72348,0.72361,1.00,1.50
2015.05.28 10:09:08.462,0.72348,0.72361,1.37,1.50
2015.05.28 10:09:09.184,0.72349,0.72362,2.25,2.62
2015.05.28 10:09:09.286,0.72351,0.72362,1.00,2.62
2015.05.28 10:09:09.897,0.72349,0.72362,1.50,2.25
2015.05.28 10:09:10.405,0.72349,0.72361,1.00,1.50
2015.05.28 10:09:10.973,0.72347,0.7236,1.87,1.00
2015.05.28 10:09:11.024,0.7235,0.7236,1.00,1.00
2015.05.28 10:09:11.781,0.72349,0.72361,1.00,3.00
2015.05.28 10:09:12.805,0.7235,0.72361,1.50,1.50
2015.05.28 10:09:13.444,0.72353,0.72365,2.25,1.50
2015.05.28 10:09:13.546,0.72353,0.72365,2.25,1.50
2015.05.28 10:09:13.902,0.72353,0.72363,1.00,1.00
2015.05.28 10:09:14.004,0.72351,0.72363,1.00,1.87
2015.05.28 10:09:14.258,0.72348,0.72354,1.50,1.00
2015.05.28 10:09:14.360,0.72344,0.72352,1.87,1.00
2015.05.28 10:09:14.461,0.72342,0.72355,1.87,2.25
2015.05.28 10:09:15.049,0.72341,0.72355,1.50,3.37
2015.05.28 10:09:15.101,0.72341,0.72352,1.12,1.00
2015.05.28 10:09:15.966,0.7234,0.72352,1.50,1.00
2015.05.28 10:09:16.713,0.72341,0.72354,1.00,1.50
2015.05.28 10:09:16.917,0.72343,0.72354,1.00,1.00
2015.05.28 10:09:18.489,0.72345,0.72358,1.50,2.32
2015.05.28 10:09:18.590,0.72346,0.72358,1.37,1.50
2015.05.28 10:09:18.844,0.72345,0.72355,2.25,1.00
2015.05.28 10:09:18.997,0.72343,0.72352,1.12,1.00
2015.05.28 10:09:19.098,0.72341,0.72352,1.20,1.00
2015.05.28 10:09:22.604,0.72341,0.72352,1.37,1.00
2015.05.28 10:09:23.885,0.72341,0.72353,1.37,1.12
2015.05.28 10:09:27.216,0.72342,0.72354,1.50,1.00
2015.05.28 10:09:28.629,0.72343,0.72354,1.87,1.00
2015.05.28 10:09:28.832,0.72343,0.72355,1.50,1.00
2015.05.28 10:09:29.086,0.72342,0.72354,2.62,1.00
2015.05.28 10:09:29.640,0.72342,0.72354,2.25,1.50
2015.05.28 10:09:30.629,0.72344,0.72355,1.37,1.00
2015.05.28 10:09:31.958,0.72347,0.72356,1.00,1.00
2015.05.28 10:09:32.263,0.72344,0.72355,1.50,1.00
2015.05.28 10:09:32.771,0.72343,0.72354,1.87,1.00
2015.05.28 10:09:33.511,0.72341,0.72351,1.37,1.00
2015.05.28 10:09:33.562,0.72339,0.72351,1.50,1.00
2015.05.28 10:09:33.614,0.72339,0.72349,1.50,1.00
2015.05.28 10:09:34.122,0.72336,0.72346,1.20,1.00
2015.05.28 10:09:34.275,0.72333,0.72344,4.20,1.00
2015.05.28 10:09:34.835,0.72333,0.72346,1.37,1.50
2015.05.28 10:09:34.937,0.72336,0.72348,1.00,1.00
2015.05.28 10:09:35.243,0.72339,0.72351,1.37,1.50
2015.05.28 10:09:35.975,0.72341,0.72351,1.10,1.00
2015.05.28 10:09:36.027,0.72341,0.72353,1.10,1.00
2015.05.28 10:09:39.254,0.72341,0.72351,1.00,1.50
2015.05.28 10:09:39.312,0.72337,0.72349,1.00,1.50
2015.05.28 10:09:39.820,0.72336,0.72349,1.50,1.00
2015.05.28 10:09:41.324,0.7234,0.72351,1.00,1.00
2015.05.28 10:09:41.993,0.72343,0.72352,1.12,1.00
2015.05.28 10:09:42.048,0.72339,0.7235,1.12,1.00
2015.05.28 10:09:43.012,0.72341,0.72351,1.00,1.00
2015.05.28 10:09:44.153,0.72343,0.72355,1.37,1.50
2015.05.28 10:09:44.205,0.72346,0.72357,2.25,1.00
2015.05.28 10:09:45.023,0.72349,0.72359,1.00,1.00
2015.05.28 10:09:45.668,0.72349,0.72363,2.25,2.25
2015.05.28 10:09:46.189,0.7235,0.72363,1.00,3.75
2015.05.28 10:09:46.978,0.7235,0.72362,1.00,1.00
2015.05.28 10:09:49.331,0.7235,0.72361,1.00,1.00
2015.05.28 10:09:49.531,0.72349,0.72359,1.87,1.00
2015.05.28 10:09:50.040,0.72348,0.72357,1.50,1.00
2015.05.28 10:09:50.602,0.72346,0.72357,1.75,1.37
2015.05.28 10:09:50.653,0.72347,0.72358,1.87,1.87
2015.05.28 10:09:51.765,0.72347,0.72358,1.37,1.37
2015.05.28 10:09:51.867,0.72347,0.72351,1.12,1.00
2015.05.28 10:09:52.529,0.72338,0.72348,1.12,1.00
2015.05.28 10:09:53.049,0.72337,0.72345,1.37,1.00
2015.05.28 10:09:53.102,0.72336,0.72345,1.00,1.00
2015.05.28 10:09:53.204,0.72334,0.72346,2.70,1.50
2015.05.28 10:09:53.667,0.72336,0.72347,1.00,1.00
2015.05.28 10:09:54.174,0.72336,0.72348,1.50,1.50
2015.05.28 10:09:55.466,0.72338,0.72351,1.50,1.57
2015.05.28 10:09:56.267,0.72338,0.72352,3.37,1.57
2015.05.28 10:10:02.104,0.72341,0.72352,1.00,1.00
2015.05.28 10:10:02.358,0.72343,0.72356,1.00,1.57
2015.05.28 10:10:02.611,0.72344,0.72356,1.50,1.10
2015.05.28 10:10:03.612,0.72344,0.72356,1.87,1.37
2015.05.28 10:10:04.119,0.72341,0.72354,1.00,1.87
2015.05.28 10:10:04.171,0.7234,0.72352,1.57,1.00
2015.05.28 10:10:04.919,0.72339,0.72352,1.50,1.50
2015.05.28 10:10:05.236,0.72342,0.72352,1.00,1.50
2015.05.28 10:10:05.439,0.72343,0.72356,1.37,1.27
2015.05.28 10:10:05.745,0.72342,0.72354,1.10,1.12
2015.05.28 10:10:06.226,0.72341,0.72353,1.20,1.37
2015.05.28 10:10:07.140,0.72343,0.72353,1.00,1.87
2015.05.28 10:10:08.210,0.72348,0.72354,1.37,1.37
2015.05.28 10:10:08.262,0.7235,0.72361,1.12,1.12
2015.05.28 10:10:08.466,0.72348,0.72359,1.00,1.00
2015.05.28 10:10:08.975,0.72347,0.72358,1.00,2.25
2015.05.28 10:10:11.384,0.7235,0.72362,1.00,1.10
2015.05.28 10:10:11.893,0.72348,0.72361,3.37,1.00
2015.05.28 10:10:12.416,0.72348,0.72361,1.00,3.37
2015.05.28 10:10:12.875,0.72347,0.72358,1.10,1.50
2015.05.28 10:10:12.978,0.72344,0.72357,1.00,1.50
2015.05.28 10:10:13.480,0.72343,0.72356,1.00,1.00
2015.05.28 10:10:14.253,0.72344,0.72356,1.00,1.00
2015.05.28 10:10:14.405,0.72343,0.72354,1.57,1.00
2015.05.28 10:10:15.061,0.72343,0.72353,1.10,1.00
2015.05.28 10:10:15.674,0.72344,0.72356,1.50,1.00
2015.05.28 10:10:15.826,0.72346,0.72357,1.37,1.00
2015.05.28 10:10:16.030,0.72348,0.7236,1.37,1.20
2015.05.28 10:10:16.996,0.7235,0.72361,1.50,1.00
2015.05.28 10:10:18.754,0.72349,0.7236,2.25,1.00
2015.05.28 10:10:18.906,0.72353,0.72361,1.87,1.00
2015.05.28 10:10:19.058,0.72353,0.72364,3.00,1.12
2015.05.28 10:10:19.160,0.72352,0.72362,1.37,1.00
2015.05.28 10:10:19.212,0.72351,0.72362,1.57,1.00
2015.05.28 10:10:19.465,0.72349,0.72362,1.57,1.50
2015.05.28 10:10:20.567,0.72351,0.72362,1.00,1.87
2015.05.28 10:10:20.872,0.72353,0.72366,1.12,2.62
2015.05.28 10:10:21.127,0.72349,0.72362,1.10,1.00
2015.05.28 10:10:21.229,0.72347,0.7236,2.62,1.00
2015.05.28 10:10:22.551,0.7235,0.7236,1.00,1.00
2015.05.28 10:10:22.857,0.72352,0.72358,1.50,1.50
2015.05.28 10:10:22.960,0.7235,0.72357,1.00,1.12
2015.05.28 10:10:23.011,0.7235,0.72354,1.00,1.00
2015.05.28 10:10:23.527,0.72344,0.72354,1.87,2.25
2015.05.28 10:10:23.578,0.7234,0.72353,1.57,1.00
2015.05.28 10:10:24.089,0.7234,0.72352,1.00,1.00
2015.05.28 10:10:24.495,0.72342,0.72352,1.00,1.00
2015.05.28 10:10:25.026,0.72343,0.72355,1.00,1.87
2015.05.28 10:10:25.077,0.72342,0.72353,1.50,1.00
2015.05.28 10:10:25.180,0.7234,0.72352,1.00,1.00
2015.05.28 10:10:25.688,0.72339,0.72352,1.50,1.00
2015.05.28 10:10:28.361,0.72342,0.72352,1.00,1.00
2015.05.28 10:10:28.666,0.72343,0.72353,1.87,1.00
2015.05.28 10:10:28.767,0.72343,0.72356,2.62,1.20
2015.05.28 10:10:29.186,0.72343,0.72356,2.62,1.20
2015.05.28 10:10:29.339,0.72344,0.72357,1.12,1.87
2015.05.28 10:10:29.492,0.72343,0.72355,1.37,1.50
2015.05.28 10:10:29.898,0.72342,0.72355,2.25,1.50
2015.05.28 10:10:30.415,0.7234,0.72352,1.00,1.12
2015.05.28 10:10:30.719,0.72339,0.7235,1.20,1.00
2015.05.28 10:10:32.724,0.72342,0.7235,1.00,1.00
2015.05.28 10:10:32.877,0.72344,0.72353,1.12,1.00
2015.05.28 10:10:33.030,0.72344,0.72355,1.12,1.20
2015.05.28 10:10:33.082,0.72345,0.72356,1.37,1.87
2015.05.28 10:10:33.589,0.72345,0.72356,1.37,1.12
2015.05.28 10:10:33.640,0.72344,0.72355,1.12,1.00
2015.05.28 10:10:34.158,0.72342,0.72355,2.32,1.87
2015.05.28 10:10:34.215,0.72342,0.72352,1.00,1.00
2015.05.28 10:10:34.572,0.7234,0.72351,1.50,1.00
2015.05.28 10:10:35.086,0.72342,0.72351,1.00,1.00
2015.05.28 10:10:35.188,0.72343,0.72355,1.37,1.10
2015.05.28 10:10:35.710,0.72343,0.72355,1.50,1.10
2015.05.28 10:10:36.235,0.72345,0.72356,1.37,1.12
2015.05.28 10:10:36.744,0.72342,0.72355,1.50,1.12
2015.05.28 10:10:36.795,0.72342,0.72355,1.12,1.12
2015.05.28 10:10:37.395,0.7234,0.72353,1.00,1.12
2015.05.28 10:10:37.701,0.72339,0.72351,1.00,1.00
2015.05.28 10:10:38.006,0.72343,0.72353,1.50,1.87
2015.05.28 10:10:38.312,0.72356,0.72366,1.00,1.10
2015.05.28 10:10:38.363,0.72356,0.72366,1.37,1.10
2015.05.28 10:10:39.156,0.72352,0.72365,2.25,1.00
2015.05.28 10:10:39.562,0.72352,0.72365,1.87,1.00
2015.05.28 10:10:40.423,0.72353,0.72365,1.00,1.00
2015.05.28 10:10:40.912,0.72355,0.72367,1.87,1.50
2015.05.28 10:10:41.216,0.72355,0.72367,2.25,1.50
2015.05.28 10:10:41.870,0.72355,0.72367,1.87,1.50
2015.05.28 10:10:42.455,0.72354,0.72366,1.12,1.00
2015.05.28 10:10:42.980,0.72353,0.72365,1.57,1.00
2015.05.28 10:10:44.611,0.72355,0.72367,1.37,1.12
2015.05.28 10:10:45.390,0.72355,0.72367,1.10,1.12
2015.05.28 10:10:45.441,0.72354,0.72365,1.50,1.00
2015.05.28 10:10:46.205,0.72354,0.72365,1.12,1.00
2015.05.28 10:10:54.167,0.72354,0.72366,1.12,1.12
2015.05.28 10:10:58.484,0.72354,0.72365,1.87,1.00
2015.05.28 10:10:58.586,0.72352,0.72364,1.00,1.00
2015.05.28 10:10:58.637,0.72351,0.72362,1.10,1.50
2015.05.28 10:10:59.146,0.7235,0.72361,1.00,1.00
2015.05.28 10:11:00.303,0.7235,0.7236,1.00,2.10
2015.05.28 10:11:01.017,0.72348,0.72358,1.37,2.47
2015.05.28 10:11:01.323,0.72351,0.72363,1.12,1.50
2015.05.28 10:11:01.374,0.72349,0.72361,1.87,1.00
2015.05.28 10:11:01.476,0.72348,0.72359,1.00,1.00
2015.05.28 10:11:01.629,0.72346,0.72357,3.37,1.00
2015.05.28 10:11:02.462,0.72346,0.72357,1.50,1.00
2015.05.28 10:11:03.300,0.72353,0.72357,1.87,1.00
2015.05.28 10:11:03.402,0.72353,0.72364,2.62,3.00
2015.05.28 10:11:03.669,0.72353,0.72364,1.00,3.00
2015.05.28 10:11:04.170,0.72347,0.72359,1.00,3.60
2015.05.28 10:11:04.634,0.72344,0.72357,2.25,2.10
2015.05.28 10:11:04.887,0.72344,0.72355,1.00,1.00
2015.05.28 10:11:05.503,0.72353,0.72359,1.37,1.10
2015.05.28 10:11:05.554,0.72353,0.72363,1.37,1.50
2015.05.28 10:11:05.605,0.72353,0.72362,1.00,1.00
2015.05.28 10:11:05.656,0.7235,0.72362,1.00,1.00
2015.05.28 10:11:05.910,0.72349,0.7236,1.00,1.35
2015.05.28 10:11:06.218,0.72347,0.72358,1.00,1.00
2015.05.28 10:11:06.918,0.72345,0.72358,1.12,2.85
2015.05.28 10:11:07.565,0.72353,0.72358,1.00,1.00
2015.05.28 10:11:07.768,0.72353,0.72365,3.37,4.57
2015.05.28 10:11:08.898,0.72351,0.72361,3.00,1.00
2015.05.28 10:11:08.955,0.72349,0.72361,3.75,1.35
2015.05.28 10:11:09.470,0.72349,0.72361,1.00,2.85
2015.05.28 10:11:09.775,0.72349,0.72362,1.00,1.00
2015.05.28 10:11:10.282,0.7235,0.72362,1.00,1.00
2015.05.28 10:11:10.738,0.72349,0.72361,1.20,2.10
2015.05.28 10:11:11.202,0.72347,0.7236,2.62,2.10
2015.05.28 10:11:11.327,0.72347,0.7236,2.62,3.60
2015.05.28 10:11:11.828,0.72347,0.7236,2.62,1.50
2015.05.28 10:11:12.985,0.72348,0.7236,1.00,1.35
2015.05.28 10:11:14.973,0.72349,0.72362,1.00,2.47
2015.05.28 10:11:15.521,0.7235,0.72362,1.00,1.35
2015.05.28 10:11:15.724,0.72351,0.72362,1.37,1.35
2015.05.28 10:11:16.294,0.72351,0.72363,1.87,1.30
2015.05.28 10:11:16.866,0.72353,0.72365,1.37,1.50
2015.05.28 10:11:17.171,0.72357,0.72368,1.50,2.85
2015.05.28 10:11:17.222,0.72357,0.72368,1.50,1.50
2015.05.28 10:11:17.729,0.72357,0.72368,1.50,1.12
2015.05.28 10:11:18.606,0.72357,0.72368,1.00,1.00
2015.05.28 10:11:18.708,0.72354,0.72367,2.25,2.85
2015.05.28 10:11:19.114,0.72352,0.72365,3.00,2.47
2015.05.28 10:11:20.411,0.72356,0.72365,1.00,1.00
2015.05.28 10:11:21.894,0.72355,0.72365,1.12,2.47
2015.05.28 10:11:22.401,0.72354,0.72365,1.37,1.72
2015.05.28 10:11:22.706,0.72359,0.72367,1.00,3.97
2015.05.28 10:11:22.757,0.72359,0.72368,1.00,1.80
2015.05.28 10:11:22.808,0.72361,0.72368,1.00,1.05
2015.05.28 10:11:23.062,0.72362,0.72373,1.00,1.95
2015.05.28 10:11:23.215,0.72364,0.72373,1.00,2.25
2015.05.28 10:11:23.740,0.72363,0.72372,1.00,1.00
2015.05.28 10:11:24.009,0.7236,0.72371,1.50,1.00
2015.05.28 10:11:25.282,0.72362,0.72371,1.00,1.00
2015.05.28 10:11:25.587,0.72366,0.72373,1.00,2.25
2015.05.28 10:11:25.893,0.7237,0.72377,1.12,1.20
2015.05.28 10:11:26.322,0.72366,0.72374,1.00,1.00
2015.05.28 10:11:26.424,0.72363,0.72374,1.00,1.50
2015.05.28 10:11:26.859,0.72361,0.72374,1.87,3.37
2015.05.28 10:11:26.961,0.72361,0.72372,1.12,1.00
2015.05.28 10:11:28.613,0.72361,0.72373,1.00,1.35
2015.05.28 10:11:29.594,0.72367,0.72373,1.00,1.00
2015.05.28 10:11:29.645,0.72367,0.72375,1.00,3.97
2015.05.28 10:11:29.746,0.72367,0.72375,1.00,1.57
2015.05.28 10:11:29.898,0.72367,0.72377,1.12,2.17
2015.05.28 10:11:30.354,0.72367,0.72378,1.50,1.87
2015.05.28 10:11:30.814,0.72364,0.72375,1.50,1.00
2015.05.28 10:11:31.352,0.72362,0.72375,1.87,2.25
2015.05.28 10:11:31.403,0.7236,0.72373,2.70,1.00
2015.05.28 10:11:32.698,0.7236,0.72369,1.00,1.00
2015.05.28 10:11:32.749,0.72358,0.72369,1.00,1.50
2015.05.28 10:11:33.314,0.7236,0.72369,1.00,1.00
2015.05.28 10:11:33.568,0.72363,0.72374,1.00,1.57
2015.05.28 10:11:34.040,0.7236,0.72372,1.87,1.00
2015.05.28 10:11:35.039,0.72356,0.72369,4.87,1.00
2015.05.28 10:11:35.547,0.72355,0.72367,1.47,1.50
2015.05.28 10:11:35.801,0.72357,0.7237,1.00,2.25
2015.05.28 10:11:36.319,0.72358,0.7237,2.25,1.00
2015.05.28 10:11:36.807,0.7236,0.72373,1.50,2.25
2015.05.28 10:11:38.092,0.72362,0.72373,1.00,1.00
2015.05.28 10:11:38.143,0.72363,0.72376,1.50,1.00
2015.05.28 10:11:38.600,0.72362,0.72375,1.00,3.22
2015.05.28 10:11:38.930,0.72361,0.72372,1.00,1.00
2015.05.28 10:11:39.897,0.72362,0.72372,2.25,1.00
2015.05.28 10:11:39.948,0.72365,0.72376,1.00,1.75
2015.05.28 10:11:40.456,0.72365,0.72377,1.37,2.55
2015.05.28 10:11:41.315,0.72365,0.72375,1.12,1.00
2015.05.28 10:11:41.368,0.72369,0.72382,1.50,1.12
2015.05.28 10:11:41.419,0.72371,0.72382,1.00,1.12
2015.05.28 10:11:41.931,0.7237,0.72382,1.00,1.00
2015.05.28 10:11:44.471,0.72376,0.72385,1.12,1.72
2015.05.28 10:11:44.522,0.72376,0.72389,1.87,3.00
2015.05.28 10:11:44.675,0.72375,0.72386,2.70,1.00
2015.05.28 10:11:44.828,0.72374,0.72385,1.10,2.85
2015.05.28 10:11:44.879,0.72373,0.72384,1.20,1.60
2015.05.28 10:11:45.032,0.72372,0.72383,3.00,1.35
2015.05.28 10:11:45.758,0.7237,0.72382,1.10,1.00
2015.05.28 10:11:46.431,0.72371,0.72382,1.00,1.35
2015.05.28 10:11:46.533,0.72373,0.72383,1.00,1.00
2015.05.28 10:11:46.737,0.72376,0.72387,1.00,1.57
2015.05.28 10:11:47.197,0.72373,0.72385,1.00,1.35
2015.05.28 10:11:47.452,0.72371,0.72384,1.10,1.50
2015.05.28 10:11:48.476,0.72374,0.72385,1.12,1.72
2015.05.28 10:11:48.527,0.72375,0.72387,1.00,1.35
2015.05.28 10:11:48.630,0.72377,0.72388,1.00,1.05
2015.05.28 10:11:49.140,0.72376,0.72389,1.87,1.35
2015.05.28 10:11:49.840,0.72373,0.72387,2.70,2.85
2015.05.28 10:11:50.360,0.72372,0.72386,1.10,2.25
2015.05.28 10:11:51.509,0.72372,0.72385,1.10,1.50
2015.05.28 10:11:51.830,0.72372,0.72386,4.95,2.47
2015.05.28 10:11:51.931,0.72376,0.72388,1.00,1.20
2015.05.28 10:11:53.094,0.72373,0.72385,1.47,1.00
2015.05.28 10:11:53.499,0.72372,0.72385,1.50,1.50
2015.05.28 10:11:54.039,0.72373,0.72384,1.00,1.00
2015.05.28 10:11:54.141,0.72374,0.72384,1.37,1.00
2015.05.28 10:11:54.811,0.72374,0.72386,1.00,1.12
2015.05.28 10:11:54.863,0.72371,0.72385,1.95,1.50
2015.05.28 10:11:57.614,0.72371,0.72384,1.20,1.00
2015.05.28 10:11:58.078,0.72372,0.72385,1.47,3.97
2015.05.28 10:11:58.642,0.72374,0.72387,1.00,4.12
2015.05.28 10:11:58.947,0.72371,0.72383,1.87,1.00
2015.05.28 10:11:59.462,0.72371,0.72384,1.20,1.50
2015.05.28 10:12:00.338,0.72376,0.72388,1.87,1.10
2015.05.28 10:12:00.643,0.72378,0.72389,1.00,3.75
2015.05.28 10:12:00.745,0.72376,0.72389,1.00,1.50
2015.05.28 10:12:01.688,0.72375,0.72382,1.57,2.10
2015.05.28 10:12:01.791,0.72376,0.72384,1.00,1.00
2015.05.28 10:12:01.893,0.72372,0.72382,1.12,1.50
2015.05.28 10:12:01.995,0.72371,0.72381,3.07,2.25
2015.05.28 10:12:02.148,0.72368,0.72381,1.07,2.25
2015.05.28 10:12:02.199,0.72368,0.72379,1.07,1.00
2015.05.28 10:12:02.805,0.72364,0.72375,1.47,1.50
2015.05.28 10:12:03.320,0.72363,0.72375,1.95,1.50
2015.05.28 10:12:03.976,0.72363,0.72375,1.10,1.50
2015.05.28 10:12:05.144,0.72366,0.72377,1.00,1.50
2015.05.28 10:12:05.448,0.72372,0.72381,1.50,1.57
2015.05.28 10:12:05.499,0.72373,0.72385,1.37,2.85
2015.05.28 10:12:05.941,0.72368,0.72381,4.50,1.00
2015.05.28 10:12:06.449,0.72371,0.72382,1.20,1.00
2015.05.28 10:12:07.585,0.72372,0.72382,1.00,1.50
2015.05.28 10:12:07.687,0.72374,0.72384,1.37,1.00
2015.05.28 10:12:07.738,0.72374,0.72387,1.37,3.00
2015.05.28 10:12:07.890,0.72372,0.72384,1.50,1.50
2015.05.28 10:12:08.397,0.72371,0.72384,1.20,4.72
2015.05.28 10:12:09.440,0.72369,0.72376,2.62,1.00
2015.05.28 10:12:09.492,0.72364,0.72373,1.00,1.00
2015.05.28 10:12:09.595,0.72364,0.72376,1.57,1.00
2015.05.28 10:12:09.849,0.72364,0.72377,1.95,3.00
2015.05.28 10:12:10.107,0.72364,0.72376,1.57,1.00
2015.05.28 10:12:11.261,0.72364,0.72377,1.57,2.25
2015.05.28 10:12:11.414,0.72367,0.72377,1.37,1.00
2015.05.28 10:12:11.618,0.72368,0.7238,1.50,1.10
2015.05.28 10:12:11.879,0.72369,0.72382,1.87,3.52
2015.05.28 10:12:12.415,0.72369,0.72381,1.87,1.00
2015.05.28 10:12:12.830,0.72372,0.72384,1.37,1.20
2015.05.28 10:12:13.338,0.72373,0.72385,2.25,1.10
2015.05.28 10:12:13.491,0.72372,0.72382,1.00,1.50
2015.05.28 10:12:14.035,0.72369,0.72381,2.32,1.00
2015.05.28 10:12:14.086,0.72369,0.72381,1.57,1.00
2015.05.28 10:12:14.391,0.72367,0.72378,2.32,1.00
2015.05.28 10:12:14.697,0.72365,0.72376,2.32,1.50
2015.05.28 10:12:14.951,0.72363,0.72376,1.20,2.25
2015.05.28 10:12:16.952,0.72363,0.72375,1.20,1.00
2015.05.28 10:12:17.900,0.72363,0.72374,1.00,1.00
2015.05.28 10:12:17.951,0.72362,0.72372,1.10,1.00
2015.05.28 10:12:18.155,0.72359,0.72371,1.10,1.00
2015.05.28 10:12:18.891,0.72357,0.7237,1.95,1.00
2015.05.28 10:12:19.835,0.72359,0.72372,1.10,2.62
2015.05.28 10:12:24.194,0.72362,0.72372,1.00,1.00
2015.05.28 10:12:24.697,0.72362,0.72373,1.00,1.00
2015.05.28 10:12:33.340,0.72359,0.72372,1.10,1.00
2015.05.28 10:12:38.740,0.72364,0.72376,1.87,1.87
2015.05.28 10:12:38.892,0.72364,0.72377,2.32,1.87
2015.05.28 10:12:38.944,0.72362,0.72374,2.32,1.00
2015.05.28 10:12:39.198,0.72359,0.72372,1.87,1.00
2015.05.28 10:12:39.707,0.72359,0.72372,1.57,1.50
2015.05.28 10:12:40.489,0.72361,0.72372,1.00,1.00
2015.05.28 10:12:40.795,0.72364,0.72377,3.00,1.85
2015.05.28 10:12:41.110,0.72367,0.72378,1.87,1.00
2015.05.28 10:12:41.314,0.72367,0.72378,1.00,1.00
2015.05.28 10:12:41.801,0.72365,0.72374,1.00,1.50
2015.05.28 10:12:41.853,0.72361,0.72374,1.95,1.87
2015.05.28 10:12:42.107,0.7236,0.72373,3.07,2.62
2015.05.28 10:12:42.158,0.7236,0.72372,2.77,1.12
2015.05.28 10:12:42.670,0.7236,0.72371,1.12,1.00
2015.05.28 10:12:42.772,0.72362,0.72371,1.00,1.00
2015.05.28 10:12:43.006,0.72364,0.72376,1.12,3.45
2015.05.28 10:12:43.428,0.72368,0.72376,1.87,1.00
2015.05.28 10:12:43.481,0.72368,0.72379,1.87,1.72
2015.05.28 10:12:43.836,0.72369,0.72381,1.87,2.32
2015.05.28 10:12:44.950,0.72369,0.7238,1.00,1.00
2015.05.28 10:12:45.475,0.72369,0.7238,1.00,4.35
2015.05.28 10:12:46.679,0.72373,0.7238,1.87,1.00
2015.05.28 10:12:46.732,0.72373,0.72386,1.87,2.70
2015.05.28 10:12:47.390,0.72373,0.72384,1.00,1.12
2015.05.28 10:12:47.643,0.7237,0.72381,1.57,1.00
2015.05.28 10:12:48.987,0.72368,0.7238,1.10,1.00
2015.05.28 10:12:49.907,0.72366,0.72379,2.70,1.00
2015.05.28 10:12:50.325,0.7237,0.7238,1.37,1.00
2015.05.28 10:12:50.427,0.72373,0.72385,1.37,2.25
2015.05.28 10:12:50.935,0.72373,0.72386,1.37,3.45
2015.05.28 10:12:51.344,0.72372,0.72384,1.12,1.00
2015.05.28 10:12:51.497,0.7237,0.72381,2.25,1.00
2015.05.28 10:12:52.046,0.7237,0.72381,1.10,1.00
2015.05.28 10:12:52.656,0.72369,0.7238,1.65,1.00
2015.05.28 10:12:53.316,0.72371,0.72383,1.37,1.95
2015.05.28 10:12:53.570,0.72375,0.72386,1.00,2.25
2015.05.28 10:12:54.555,0.72376,0.72386,1.00,1.12
2015.05.28 10:12:54.613,0.72374,0.72386,1.47,1.37
2015.05.28 10:12:55.027,0.72371,0.72381,1.12,1.00
2015.05.28 10:12:55.078,0.72368,0.7238,2.70,1.00
2015.05.28 10:12:55.129,0.72368,0.7238,2.32,1.00
2015.05.28 10:12:55.637,0.72367,0.7238,2.32,1.50
2015.05.28 10:12:56.335,0.72367,0.7238,1.27,2.10
2015.05.28 10:12:56.386,0.72366,0.72378,1.87,1.00
2015.05.28 10:12:56.691,0.72363,0.72371,3.37,1.00
2015.05.28 10:12:56.793,0.72362,0.72373,1.20,1.50
2015.05.28 10:12:57.319,0.72362,0.72369,1.00,1.00
2015.05.28 10:12:57.372,0.72356,0.72368,2.32,1.00
2015.05.28 10:12:57.734,0.72356,0.72366,1.57,1.00
2015.05.28 10:12:58.093,0.72354,0.72365,1.10,1.00
2015.05.28 10:12:58.754,0.72354,0.72364,1.10,1.00
2015.05.28 10:12:58.805,0.72356,0.72364,1.87,1.50
2015.05.28 10:12:59.008,0.72361,0.72372,1.37,2.25
2015.05.28 10:12:59.161,0.72359,0.72368,1.87,1.12
2015.05.28 10:13:00.459,0.72357,0.72367,1.12,1.00
2015.05.28 10:13:00.511,0.72355,0.72367,1.50,1.50
2015.05.28 10:13:01.221,0.72355,0.72368,2.25,1.00
2015.05.28 10:13:01.323,0.72356,0.72368,1.37,1.00
2015.05.28 10:13:01.817,0.7236,0.72373,2.25,2.40
2015.05.28 10:13:01.868,0.7236,0.72373,2.62,2.40
2015.05.28 10:13:02.375,0.7236,0.72372,1.87,1.50
2015.05.28 10:13:02.680,0.72362,0.72374,1.37,1.00
2015.05.28 10:13:03.271,0.72366,0.72377,1.37,1.87
2015.05.28 10:13:03.374,0.72365,0.72377,1.00,1.87
2015.05.28 10:13:03.527,0.72362,0.72374,2.25,1.00
2015.05.28 10:13:03.629,0.72361,0.72374,1.12,1.50
2015.05.28 10:13:03.680,0.7236,0.72372,1.20,1.00
2015.05.28 10:13:03.986,0.72357,0.72369,1.57,2.25
2015.05.28 10:13:04.547,0.72355,0.72367,1.20,1.50
2015.05.28 10:13:05.072,0.72354,0.72366,3.37,1.00
2015.05.28 10:13:05.934,0.7236,0.72371,1.20,1.12
2015.05.28 10:13:06.138,0.72358,0.7237,1.12,1.12
2015.05.28 10:13:06.442,0.72356,0.7237,1.20,3.00
2015.05.28 10:13:06.997,0.72356,0.7237,1.65,2.25
2015.05.28 10:13:07.488,0.72364,0.7237,1.00,1.00
2015.05.28 10:13:07.539,0.72364,0.72376,1.87,1.37
2015.05.28 10:13:07.590,0.72366,0.72377,1.00,1.75
2015.05.28 10:13:07.641,0.72366,0.72378,1.00,1.07
2015.05.28 10:13:08.148,0.72367,0.72379,1.10,1.47
2015.05.28 10:13:08.790,0.72367,0.72375,1.00,1.00
2015.05.28 10:13:08.841,0.72364,0.72375,1.10,1.12
2015.05.28 10:13:09.046,0.72361,0.72373,1.20,1.00
2015.05.28 10:13:09.400,0.72359,0.72372,2.32,1.00
2015.05.28 10:13:10.320,0.72359,0.72372,1.10,1.00
2015.05.28 10:13:10.744,0.72357,0.7237,2.70,1.00
2015.05.28 10:13:10.947,0.72356,0.72368,2.70,1.00
2015.05.28 10:13:11.527,0.72356,0.72369,1.95,1.00
2015.05.28 10:13:12.602,0.72363,0.7237,1.45,1.00
2015.05.28 10:13:12.653,0.72364,0.72376,1.47,1.10
2015.05.28 10:13:15.206,0.72364,0.72375,1.95,1.00
2015.05.28 10:13:15.821,0.72366,0.72377,1.12,1.12
2015.05.28 10:13:16.479,0.72366,0.72377,1.27,1.00
2015.05.28 10:13:17.502,0.72368,0.72379,2.25,1.50
2015.05.28 10:13:18.018,0.7237,0.7238,1.00,1.00
2015.05.28 10:13:18.969,0.72369,0.7238,1.50,1.00
2015.05.28 10:13:19.475,0.7237,0.7238,1.50,1.00
2015.05.28 10:13:19.780,0.72373,0.72385,1.37,1.47
2015.05.28 10:13:20.287,0.72373,0.72385,1.37,1.20
2015.05.28 10:13:20.767,0.72373,0.72385,1.87,1.00
2015.05.28 10:13:20.818,0.72373,0.72385,1.87,1.00
2015.05.28 10:13:22.603,0.72374,0.72385,1.75,1.00
2015.05.28 10:13:26.307,0.72375,0.72385,1.50,1.00
2015.05.28 10:13:27.061,0.72374,0.72385,1.75,1.00
2015.05.28 10:13:27.113,0.72374,0.72387,1.75,1.50
2015.05.28 10:13:27.750,0.72376,0.72386,1.00,1.00
2015.05.28 10:13:28.260,0.72375,0.72386,1.12,1.00
2015.05.28 10:13:28.413,0.72377,0.72386,1.00,1.00
2015.05.28 10:13:28.953,0.72374,0.72378,2.32,1.00
2015.05.28 10:13:29.004,0.72369,0.72377,1.20,1.00
2015.05.28 10:13:29.414,0.72368,0.7238,2.62,1.50
2015.05.28 10:13:30.144,0.7237,0.72382,1.12,1.00
2015.05.28 10:13:30.790,0.72371,0.72382,1.00,1.00
2015.05.28 10:13:30.841,0.72372,0.72383,1.37,1.10
2015.05.28 10:13:31.197,0.72375,0.72387,1.95,1.00
2015.05.28 10:13:31.741,0.72377,0.72388,2.25,1.00
2015.05.28 10:13:38.950,0.72377,0.7239,2.25,2.70
2015.05.28 10:13:39.255,0.72377,0.72386,2.25,1.00
2015.05.28 10:13:41.325,0.72376,0.72388,2.25,1.50
2015.05.28 10:13:42.735,0.72378,0.72388,1.37,1.87
2015.05.28 10:13:43.439,0.72378,0.72388,1.50,1.00
2015.05.28 10:13:43.950,0.72378,0.72388,1.37,1.37
2015.05.28 10:13:45.296,0.72381,0.72391,1.37,2.25
2015.05.28 10:13:45.347,0.72381,0.72391,1.00,1.50
2015.05.28 10:13:45.854,0.7238,0.7239,1.00,1.12
2015.05.28 10:13:46.689,0.72377,0.72387,2.25,1.00
2015.05.28 10:13:48.609,0.72379,0.7239,2.62,1.00
2015.05.28 10:13:49.140,0.72379,0.7239,1.87,1.00
2015.05.28 10:13:50.412,0.72379,0.7239,2.25,1.00
2015.05.28 10:13:51.383,0.72379,0.72391,2.25,1.00
2015.05.28 10:13:52.967,0.72379,0.7239,1.50,1.00
2015.05.28 10:13:54.814,0.7238,0.7239,2.62,1.00
2015.05.28 10:13:54.865,0.72381,0.72393,1.50,1.65
2015.05.28 10:13:55.219,0.72381,0.7239,1.37,1.47
2015.05.28 10:13:55.270,0.72376,0.7239,2.25,2.02
2015.05.28 10:13:55.980,0.72375,0.72388,1.50,1.37
2015.05.28 10:14:05.801,0.72375,0.72386,1.37,1.00
2015.05.28 10:14:06.318,0.72375,0.72388,1.37,1.95
2015.05.28 10:14:06.980,0.72375,0.72383,1.37,1.00
2015.05.28 10:14:10.062,0.72375,0.72385,1.50,1.00
2015.05.28 10:14:10.316,0.72376,0.72386,2.25,1.00
2015.05.28 10:14:10.570,0.72379,0.72388,2.25,1.00
2015.05.28 10:14:11.050,0.72381,0.7239,1.37,1.00
2015.05.28 10:14:15.508,0.72381,0.72387,1.37,1.00
2015.05.28 10:14:16.198,0.72379,0.72383,1.00,1.00
2015.05.28 10:14:16.256,0.72375,0.72385,1.50,1.50
2015.05.28 10:14:16.358,0.72375,0.72381,1.12,1.00
2015.05.28 10:14:16.409,0.72373,0.72379,1.50,1.00
2015.05.28 10:14:16.818,0.72369,0.72377,1.00,1.00
2015.05.28 10:14:19.323,0.72369,0.72378,1.00,1.00
2015.05.28 10:14:20.916,0.72369,0.7238,1.00,1.00
2015.05.28 10:14:24.409,0.72367,0.72378,2.25,1.00
2015.05.28 10:14:33.718,0.72368,0.7238,1.37,1.10
2015.05.28 10:14:35.124,0.72368,0.72381,2.62,1.50
2015.05.28 10:14:37.577,0.72368,0.72381,1.87,4.87
2015.05.28 10:14:38.185,0.72368,0.72377,1.00,1.00
2015.05.28 10:14:43.233,0.72367,0.72377,1.00,1.12
2015.05.28 10:14:44.357,0.72367,0.72377,1.00,1.37
2015.05.28 10:14:44.888,0.72367,0.72377,1.00,1.00
2015.05.28 10:14:46.302,0.72367,0.72378,1.00,5.02
2015.05.28 10:14:46.662,0.72367,0.72376,1.00,1.00
2015.05.28 10:14:46.948,0.72367,0.72378,1.12,5.40
2015.05.28 10:14:48.385,0.72367,0.72377,2.25,1.00
2015.05.28 10:14:49.963,0.72368,0.72377,1.00,1.00
2015.05.28 10:14:50.976,0.7237,0.72379,1.37,1.00
2015.05.28 10:14:51.483,0.7237,0.72379,1.20,1.00
2015.05.28 10:14:51.799,0.7237,0.72379,2.32,1.00
2015.05.28 10:14:52.379,0.7237,0.7238,3.00,1.00
2015.05.28 10:14:52.887,0.72371,0.72381,1.75,1.00
2015.05.28 10:14:53.669,0.72372,0.72382,1.37,1.00
2015.05.28 10:14:54.177,0.72371,0.72381,1.50,1.00
2015.05.28 10:14:54.482,0.7237,0.72377,1.50,1.00
2015.05.28 10:14:54.957,0.7237,0.72376,1.00,1.00
2015.05.28 10:14:55.060,0.72366,0.72375,1.50,1.00
2015.05.28 10:14:55.162,0.72365,0.72371,1.00,1.00
2015.05.28 10:14:55.618,0.72362,0.7237,1.00,1.00
2015.05.28 10:14:55.670,0.72362,0.72368,1.00,1.00
2015.05.28 10:14:55.772,0.7236,0.72368,1.50,1.00
2015.05.28 10:14:56.302,0.72359,0.72366,1.00,1.00
2015.05.28 10:14:56.712,0.72357,0.72365,1.00,1.00
2015.05.28 10:14:56.966,0.72356,0.72363,1.00,1.00
2015.05.28 10:14:59.723,0.72353,0.72361,1.00,1.50
2015.05.28 10:14:59.881,0.72353,0.72359,1.00,1.00
2015.05.28 10:15:00.286,0.72352,0.72357,1.00,1.00
2015.05.28 10:15:00.591,0.72348,0.72355,1.00,1.00
2015.05.28 10:15:00.642,0.72346,0.72355,1.65,1.00
2015.05.28 10:15:01.106,0.72346,0.72352,1.00,1.00
2015.05.28 10:15:01.567,0.72344,0.72352,1.00,1.00
2015.05.28 10:15:02.942,0.72342,0.7235,1.12,1.00
2015.05.28 10:15:03.461,0.72342,0.72351,1.00,1.50
2015.05.28 10:15:07.371,0.72341,0.7235,1.37,1.00
2015.05.28 10:15:08.074,0.72341,0.72349,1.37,1.00
2015.05.28 10:15:08.176,0.7234,0.72349,1.50,1.50
2015.05.28 10:15:09.073,0.72343,0.72349,1.00,1.00
2015.05.28 10:15:09.124,0.72343,0.72351,1.00,1.50
2015.05.28 10:15:09.631,0.72343,0.72352,1.00,1.50
2015.05.28 10:15:10.516,0.72341,0.72352,1.12,1.50
2015.05.28 10:15:11.933,0.72341,0.72353,1.12,1.00
2015.05.28 10:15:18.577,0.72341,0.72353,2.25,1.00
2015.05.28 10:15:19.121,0.72342,0.72352,1.12,1.00
2015.05.28 10:15:19.630,0.72342,0.72353,1.12,1.00
2015.05.28 10:15:20.910,0.72341,0.72353,1.95,1.00
2015.05.28 10:15:21.729,0.72341,0.72351,1.12,1.00
2015.05.28 10:15:22.113,0.72341,0.72349,1.00,1.00
2015.05.28 10:15:22.730,0.72339,0.72348,1.12,1.00
2015.05.28 10:15:23.521,0.72338,0.72347,1.12,1.00
2015.05.28 10:15:24.057,0.72338,0.72348,1.12,1.50
2015.05.28 10:15:24.335,0.72335,0.72346,2.70,1.00
2015.05.28 10:15:24.386,0.72335,0.72346,1.57,1.00
2015.05.28 10:15:24.437,0.72335,0.72344,1.57,1.00
2015.05.28 10:15:25.109,0.72335,0.72343,1.00,1.00
2015.05.28 10:15:29.254,0.72333,0.72343,1.37,1.00
2015.05.28 10:15:31.518,0.72335,0.72343,1.00,1.00
2015.05.28 10:15:32.433,0.72334,0.72343,1.12,1.00
2015.05.28 10:15:32.922,0.72332,0.72341,1.00,1.00
2015.05.28 10:15:33.434,0.72331,0.72341,1.50,1.00
2015.05.28 10:15:34.319,0.72333,0.72341,1.00,1.00
2015.05.28 10:15:35.130,0.72333,0.72341,1.37,1.00
2015.05.28 10:15:35.741,0.72333,0.72343,1.37,1.00
2015.05.28 10:15:38.658,0.72332,0.72341,1.00,1.00
2015.05.28 10:15:39.064,0.72331,0.72339,1.12,1.00
2015.05.28 10:15:41.269,0.72331,0.7234,1.00,1.00
2015.05.28 10:15:44.368,0.72331,0.72341,1.12,1.00
2015.05.28 10:15:44.984,0.72332,0.72341,1.00,1.00
2015.05.28 10:15:45.520,0.72331,0.72341,1.50,1.00
2015.05.28 10:15:46.569,0.72328,0.72338,1.57,1.00
2015.05.28 10:15:46.620,0.72328,0.72338,1.12,1.00
2015.05.28 10:15:46.672,0.72328,0.7234,1.37,1.50
2015.05.28 10:15:46.824,0.72331,0.7234,1.00,1.50
2015.05.28 10:15:47.353,0.72332,0.72341,1.00,1.00
2015.05.28 10:15:47.956,0.7233,0.72341,3.37,1.00
2015.05.28 10:15:48.490,0.7233,0.72342,2.62,1.50
2015.05.28 10:15:49.026,0.7233,0.72342,1.87,1.50
2015.05.28 10:15:49.965,0.72333,0.72342,1.00,1.12
2015.05.28 10:15:50.066,0.72329,0.7234,1.50,1.12
2015.05.28 10:15:50.168,0.72329,0.72338,1.50,1.50
2015.05.28 10:15:50.800,0.7233,0.72338,1.00,1.00
2015.05.28 10:15:51.308,0.7233,0.72337,1.00,1.00
2015.05.28 10:15:51.461,0.72328,0.72336,1.50,1.00
2015.05.28 10:15:51.562,0.72328,0.72334,1.50,1.00
2015.05.28 10:15:52.809,0.72325,0.72333,1.50,1.00
2015.05.28 10:15:54.531,0.72324,0.72333,1.00,1.00
2015.05.28 10:15:54.582,0.72322,0.72333,1.65,1.00
2015.05.28 10:15:59.248,0.72321,0.72334,1.50,1.00
2015.05.28 10:15:59.797,0.72323,0.72335,1.12,1.00
2015.05.28 10:16:00.304,0.72322,0.72334,2.40,1.00
2015.05.28 10:16:02.502,0.72322,0.72333,1.20,1.00
2015.05.28 10:16:12.074,0.72322,0.72334,1.65,1.00
2015.05.28 10:16:14.031,0.72324,0.72334,1.00,1.00
2015.05.28 10:16:19.257,0.72324,0.72335,1.00,1.00
2015.05.28 10:16:19.868,0.72326,0.72337,1.00,1.10
2015.05.28 10:16:20.774,0.72326,0.72336,1.00,1.00
2015.05.28 10:16:21.407,0.72326,0.72337,1.00,1.00
2015.05.28 10:16:23.194,0.72326,0.72335,1.00,1.00
2015.05.28 10:16:23.398,0.72327,0.72337,1.00,1.00
2015.05.28 10:16:23.927,0.72328,0.72338,1.87,1.00
2015.05.28 10:16:24.276,0.7233,0.72341,1.57,1.12
2015.05.28 10:16:27.629,0.72329,0.72341,1.20,1.50
2015.05.28 10:16:28.268,0.72327,0.7234,1.37,2.02
2015.05.28 10:16:28.319,0.72328,0.72336,1.00,1.00
2015.05.28 10:16:29.348,0.72328,0.72337,1.00,1.00
2015.05.28 10:16:31.816,0.72326,0.72337,2.40,1.00
2015.05.28 10:16:35.935,0.72327,0.72337,1.00,1.00
2015.05.28 10:16:36.041,0.72331,0.72338,1.12,1.00
2015.05.28 10:16:36.144,0.72331,0.72342,2.62,2.25
2015.05.28 10:16:39.694,0.72331,0.72339,1.00,1.00
2015.05.28 10:16:40.726,0.72329,0.72339,1.20,1.00
2015.05.28 10:16:41.219,0.72327,0.72336,1.00,1.00
2015.05.28 10:16:41.765,0.72326,0.72337,1.00,1.37
2015.05.28 10:16:43.160,0.72326,0.72337,1.50,1.12
2015.05.28 10:16:43.679,0.72326,0.72336,1.12,1.00
2015.05.28 10:16:48.602,0.72326,0.72337,2.25,1.12
2015.05.28 10:16:48.754,0.72324,0.72336,1.47,1.00
2015.05.28 10:16:48.856,0.72323,0.72334,4.50,1.00
2015.05.28 10:16:49.596,0.72323,0.72334,1.10,1.50
2015.05.28 10:16:50.103,0.72323,0.72334,1.00,2.62
2015.05.28 10:16:50.909,0.72323,0.72334,1.00,1.50
2015.05.28 10:16:52.868,0.72323,0.72333,1.00,1.00
2015.05.28 10:16:57.593,0.72323,0.72332,1.00,1.00
2015.05.28 10:16:58.342,0.72322,0.72332,1.00,1.50
2015.05.28 10:16:59.847,0.72322,0.72332,1.47,1.00
2015.05.28 10:16:59.901,0.72323,0.72335,1.12,1.00
2015.05.28 10:17:00.405,0.72324,0.72335,1.00,1.00
2015.05.28 10:17:02.573,0.72325,0.72335,1.50,1.00
2015.05.28 10:17:03.109,0.72326,0.72339,1.50,3.07
2015.05.28 10:17:04.020,0.72326,0.72339,1.50,2.32
2015.05.28 10:17:05.083,0.72326,0.72338,1.00,1.00
2015.05.28 10:17:05.616,0.72324,0.72334,2.25,1.00
2015.05.28 10:17:05.923,0.72323,0.72334,1.00,1.50
2015.05.28 10:17:06.642,0.72323,0.72332,1.00,1.00
2015.05.28 10:17:07.158,0.72323,0.72333,1.00,1.00
2015.05.28 10:17:11.223,0.72323,0.72334,1.00,1.95
2015.05.28 10:17:15.072,0.72323,0.72333,1.00,1.00
2015.05.28 10:17:17.213,0.72323,0.72334,1.00,1.95
2015.05.28 10:17:18.156,0.72323,0.72333,1.00,1.00
2015.05.28 10:17:22.589,0.72323,0.72334,1.00,1.95
2015.05.28 10:17:32.990,0.72323,0.72333,1.00,1.00
2015.05.28 10:17:33.598,0.72323,0.72332,1.00,1.00
2015.05.28 10:17:38.531,0.72323,0.72334,1.00,2.25
2015.05.28 10:17:39.064,0.72324,0.72334,1.00,1.00
2015.05.28 10:17:40.073,0.72324,0.72335,1.00,1.00
2015.05.28 10:17:48.621,0.72323,0.72335,1.37,1.87
2015.05.28 10:17:52.212,0.72323,0.72335,3.00,1.00
2015.05.28 10:17:53.685,0.7233,0.7234,2.25,1.42
2015.05.28 10:17:53.736,0.7233,0.72342,2.25,3.37
2015.05.28 10:18:03.295,0.72332,0.72344,1.00,1.00
2015.05.28 10:18:03.498,0.72333,0.72346,1.00,4.20
2015.05.28 10:18:04.006,0.72333,0.72345,1.00,1.00
2015.05.28 10:18:04.361,0.72333,0.72342,1.00,1.00
2015.05.28 10:18:06.914,0.72337,0.72342,1.00,1.00
2015.05.28 10:18:06.965,0.72337,0.72346,1.00,2.62
2015.05.28 10:18:07.118,0.7234,0.72348,1.00,1.00
2015.05.28 10:18:07.841,0.7234,0.72347,1.50,1.00
2015.05.28 10:18:08.247,0.72338,0.72347,1.20,1.00
2015.05.28 10:18:09.138,0.72341,0.7235,1.87,1.00
2015.05.28 10:18:09.392,0.72339,0.7235,1.10,1.00
2015.05.28 10:18:09.646,0.72339,0.72348,1.00,1.00
2015.05.28 10:18:10.949,0.72339,0.7235,1.12,1.00
2015.05.28 10:18:11.152,0.72339,0.7235,2.32,1.00
2015.05.28 10:18:11.658,0.72341,0.72351,1.10,1.00
2015.05.28 10:18:12.674,0.72341,0.72349,1.00,1.00
2015.05.28 10:18:12.928,0.72338,0.72349,2.32,1.00
2015.05.28 10:18:14.187,0.72338,0.72351,1.87,1.00
2015.05.28 10:18:14.740,0.72339,0.72352,1.10,2.25
2015.05.28 10:18:15.702,0.72339,0.72348,1.10,1.00
2015.05.28 10:18:16.798,0.72339,0.72347,1.10,1.00
2015.05.28 10:18:18.000,0.72339,0.72348,1.00,1.00
2015.05.28 10:18:19.191,0.72343,0.72354,1.10,1.00
2015.05.28 10:18:20.532,0.72345,0.72354,1.00,1.00
2015.05.28 10:18:20.584,0.72346,0.72356,1.00,1.00
2015.05.28 10:18:21.896,0.72346,0.72357,1.20,1.00
2015.05.28 10:18:22.201,0.72349,0.72357,1.00,1.00
2015.05.28 10:18:23.683,0.72349,0.72359,1.00,1.00
2015.05.28 10:18:24.190,0.72348,0.72359,1.00,1.00
2015.05.28 10:18:26.598,0.72348,0.7236,1.12,1.87
2015.05.28 10:18:27.107,0.72346,0.72359,2.02,1.00
2015.05.28 10:18:29.725,0.72347,0.72359,3.52,1.12
2015.05.28 10:18:30.456,0.72347,0.72361,5.02,1.50
2015.05.28 10:18:30.609,0.72347,0.72361,1.20,3.75
2015.05.28 10:18:31.132,0.72346,0.7236,1.50,1.12
2015.05.28 10:18:31.653,0.72346,0.72359,1.50,1.00
2015.05.28 10:18:33.006,0.72346,0.7236,1.50,1.12
2015.05.28 10:18:33.513,0.72347,0.7236,1.47,1.00
2015.05.28 10:18:34.743,0.72347,0.7236,2.70,1.12
2015.05.28 10:18:35.216,0.72348,0.7236,1.50,1.00
2015.05.28 10:18:36.687,0.7235,0.72361,2.25,1.50
2015.05.28 10:18:37.002,0.72359,0.72369,1.12,1.00
2015.05.28 10:18:37.705,0.72359,0.72372,1.87,1.37
2015.05.28 10:18:38.230,0.72359,0.72371,1.00,2.10
2015.05.28 10:18:39.098,0.72357,0.7237,1.12,2.85
2015.05.28 10:18:39.149,0.72355,0.7237,1.95,2.85
2015.05.28 10:18:39.513,0.72357,0.72371,1.00,3.60
2015.05.28 10:18:40.624,0.72359,0.72371,1.00,1.50
2015.05.28 10:18:41.545,0.72358,0.7237,1.57,1.00
2015.05.28 10:18:44.508,0.72358,0.72369,1.00,1.35
2015.05.28 10:18:44.711,0.72356,0.72369,1.00,2.85
2015.05.28 10:18:45.389,0.72355,0.72368,1.00,1.00
2015.05.28 10:18:45.440,0.72354,0.72366,1.00,1.00
2015.05.28 10:18:45.745,0.72348,0.72361,1.87,1.00
2015.05.28 10:18:46.629,0.72348,0.72361,1.50,1.00
2015.05.28 10:18:47.414,0.72349,0.72361,1.00,1.00
2015.05.28 10:18:48.687,0.72349,0.72362,1.00,1.00
2015.05.28 10:18:56.844,0.72348,0.72362,1.50,3.75
2015.05.28 10:19:00.062,0.72348,0.72361,1.00,3.00
2015.05.28 10:19:04.367,0.72346,0.72356,1.37,1.00
2015.05.28 10:19:04.426,0.72344,0.72356,1.07,1.50
2015.05.28 10:19:04.632,0.72342,0.72355,1.85,4.72
2015.05.28 10:19:05.038,0.72341,0.72352,2.25,3.00
2015.05.28 10:19:05.689,0.72341,0.72354,1.00,1.00
2015.05.28 10:19:06.199,0.72342,0.72354,1.00,1.50
2015.05.28 10:19:08.931,0.72343,0.72354,1.00,1.12
2015.05.28 10:19:12.874,0.72343,0.72355,1.57,1.37
2015.05.28 10:19:13.895,0.72347,0.72355,3.00,1.37
2015.05.28 10:19:13.948,0.72347,0.72359,3.07,1.00
2015.05.28 10:19:14.466,0.72347,0.72361,2.70,2.62
2015.05.28 10:19:15.257,0.72346,0.72359,1.57,1.50
2015.05.28 10:19:15.769,0.72346,0.72359,1.20,1.50
2015.05.28 10:19:16.743,0.72346,0.7236,1.10,2.25
2015.05.28 10:19:19.783,0.72346,0.7236,1.87,1.87
2015.05.28 10:19:21.331,0.72346,0.72358,2.25,1.00
2015.05.28 10:19:23.985,0.72346,0.72358,1.57,1.00
2015.05.28 10:19:24.589,0.72346,0.72357,1.10,1.00
2015.05.28 10:19:24.893,0.72344,0.72355,1.00,1.00
2015.05.28 10:19:24.995,0.72344,0.72358,1.00,2.62
2015.05.28 10:19:25.148,0.72347,0.72358,1.00,1.00
2015.05.28 10:19:26.400,0.72347,0.7236,1.00,1.87
2015.05.28 10:19:26.654,0.72346,0.72358,1.20,1.50
2015.05.28 10:19:27.165,0.72346,0.72357,1.12,1.00
2015.05.28 10:19:27.957,0.72344,0.72357,1.95,1.00
2015.05.28 10:19:28.569,0.72344,0.72356,1.95,1.00
2015.05.28 10:19:28.774,0.72343,0.72354,3.07,1.00
2015.05.28 10:19:29.477,0.72342,0.72353,3.07,1.00
2015.05.28 10:19:29.984,0.72342,0.72352,2.25,1.00
2015.05.28 10:19:30.503,0.72342,0.72351,2.25,1.00
2015.05.28 10:19:31.010,0.72341,0.72351,1.00,1.00
2015.05.28 10:19:31.218,0.72341,0.72353,1.50,1.12
2015.05.28 10:19:32.407,0.72343,0.72356,1.00,3.22
2015.05.28 10:19:32.509,0.72346,0.72356,1.00,1.50
2015.05.28 10:19:33.052,0.72346,0.72357,1.00,1.00
2015.05.28 10:19:40.822,0.72346,0.72358,1.57,1.00
2015.05.28 10:19:43.413,0.72346,0.72359,1.95,2.25
2015.05.28 10:19:47.663,0.72346,0.72359,2.25,2.25
2015.05.28 10:19:49.063,0.72346,0.72359,1.87,1.00
2015.05.28 10:19:51.795,0.72347,0.72359,1.00,1.00
2015.05.28 10:19:51.900,0.72349,0.72363,1.87,1.87
2015.05.28 10:19:51.951,0.72351,0.72363,1.50,1.12
2015.05.28 10:19:52.460,0.72352,0.72365,1.00,3.00
2015.05.28 10:19:53.071,0.72352,0.72365,1.37,2.62
2015.05.28 10:19:53.377,0.72351,0.72361,1.00,1.00
2015.05.28 10:19:53.479,0.72348,0.72361,1.37,1.00
2015.05.28 10:19:54.356,0.72346,0.7236,2.32,2.25
2015.05.28 10:19:55.141,0.72346,0.7236,3.07,1.50
2015.05.28 10:19:56.054,0.72347,0.7236,1.50,1.00
2015.05.28 10:19:59.594,0.72348,0.72362,1.00,2.25
2015.05.28 10:20:00.281,0.72348,0.72361,1.00,2.10
2015.05.28 10:20:00.886,0.72347,0.72358,1.00,1.00
2015.05.28 10:20:01.406,0.72345,0.72358,1.87,1.00
2015.05.28 10:20:01.910,0.72345,0.72358,1.50,1.00
2015.05.28 10:20:02.880,0.72346,0.72358,1.00,1.00
2015.05.28 10:20:03.625,0.72345,0.72358,1.00,1.00
2015.05.28 10:20:04.602,0.72346,0.72358,1.00,1.00
2015.05.28 10:20:05.364,0.72345,0.72358,1.00,2.10
2015.05.28 10:20:06.054,0.72344,0.72358,1.00,5.47
2015.05.28 10:20:06.568,0.72344,0.72356,1.00,1.00
2015.05.28 10:20:07.649,0.72344,0.72354,1.00,1.00
2015.05.28 10:20:07.702,0.72341,0.72354,2.32,1.87
2015.05.28 10:20:07.906,0.7234,0.72354,1.00,4.12
2015.05.28 10:20:07.957,0.7234,0.72352,1.00,1.00
2015.05.28 10:20:09.183,0.72341,0.72353,1.12,1.00
2015.05.28 10:20:09.691,0.72341,0.72354,3.75,1.00
2015.05.28 10:20:11.077,0.72341,0.72354,4.50,1.00
2015.05.28 10:20:11.382,0.72345,0.72357,1.50,1.12
2015.05.28 10:20:11.857,0.72346,0.72359,2.25,1.00
2015.05.28 10:20:12.478,0.72346,0.7236,1.00,2.47
2015.05.28 10:20:13.783,0.72348,0.7236,1.00,1.00
2015.05.28 10:20:14.966,0.72348,0.72361,1.00,1.30
2015.05.28 10:20:15.473,0.72348,0.72362,1.00,3.00
2015.05.28 10:20:20.290,0.72349,0.72362,1.00,1.87
2015.05.28 10:20:20.595,0.72353,0.72365,1.12,1.37
2015.05.28 10:20:21.370,0.72352,0.72364,1.00,1.12
2015.05.28 10:20:21.685,0.72349,0.72363,1.57,2.62
2015.05.28 10:20:22.194,0.72351,0.72363,1.37,1.00
2015.05.28 10:20:23.003,0.72351,0.72364,1.87,1.72
2015.05.28 10:20:23.552,0.72351,0.72364,1.50,2.62
2015.05.28 10:20:28.356,0.72351,0.72362,1.00,1.00
2015.05.28 10:20:28.458,0.72349,0.72362,1.00,1.00
2015.05.28 10:20:30.034,0.72349,0.72354,1.00,1.37
2015.05.28 10:20:30.085,0.72341,0.72354,3.75,1.00
2015.05.28 10:20:30.290,0.72346,0.72355,1.00,1.20
2015.05.28 10:20:30.648,0.72347,0.72358,1.00,3.00
2015.05.28 10:20:30.700,0.72348,0.72361,1.00,1.95
2015.05.28 10:20:32.506,0.72348,0.72362,3.00,1.87
2015.05.28 10:20:36.261,0.72348,0.72361,1.87,1.00
2015.05.28 10:20:37.320,0.72349,0.72362,1.12,1.12
2015.05.28 10:20:37.835,0.72352,0.72365,2.25,1.50
2015.05.28 10:20:38.343,0.72351,0.72363,1.00,1.12
2015.05.28 10:20:38.661,0.72349,0.72361,1.00,1.00
2015.05.28 10:20:39.171,0.72349,0.7236,1.00,1.00
2015.05.28 10:20:39.678,0.72349,0.72361,1.50,1.00
2015.05.28 10:20:41.334,0.72352,0.72365,1.00,3.00
2015.05.28 10:20:41.640,0.72355,0.72367,1.00,1.87
2015.05.28 10:20:42.156,0.72354,0.72366,1.00,1.30
2015.05.28 10:20:42.664,0.72351,0.72364,2.62,1.00
2015.05.28 10:20:43.680,0.72354,0.72365,1.00,1.50
2015.05.28 10:20:43.834,0.72351,0.72365,2.02,3.37
2015.05.28 10:20:44.038,0.72351,0.72365,1.87,4.35
2015.05.28 10:20:44.496,0.72351,0.72362,1.00,1.60
2015.05.28 10:20:44.963,0.72348,0.72362,1.00,2.25
2015.05.28 10:20:46.474,0.72348,0.72362,1.00,4.35
2015.05.28 10:20:47.354,0.72351,0.72362,1.00,4.35
2015.05.28 10:20:48.408,0.72349,0.72362,1.00,4.35
2015.05.28 10:20:48.959,0.72348,0.72362,1.00,3.60
2015.05.28 10:20:49.673,0.72348,0.72362,1.00,2.10
2015.05.28 10:20:50.526,0.72347,0.7236,1.00,1.00
2015.05.28 10:20:51.041,0.72346,0.7236,1.50,1.00
2015.05.28 10:20:56.985,0.72346,0.7236,2.62,1.12
2015.05.28 10:21:03.545,0.72346,0.72359,2.62,1.00
2015.05.28 10:21:05.273,0.72346,0.72359,1.00,1.00
2015.05.28 10:21:06.721,0.72346,0.72358,1.00,1.00
2015.05.28 10:21:07.233,0.72345,0.72358,1.00,1.00
2015.05.28 10:21:07.537,0.72344,0.72356,1.00,1.00
2015.05.28 10:21:08.045,0.72343,0.72355,1.00,1.12
2015.05.28 10:21:09.671,0.72342,0.72354,1.87,1.00
2015.05.28 10:21:27.302,0.72342,0.72352,1.00,1.12
2015.05.28 10:21:27.354,0.72338,0.72352,3.37,2.47
2015.05.28 10:21:27.405,0.72338,0.72351,2.25,1.00
2015.05.28 10:21:27.863,0.72338,0.72349,1.00,1.00
2015.05.28 10:21:28.408,0.72335,0.72349,1.87,3.75
2015.05.28 10:21:28.969,0.72337,0.72349,1.00,3.75
2015.05.28 10:21:47.035,0.72337,0.72348,1.00,3.37
2015.05.28 10:21:49.809,0.72335,0.72348,1.87,4.12
2015.05.28 10:21:50.418,0.72335,0.72348,1.00,5.25
2015.05.28 10:21:57.739,0.72336,0.72348,1.00,6.00
2015.05.28 10:21:58.257,0.72336,0.72348,1.12,4.87
2015.05.28 10:21:58.764,0.72336,0.72348,2.25,4.50
2015.05.28 10:21:59.321,0.72336,0.72349,2.62,4.50
2015.05.28 10:22:00.117,0.72336,0.72349,2.62,4.87
2015.05.28 10:22:02.024,0.72337,0.72349,2.25,1.12
2015.05.28 10:22:02.571,0.72338,0.72351,3.00,1.37
2015.05.28 10:22:04.055,0.72338,0.72351,3.00,1.00
2015.05.28 10:22:04.415,0.72338,0.72351,3.75,1.00
2015.05.28 10:22:04.466,0.7234,0.72353,1.37,1.00
2015.05.28 10:22:04.517,0.72343,0.72354,1.00,2.25
2015.05.28 10:22:04.619,0.72344,0.72356,1.00,1.50
2015.05.28 10:22:05.211,0.72345,0.72358,1.50,2.47
2015.05.28 10:22:05.313,0.72345,0.72356,1.00,1.00
2015.05.28 10:22:05.566,0.72345,0.72358,1.00,3.00
2015.05.28 10:22:06.074,0.72346,0.72358,2.25,2.25
2015.05.28 10:22:07.393,0.72346,0.72357,2.25,1.12
2015.05.28 10:22:07.445,0.72346,0.72354,2.25,1.00
2015.05.28 10:22:08.004,0.72343,0.72354,3.00,1.00
2015.05.28 10:22:10.512,0.72341,0.72354,1.00,2.25
2015.05.28 10:22:11.030,0.72342,0.72353,1.00,1.50
2015.05.28 10:22:11.588,0.72344,0.72353,2.25,1.00
2015.05.28 10:22:12.129,0.72345,0.72356,1.00,2.25
2015.05.28 10:22:12.987,0.72346,0.72358,1.00,1.50
2015.05.28 10:22:13.038,0.72346,0.72358,1.00,1.12
2015.05.28 10:22:13.347,0.72347,0.7236,1.87,1.00
2015.05.28 10:22:14.156,0.72347,0.7236,1.87,1.00
2015.05.28 10:22:14.987,0.72348,0.7236,1.00,1.00
2015.05.28 10:22:15.531,0.72347,0.7236,1.00,1.35
2015.05.28 10:22:19.176,0.72346,0.72357,1.50,1.00
2015.05.28 10:22:22.509,0.72347,0.7236,1.37,1.12
2015.05.28 10:22:22.712,0.72347,0.7236,1.00,1.00
2015.05.28 10:22:23.170,0.72351,0.7236,1.00,1.00
2015.05.28 10:22:23.652,0.72353,0.72361,1.00,1.00
2015.05.28 10:22:23.703,0.72353,0.72366,3.00,2.47
2015.05.28 10:22:25.712,0.72353,0.72366,3.00,2.62
2015.05.28 10:22:26.320,0.72353,0.72365,3.00,1.00
2015.05.28 10:22:26.823,0.72353,0.72365,3.00,1.00
2015.05.28 10:22:27.988,0.72354,0.72366,1.00,1.87
2015.05.28 10:22:28.495,0.72353,0.72365,3.00,1.12
2015.05.28 10:22:29.333,0.72354,0.72365,2.25,1.00
2015.05.28 10:22:32.769,0.72354,0.7236,2.25,2.85
2015.05.28 10:22:33.074,0.72348,0.7236,1.50,1.30
2015.05.28 10:22:33.278,0.72348,0.72359,1.50,2.10
2015.05.28 10:22:33.948,0.72348,0.72361,2.62,2.47
2015.05.28 10:22:34.711,0.72346,0.72359,1.50,1.00
2015.05.28 10:22:35.260,0.72345,0.72356,1.00,1.00
2015.05.28 10:22:35.768,0.72345,0.72357,1.00,1.35
2015.05.28 10:22:36.124,0.72343,0.72356,1.00,1.00
2015.05.28 10:22:38.839,0.72344,0.72356,1.00,1.00
2015.05.28 10:22:38.891,0.72346,0.72358,1.00,2.25
2015.05.28 10:22:39.196,0.72349,0.7236,1.00,1.50
2015.05.28 10:22:39.778,0.72355,0.72364,1.00,1.00
2015.05.28 10:22:40.286,0.72354,0.72365,1.50,1.00
2015.05.28 10:22:40.955,0.72352,0.72362,1.12,1.00
2015.05.28 10:22:41.110,0.72349,0.7236,1.00,1.00
2015.05.28 10:22:41.566,0.72347,0.7236,1.00,1.50
2015.05.28 10:22:48.829,0.72348,0.7236,1.00,1.00
2015.05.28 10:22:50.804,0.72347,0.7236,1.50,1.00
2015.05.28 10:22:54.424,0.72346,0.72357,1.00,1.00
2015.05.28 10:22:59.795,0.72347,0.72359,1.00,2.25
2015.05.28 10:23:00.450,0.72345,0.72358,2.25,1.00
2015.05.28 10:23:03.760,0.72345,0.72357,1.00,1.00
2015.05.28 10:23:03.912,0.72343,0.72356,1.50,1.00
2015.05.28 10:23:04.456,0.72343,0.72355,1.00,1.50
2015.05.28 10:23:05.220,0.7234,0.72351,1.00,1.50
2015.05.28 10:23:05.323,0.72337,0.7235,1.50,2.25
2015.05.28 10:23:05.916,0.72337,0.72349,1.50,1.00
2015.05.28 10:23:08.664,0.72336,0.72348,1.00,1.00
2015.05.28 10:23:09.841,0.72335,0.72348,1.50,1.00
2015.05.28 10:23:10.386,0.72336,0.72348,1.00,1.00
2015.05.28 10:23:11.585,0.72333,0.72346,1.87,1.00
2015.05.28 10:23:12.044,0.72335,0.72346,1.00,1.50
2015.05.28 10:23:12.535,0.72333,0.72346,1.50,1.00
2015.05.28 10:23:12.796,0.72332,0.72344,1.87,1.35
2015.05.28 10:23:13.704,0.7233,0.72343,2.62,1.00
2015.05.28 10:23:14.403,0.72333,0.72343,1.00,1.00
2015.05.28 10:23:14.966,0.72333,0.72342,1.00,1.00
2015.05.28 10:23:15.283,0.72333,0.72342,1.00,1.87
2015.05.28 10:23:16.739,0.72333,0.72342,1.00,1.87
2015.05.28 10:23:17.386,0.72333,0.72343,1.00,1.87
2015.05.28 10:23:18.944,0.72333,0.72342,1.00,1.87
2015.05.28 10:23:19.451,0.72333,0.72342,1.00,1.50
2015.05.28 10:23:20.749,0.72336,0.72343,1.00,1.00
2015.05.28 10:23:20.913,0.72336,0.72345,1.00,1.00
2015.05.28 10:23:21.634,0.72336,0.72344,1.00,1.00
2015.05.28 10:23:22.195,0.72336,0.72345,1.00,1.87
2015.05.28 10:23:22.246,0.72336,0.72347,1.00,3.00
2015.05.28 10:23:22.505,0.7234,0.72347,1.00,3.00
2015.05.28 10:23:22.810,0.72338,0.72347,1.00,3.00
2015.05.28 10:23:24.962,0.72338,0.72346,1.00,1.12
2015.05.28 10:23:26.003,0.72336,0.72346,1.00,1.12
2015.05.28 10:23:28.982,0.72335,0.72346,1.00,1.87
2015.05.28 10:23:31.515,0.72333,0.72346,1.50,2.62
2015.05.28 10:23:33.813,0.72332,0.72344,1.10,1.00
2015.05.28 10:23:35.267,0.72332,0.7234,1.00,1.00
2015.05.28 10:23:35.788,0.7233,0.72339,1.37,1.30
2015.05.28 10:23:37.402,0.72328,0.7234,3.00,1.50
2015.05.28 10:23:37.504,0.72331,0.72343,1.00,1.87
2015.05.28 10:23:37.657,0.72333,0.72344,1.00,1.87
2015.05.28 10:23:38.111,0.72333,0.72345,1.00,1.00
2015.05.28 10:23:38.640,0.72333,0.72345,1.00,1.37
2015.05.28 10:23:45.318,0.72333,0.72345,1.37,1.37
2015.05.28 10:23:45.847,0.72333,0.72345,1.00,1.37
2015.05.28 10:23:46.812,0.72333,0.72345,1.00,1.00
2015.05.28 10:23:48.221,0.72333,0.72344,1.00,1.00
2015.05.28 10:23:49.638,0.72333,0.72345,1.00,1.00
2015.05.28 10:23:51.755,0.72334,0.72345,1.00,1.00
2015.05.28 10:23:52.162,0.72334,0.72348,2.62,3.45
2015.05.28 10:23:52.365,0.72336,0.7235,1.00,3.37
2015.05.28 10:23:52.568,0.72336,0.7235,2.62,2.32
2015.05.28 10:23:52.822,0.72336,0.7235,1.50,2.70
2015.05.28 10:23:53.455,0.72336,0.7235,1.57,2.32
2015.05.28 10:23:55.544,0.72338,0.7235,1.00,1.57
2015.05.28 10:23:55.850,0.7234,0.72352,1.00,1.47
2015.05.28 10:23:55.901,0.7234,0.72352,1.00,1.20
2015.05.28 10:23:56.105,0.7234,0.72352,1.00,1.47
2015.05.28 10:23:56.711,0.72337,0.7235,2.25,1.30
2015.05.28 10:23:56.766,0.72335,0.72349,3.00,1.00
2015.05.28 10:23:57.273,0.72335,0.72349,2.02,2.10
2015.05.28 10:24:00.952,0.72336,0.72349,1.00,1.10
2015.05.28 10:24:01.771,0.72335,0.72349,2.25,1.10
2015.05.28 10:24:02.189,0.72337,0.7235,1.50,1.57
2015.05.28 10:24:02.497,0.72342,0.72354,1.00,1.75
2015.05.28 10:24:03.036,0.72338,0.7235,1.95,1.87
2015.05.28 10:24:03.443,0.72337,0.7235,1.12,2.47
2015.05.28 10:24:04.002,0.72336,0.7235,1.50,3.22
2015.05.28 10:24:17.645,0.72336,0.72347,2.62,1.00
2015.05.28 10:24:23.351,0.72335,0.72347,1.10,1.00
2015.05.28 10:24:27.013,0.72335,0.72345,1.00,1.00
2015.05.28 10:24:27.522,0.72336,0.72345,1.50,1.00
2015.05.28 10:24:28.496,0.72335,0.72346,1.00,1.00
2015.05.28 10:24:38.930,0.72335,0.72347,1.00,1.00
2015.05.28 10:24:43.937,0.72335,0.72345,1.00,1.00
2015.05.28 10:24:44.460,0.72334,0.72345,1.00,1.37
2015.05.28 10:24:44.979,0.72334,0.72343,1.00,1.00
2015.05.28 10:24:46.571,0.7233,0.72342,1.10,1.87
2015.05.28 10:24:47.468,0.72332,0.72343,1.37,1.00
2015.05.28 10:24:47.519,0.72332,0.72345,1.87,1.57
2015.05.28 10:24:48.020,0.72334,0.72346,1.12,1.00
2015.05.28 10:24:48.716,0.72335,0.72347,1.00,1.10
2015.05.28 10:24:51.682,0.72336,0.72347,1.00,1.00
2015.05.28 10:24:51.835,0.72337,0.7235,1.00,1.57
2015.05.28 10:24:52.381,0.72337,0.7235,1.00,1.20
2015.05.28 10:24:55.857,0.72336,0.72349,1.50,1.00
2015.05.28 10:24:56.553,0.72336,0.7235,1.50,3.30
2015.05.28 10:24:56.656,0.72336,0.72348,1.00,1.00
2015.05.28 10:24:57.307,0.72335,0.72348,1.00,1.10
2015.05.28 10:25:00.005,0.72334,0.72347,1.00,1.00
2015.05.28 10:25:00.561,0.72333,0.72347,1.10,1.12
2015.05.28 10:25:01.080,0.72333,0.72346,1.10,1.37
2015.05.28 10:25:01.435,0.7233,0.72343,1.47,1.87
2015.05.28 10:25:01.970,0.7233,0.72342,1.57,1.00
2015.05.28 10:25:02.492,0.7233,0.72344,2.70,1.87
2015.05.28 10:25:02.596,0.72332,0.72344,1.00,1.87
2015.05.28 10:25:04.980,0.72332,0.72346,1.87,3.00
2015.05.28 10:25:05.554,0.72335,0.72346,1.00,1.87
2015.05.28 10:25:05.605,0.72335,0.72346,1.00,1.50
2015.05.28 10:25:06.630,0.72338,0.72349,1.00,1.87
2015.05.28 10:25:06.685,0.72338,0.72349,1.00,1.12
2015.05.28 10:25:08.194,0.72337,0.72349,1.12,1.00
2015.05.28 10:25:11.159,0.72338,0.72351,1.00,1.12
2015.05.28 10:25:16.053,0.72338,0.72351,1.10,1.87
2015.05.28 10:25:17.468,0.72338,0.7235,1.20,1.00
2015.05.28 10:25:19.347,0.72338,0.72351,1.95,1.12
2015.05.28 10:25:20.753,0.72341,0.72352,1.87,1.00
2015.05.28 10:25:21.108,0.72343,0.72355,1.12,2.25
2015.05.28 10:25:21.632,0.72341,0.72354,3.75,1.00
2015.05.28 10:25:28.717,0.72343,0.72355,1.12,1.12
2015.05.28 10:25:33.967,0.72343,0.72355,1.12,1.50
2015.05.28 10:25:34.299,0.72341,0.72355,1.47,2.25
2015.05.28 10:25:36.567,0.72341,0.72355,1.10,4.12
2015.05.28 10:25:37.267,0.72341,0.72354,1.47,1.12
2015.05.28 10:25:38.948,0.7234,0.72352,1.50,1.12
2015.05.28 10:25:39.510,0.7234,0.72351,1.20,1.50
2015.05.28 10:25:41.651,0.72341,0.72354,1.47,1.87
2015.05.28 10:25:41.804,0.72342,0.72356,2.77,3.00
2015.05.28 10:25:41.856,0.72342,0.72356,3.52,1.50
2015.05.28 10:25:42.161,0.72346,0.72358,1.47,2.25
2015.05.28 10:25:42.779,0.72346,0.72358,1.10,1.00
2015.05.28 10:25:43.287,0.72347,0.72357,1.00,1.00
2015.05.28 10:25:43.925,0.72345,0.72357,1.57,1.00
2015.05.28 10:25:44.337,0.72344,0.72354,1.12,1.00
2015.05.28 10:25:44.591,0.72341,0.7235,1.00,1.50
2015.05.28 10:25:45.734,0.72338,0.72347,1.00,1.00
2015.05.28 10:25:47.440,0.72339,0.72349,1.00,1.00
2015.05.28 10:25:47.492,0.72339,0.72352,1.87,1.12
2015.05.28 10:25:47.645,0.72342,0.72353,1.20,1.00
2015.05.28 10:25:53.901,0.72341,0.72352,1.87,1.00
2015.05.28 10:25:54.771,0.72341,0.72351,1.57,1.00
2015.05.28 10:25:55.303,0.72341,0.72351,1.27,1.50
2015.05.28 10:25:56.789,0.72341,0.72353,1.20,1.00
2015.05.28 10:25:56.840,0.72341,0.72353,1.57,1.00
2015.05.28 10:25:58.744,0.72343,0.72355,1.57,1.50
2015.05.28 10:25:59.963,0.72345,0.72358,1.50,1.50
2015.05.28 10:26:00.115,0.72347,0.72359,1.00,2.62
2015.05.28 10:26:05.917,0.72347,0.72356,1.10,1.00
2015.05.28 10:26:06.444,0.72345,0.72355,1.10,1.00
2015.05.28 10:26:07.187,0.72341,0.7235,1.45,2.85
2015.05.28 10:26:07.340,0.72338,0.72348,4.12,1.00
2015.05.28 10:26:08.984,0.72336,0.72348,1.87,1.00
2015.05.28 10:26:11.444,0.72337,0.72349,1.07,1.00
2015.05.28 10:26:12.172,0.72338,0.7235,1.95,1.00
2015.05.28 10:26:13.700,0.72342,0.72354,2.25,1.00
2015.05.28 10:26:14.208,0.72344,0.72355,1.20,1.00
2015.05.28 10:26:15.659,0.72344,0.72353,1.95,1.00
2015.05.28 10:26:16.218,0.72345,0.72353,1.37,1.00
2015.05.28 10:26:17.438,0.72345,0.72354,1.47,1.00
2015.05.28 10:26:17.860,0.72345,0.72351,1.47,1.00
2015.05.28 10:26:19.566,0.72344,0.72351,2.62,1.00
2015.05.28 10:26:20.196,0.72342,0.72349,1.57,1.00
2015.05.28 10:26:20.719,0.72341,0.72348,1.87,1.00
2015.05.28 10:26:25.371,0.72341,0.72348,1.87,1.00
2015.05.28 10:26:28.693,0.72341,0.7235,2.25,1.00
2015.05.28 10:26:29.204,0.72342,0.7235,2.25,1.00
2015.05.28 10:26:30.451,0.72342,0.7235,1.57,1.00
2015.05.28 10:26:32.173,0.72341,0.7235,1.57,1.00
2015.05.28 10:26:33.594,0.72341,0.72348,1.57,1.00
2015.05.28 10:26:38.107,0.7234,0.72344,1.00,1.00
2015.05.28 10:26:38.372,0.72337,0.72344,1.20,1.00
2015.05.28 10:26:38.988,0.72336,0.72344,1.20,1.00
2015.05.28 10:26:40.216,0.72335,0.72343,2.32,1.00
2015.05.28 10:26:48.918,0.72337,0.72346,1.12,1.00
2015.05.28 10:26:49.020,0.72338,0.72348,1.37,1.00
2015.05.28 10:26:49.527,0.7234,0.72351,1.95,1.37
2015.05.28 10:26:50.719,0.72344,0.72352,1.12,1.37
2015.05.28 10:26:50.771,0.72344,0.72352,1.00,1.00
2015.05.28 10:26:51.025,0.72342,0.7235,2.32,1.00
2015.05.28 10:26:51.330,0.7234,0.72347,1.20,1.00
2015.05.28 10:26:51.381,0.72339,0.72347,1.50,1.00
2015.05.28 10:26:52.741,0.72339,0.72347,1.00,1.00
2015.05.28 10:26:58.108,0.72339,0.72348,1.00,1.00
2015.05.28 10:26:58.311,0.72339,0.72344,1.00,1.00
2015.05.28 10:26:58.616,0.72334,0.72343,3.00,1.00
2015.05.28 10:26:58.717,0.72337,0.72346,1.00,1.00
2015.05.28 10:26:58.971,0.72339,0.72346,1.00,1.00
2015.05.28 10:27:02.034,0.72336,0.72346,1.87,1.00
2015.05.28 10:27:02.237,0.72334,0.72344,1.57,1.00
2015.05.28 10:27:03.371,0.72334,0.7234,1.47,1.00
2015.05.28 10:27:03.423,0.72333,0.7234,1.10,1.00
2015.05.28 10:27:05.627,0.72332,0.7234,1.10,1.00
2015.05.28 10:27:11.250,0.72332,0.72341,1.20,1.00
2015.05.28 10:27:11.743,0.72332,0.72341,1.50,1.00
2015.05.28 10:27:16.922,0.72332,0.72342,1.87,1.50
2015.05.28 10:27:17.227,0.72332,0.72338,1.87,1.00
2015.05.28 10:27:17.846,0.7233,0.72335,1.10,1.00
2015.05.28 10:27:17.948,0.72329,0.72334,1.87,1.00
2015.05.28 10:27:19.223,0.72328,0.72333,1.37,1.00
2015.05.28 10:27:22.077,0.72326,0.72331,1.37,1.00
2015.05.28 10:27:22.128,0.72322,0.72327,1.07,1.00
2015.05.28 10:27:22.644,0.72321,0.72326,1.50,1.00
2015.05.28 10:27:23.455,0.72321,0.72325,1.00,1.00
2015.05.28 10:27:25.472,0.72322,0.72326,1.00,1.00
2015.05.28 10:27:25.981,0.72322,0.72326,1.00,1.00
2015.05.28 10:27:28.160,0.72322,0.72328,1.00,1.00
2015.05.28 10:27:29.220,0.7232,0.72328,1.27,1.00
2015.05.28 10:27:29.728,0.7232,0.72328,1.37,1.00
2015.05.28 10:27:30.289,0.7232,0.72327,1.12,1.00
2015.05.28 10:27:30.802,0.72319,0.72327,1.12,1.00
2015.05.28 10:27:30.904,0.72319,0.72328,1.37,1.00
2015.05.28 10:27:31.521,0.72319,0.72331,3.74,1.50
2015.05.28 10:27:32.129,0.72319,0.72331,1.12,1.50
2015.05.28 10:27:33.123,0.72319,0.7233,2.22,1.12
2015.05.28 10:27:33.175,0.72319,0.72328,1.10,1.00
2015.05.28 10:27:34.050,0.72319,0.72328,1.12,1.50
2015.05.28 10:27:34.624,0.72319,0.72329,1.37,1.00
2015.05.28 10:27:34.979,0.72319,0.72331,1.47,1.12
2015.05.28 10:27:35.485,0.7232,0.72331,1.00,1.12
2015.05.28 10:27:36.348,0.72319,0.72331,1.20,1.12
2015.05.28 10:27:37.319,0.72319,0.72331,1.12,1.37
2015.05.28 10:27:37.624,0.7232,0.72331,1.37,1.00
2015.05.28 10:27:39.379,0.7232,0.7233,1.50,1.00
2015.05.28 10:27:39.582,0.72319,0.7233,1.57,1.87
2015.05.28 10:27:40.257,0.72319,0.7233,1.57,1.00
2015.05.28 10:27:40.363,0.72322,0.72331,1.00,1.00
2015.05.28 10:27:40.414,0.7232,0.72331,1.12,1.00
2015.05.28 10:27:43.895,0.7232,0.7233,1.20,1.00
2015.05.28 10:27:44.251,0.72318,0.7233,1.20,1.12
2015.05.28 10:27:44.783,0.72318,0.72329,1.12,1.00
2015.05.28 10:27:45.651,0.72317,0.72328,1.10,1.00
2015.05.28 10:27:46.563,0.72317,0.72327,1.10,1.00
2015.05.28 10:27:49.377,0.72317,0.72326,1.10,1.00
2015.05.28 10:27:50.036,0.72317,0.72325,1.10,1.00
2015.05.28 10:27:50.391,0.72314,0.72323,1.47,2.25
2015.05.28 10:27:50.595,0.72313,0.72321,1.20,1.00
2015.05.28 10:27:51.427,0.72313,0.72322,1.10,1.00
2015.05.28 10:27:51.951,0.72313,0.72323,1.10,1.00
2015.05.28 10:27:56.492,0.72314,0.72323,1.00,1.00
2015.05.28 10:28:01.025,0.72314,0.72322,1.00,1.00
2015.05.28 10:28:01.534,0.72312,0.72322,1.50,1.00
2015.05.28 10:28:02.889,0.72314,0.72322,1.00,1.00
2015.05.28 10:28:03.396,0.72314,0.72321,1.00,1.00
2015.05.28 10:28:08.215,0.72314,0.72322,1.00,1.00
2015.05.28 10:28:08.959,0.72314,0.72323,1.00,1.00
2015.05.28 10:28:10.108,0.72315,0.72323,1.00,1.00
2015.05.28 10:28:14.456,0.72315,0.72322,1.00,1.00
2015.05.28 10:28:15.422,0.72314,0.72322,1.50,1.00
2015.05.28 10:28:16.924,0.72314,0.72321,1.00,1.00
2015.05.28 10:28:17.970,0.72314,0.72322,1.00,1.00
2015.05.28 10:28:18.521,0.72314,0.72324,1.00,1.00
2015.05.28 10:28:19.027,0.72314,0.72323,1.00,1.00
2015.05.28 10:28:19.533,0.72314,0.72322,1.00,1.00
2015.05.28 10:28:26.523,0.72314,0.7232,1.00,1.00
2015.05.28 10:28:26.575,0.72314,0.72322,1.00,1.00
2015.05.28 10:28:29.381,0.72312,0.72322,1.27,1.00
2015.05.28 10:28:42.831,0.72312,0.72321,1.27,1.00
2015.05.28 10:28:43.739,0.72312,0.72322,1.27,1.00
2015.05.28 10:28:44.992,0.72312,0.72321,1.27,1.00
2015.05.28 10:28:45.522,0.72312,0.72322,1.27,1.00
2015.05.28 10:28:51.077,0.72312,0.72322,1.57,1.00
2015.05.28 10:28:51.710,0.72314,0.72322,1.00,1.00
2015.05.28 10:29:01.022,0.72315,0.72322,1.00,1.00
2015.05.28 10:29:01.225,0.72315,0.72324,1.10,1.00
2015.05.28 10:29:01.925,0.72314,0.72321,1.95,1.00
2015.05.28 10:29:02.078,0.72314,0.72326,1.95,1.12
2015.05.28 10:29:02.586,0.72314,0.72327,1.00,2.70
2015.05.28 10:29:03.870,0.72314,0.72327,1.00,2.70
2015.05.28 10:29:04.869,0.72314,0.72327,1.00,2.70
2015.05.28 10:29:14.158,0.72315,0.72327,1.00,1.50
2015.05.28 10:29:16.151,0.72314,0.72327,1.27,3.37
2015.05.28 10:29:17.233,0.72314,0.72327,1.10,3.75
2015.05.28 10:29:19.319,0.72314,0.72327,1.10,4.12
2015.05.28 10:29:21.508,0.72314,0.72327,1.10,4.12
2015.05.28 10:29:23.110,0.72314,0.72327,1.10,4.12
2015.05.28 10:29:23.869,0.72314,0.72326,1.12,1.50
2015.05.28 10:29:25.492,0.72314,0.72326,1.12,1.87
2015.05.28 10:29:26.324,0.72314,0.72326,1.12,1.50
2015.05.28 10:29:32.451,0.72314,0.72326,1.00,1.00
2015.05.28 10:29:40.353,0.72319,0.72327,1.00,2.70
2015.05.28 10:29:45.213,0.72313,0.72318,1.00,1.00
2015.05.28 10:29:45.264,0.72313,0.7232,1.00,1.00
2015.05.28 10:29:50.037,0.72313,0.7232,1.00,3.22
2015.05.28 10:29:51.034,0.7231,0.72319,1.00,1.35
2015.05.28 10:29:51.085,0.7231,0.72316,1.00,1.00
2015.05.28 10:29:52.561,0.7231,0.72319,1.00,1.00
2015.05.28 10:29:56.277,0.72309,0.72319,1.00,1.12
2015.05.28 10:29:57.076,0.72308,0.72319,1.00,1.72
2015.05.28 10:29:58.925,0.72308,0.72319,1.00,1.72
2015.05.28 10:29:59.787,0.72308,0.72319,1.50,1.00
2015.05.28 10:30:00.042,0.7231,0.7232,1.00,1.50
2015.05.28 10:30:00.349,0.72315,0.72325,1.00,1.57
2015.05.28 10:30:00.804,0.72313,0.72325,1.50,1.00
2015.05.28 10:30:02.567,0.72312,0.72325,3.00,1.12
2015.05.28 10:30:03.109,0.72312,0.72325,2.25,2.25
2015.05.28 10:30:09.945,0.72313,0.72325,1.00,1.72
2015.05.28 10:30:10.489,0.72312,0.72325,2.25,1.37
2015.05.28 10:30:11.171,0.72313,0.72325,1.50,1.37
2015.05.28 10:30:11.273,0.72315,0.72326,1.00,1.37
2015.05.28 10:30:11.374,0.72315,0.72326,1.50,1.00
2015.05.28 10:30:11.920,0.72315,0.72327,1.00,1.50
2015.05.28 10:30:12.428,0.72314,0.72326,1.50,1.00
2015.05.28 10:30:17.116,0.72314,0.72327,2.25,2.47
2015.05.28 10:30:19.076,0.72315,0.72327,1.00,1.87
2015.05.28 10:30:19.942,0.72314,0.72327,1.50,2.47
2015.05.28 10:30:20.870,0.72314,0.72326,1.00,1.50
2015.05.28 10:30:21.267,0.72312,0.72324,1.00,1.00
2015.05.28 10:30:21.318,0.7231,0.72321,1.50,1.00
2015.05.28 10:30:22.008,0.7231,0.72321,1.00,1.37
2015.05.28 10:30:22.061,0.72307,0.7232,4.12,1.12
2015.05.28 10:30:22.112,0.72308,0.72318,1.50,1.35
2015.05.28 10:30:22.214,0.72305,0.72318,1.50,1.00
2015.05.28 10:30:23.613,0.72307,0.72318,1.00,1.12
2015.05.28 10:30:23.918,0.72309,0.7232,1.00,1.37
2015.05.28 10:30:24.071,0.7231,0.72321,1.00,1.47
2015.05.28 10:30:24.122,0.72312,0.72321,1.50,1.47
2015.05.28 10:30:24.173,0.72312,0.72324,1.50,2.70
2015.05.28 10:30:24.628,0.72314,0.72325,2.25,1.50
2015.05.28 10:30:25.597,0.72314,0.72325,1.00,1.37
2015.05.28 10:30:27.218,0.72315,0.72325,1.00,1.87
2015.05.28 10:30:28.043,0.72315,0.72325,1.50,1.00
2015.05.28 10:30:28.554,0.72314,0.72325,2.25,1.00
2015.05.28 10:31:00.885,0.72317,0.72328,1.00,1.50
2015.05.28 10:31:01.089,0.72318,0.72329,1.00,1.00
2015.05.28 10:31:01.444,0.7232,0.72331,1.00,1.50
2015.05.28 10:31:02.107,0.72322,0.72334,1.00,1.42
2015.05.28 10:31:02.317,0.72319,0.72332,3.00,1.00
2015.05.28 10:31:02.469,0.72318,0.7233,1.87,1.50
2015.05.28 10:31:02.774,0.72318,0.72327,1.00,1.00
2015.05.28 10:31:03.846,0.72314,0.72326,1.50,1.00
2015.05.28 10:31:04.201,0.72313,0.72324,1.00,1.00
2015.05.28 10:31:05.404,0.72312,0.72322,1.00,1.00
2015.05.28 10:31:05.455,0.7231,0.72322,1.87,1.12
2015.05.28 10:31:06.352,0.7231,0.72322,1.50,2.25
2015.05.28 10:31:11.603,0.72312,0.72323,1.00,1.37
2015.05.28 10:31:12.111,0.72312,0.72323,1.00,1.12
2015.05.28 10:31:13.499,0.72312,0.72323,1.00,1.37
2015.05.28 10:31:14.208,0.72312,0.72323,1.00,1.37
2015.05.28 10:31:19.585,0.72312,0.72323,1.00,1.37
2015.05.28 10:31:20.337,0.72312,0.72324,2.25,1.12
2015.05.28 10:31:20.884,0.72313,0.72324,1.00,1.12
2015.05.28 10:31:21.240,0.72315,0.72327,1.00,1.95
2015.05.28 10:31:21.850,0.72313,0.72327,1.50,2.47
2015.05.28 10:31:22.499,0.72312,0.72324,2.62,1.00
2015.05.28 10:31:23.410,0.72311,0.72322,1.00,1.00
2015.05.28 10:31:29.382,0.72311,0.72323,1.50,1.50
2015.05.28 10:31:30.704,0.72312,0.72323,1.00,1.50
2015.05.28 10:31:37.948,0.72311,0.72323,1.00,2.62
2015.05.28 10:31:45.340,0.72311,0.72323,1.87,2.25
2015.05.28 10:31:52.733,0.72311,0.72323,2.25,1.50
2015.05.28 10:31:53.039,0.72313,0.72327,3.00,1.37
2015.05.28 10:31:53.192,0.72315,0.72329,2.25,2.32
2015.05.28 10:31:54.010,0.72314,0.72328,3.00,1.87
2015.05.28 10:31:54.061,0.72314,0.72325,2.25,1.00
2015.05.28 10:31:54.367,0.72313,0.72323,1.50,1.00
2015.05.28 10:31:54.873,0.72313,0.72323,1.00,2.85
