2013.09.24 14:00:00.620,0.82761,0.82781,1.50,1.50
2013.09.24 14:00:00.800,0.82756,0.82776,1.50,1.50
2013.09.24 14:00:07.811,0.82756,0.82769,1.50,1.13
2013.09.24 14:00:08.612,0.82756,0.82769,1.50,1.13
2013.09.24 14:00:09.422,0.82756,0.82769,1.50,1.13
2013.09.24 14:00:10.162,0.82757,0.82775,1.50,1.50
2013.09.24 14:00:10.230,0.82761,0.82775,1.50,1.50
2013.09.24 14:00:11.290,0.82761,0.82778,1.50,1.13
2013.09.24 14:00:11.923,0.82763,0.82778,1.50,1.13
2013.09.24 14:00:12.291,0.82766,0.82784,1.13,1.88
2013.09.24 14:00:13.931,0.82759,0.82773,1.50,1.50
2013.09.24 14:00:14.049,0.82754,0.82772,1.50,1.50
2013.09.24 14:00:14.882,0.82752,0.8277,3.00,1.13
2013.09.24 14:00:15.611,0.82753,0.82772,1.50,1.50
2013.09.24 14:00:20.111,0.82754,0.82772,1.58,1.50
2013.09.24 14:00:20.470,0.82754,0.82772,1.65,1.50
2013.09.24 14:00:21.611,0.82756,0.82773,2.33,1.50
2013.09.24 14:00:21.731,0.82756,0.82779,3.08,1.50
2013.09.24 14:00:21.850,0.82761,0.82779,1.50,1.50
2013.09.24 14:00:22.330,0.82762,0.82779,1.13,1.50
2013.09.24 14:00:23.909,0.82761,0.82779,1.50,1.85
2013.09.24 14:00:24.569,0.82765,0.82779,1.50,1.85
2013.09.24 14:00:25.711,0.82765,0.82779,1.50,1.50
2013.09.24 14:00:27.648,0.82763,0.82779,1.50,1.50
2013.09.24 14:00:28.861,0.82763,0.82774,1.13,1.13
2013.09.24 14:00:28.980,0.82758,0.82772,1.50,1.50
2013.09.24 14:00:30.211,0.82758,0.82767,1.50,1.50
2013.09.24 14:00:30.280,0.82754,0.82767,2.25,1.50
2013.09.24 14:00:30.399,0.82754,0.82764,2.25,1.50
2013.09.24 14:00:30.459,0.82754,0.82767,2.25,1.50
2013.09.24 14:00:32.918,0.82754,0.82768,2.25,1.50
2013.09.24 14:00:34.261,0.82755,0.82767,1.13,1.50
2013.09.24 14:00:34.801,0.82754,0.82772,1.50,1.50
2013.09.24 14:00:36.108,0.82756,0.82772,2.25,1.50
2013.09.24 14:00:36.409,0.82764,0.82772,1.50,1.50
2013.09.24 14:00:37.131,0.82764,0.82774,1.50,1.13
2013.09.24 14:00:39.120,0.82764,0.82776,2.25,4.13
2013.09.24 14:00:40.409,0.82763,0.82774,1.50,1.13
2013.09.24 14:00:41.878,0.82761,0.82774,1.50,1.13
2013.09.24 14:00:42.716,0.82762,0.82776,1.13,4.13
2013.09.24 14:00:43.132,0.82761,0.82774,1.50,1.13
2013.09.24 14:00:43.629,0.82762,0.82776,1.13,4.13
2013.09.24 14:00:43.988,0.82766,0.82772,1.50,1.13
2013.09.24 14:00:44.798,0.82766,0.82772,1.50,1.88
2013.09.24 14:00:44.978,0.82761,0.82772,1.50,1.13
2013.09.24 14:00:45.539,0.82763,0.82772,1.50,1.88
2013.09.24 14:00:46.798,0.82762,0.82772,2.25,1.50
2013.09.24 14:00:46.859,0.82762,0.82772,1.50,1.50
2013.09.24 14:00:47.348,0.82763,0.82774,1.50,1.50
2013.09.24 14:00:47.408,0.82763,0.82775,2.25,1.13
2013.09.24 14:00:47.528,0.82768,0.82778,1.50,1.50
2013.09.24 14:00:47.587,0.82768,0.82778,1.50,1.50
2013.09.24 14:00:47.958,0.82769,0.82778,1.50,1.50
2013.09.24 14:00:48.318,0.82766,0.82778,2.25,1.50
2013.09.24 14:00:48.438,0.82765,0.82778,1.50,1.50
2013.09.24 14:00:48.748,0.82763,0.82778,1.88,1.50
2013.09.24 14:00:49.289,0.82763,0.82778,1.88,1.50
2013.09.24 14:00:50.418,0.82764,0.82774,1.13,1.50
2013.09.24 14:00:50.720,0.82763,0.82769,1.50,1.13
2013.09.24 14:00:51.448,0.8276,0.82769,1.50,1.13
2013.09.24 14:00:54.098,0.8276,0.82769,1.50,1.13
2013.09.24 14:00:54.630,0.8276,0.82769,1.50,1.50
2013.09.24 14:00:54.868,0.82751,0.82763,4.50,1.50
2013.09.24 14:00:58.198,0.82751,0.82762,1.13,1.50
2013.09.24 14:00:58.319,0.8275,0.82761,2.25,1.13
2013.09.24 14:00:58.379,0.8275,0.8276,2.25,1.13
2013.09.24 14:00:58.438,0.8275,0.82759,1.50,1.13
2013.09.24 14:00:58.680,0.82747,0.82759,1.50,1.50
2013.09.24 14:00:58.738,0.82746,0.82755,1.50,1.13
2013.09.24 14:00:58.979,0.82744,0.82752,1.50,1.13
2013.09.24 14:00:59.358,0.82743,0.82752,2.25,1.13
2013.09.24 14:01:00.058,0.82743,0.82751,1.50,1.13
2013.09.24 14:01:01.718,0.82742,0.82751,3.38,1.13
2013.09.24 14:01:02.629,0.82742,0.82751,3.38,1.13
2013.09.24 14:01:08.658,0.82743,0.82751,1.13,1.13
2013.09.24 14:01:08.957,0.82739,0.82749,1.50,1.13
2013.09.24 14:01:09.507,0.82739,0.82749,1.13,1.13
2013.09.24 14:01:10.967,0.82739,0.8275,1.13,1.13
2013.09.24 14:01:12.918,0.82738,0.82748,1.13,1.88
2013.09.24 14:01:12.977,0.82735,0.82748,1.50,1.88
2013.09.24 14:01:13.039,0.82734,0.82748,1.13,1.88
2013.09.24 14:01:13.577,0.82732,0.82743,1.88,1.13
2013.09.24 14:01:16.588,0.82731,0.82743,1.88,1.13
2013.09.24 14:01:19.865,0.82732,0.82746,1.13,1.13
2013.09.24 14:01:20.180,0.8273,0.82742,1.50,1.13
2013.09.24 14:01:20.359,0.82729,0.82742,1.50,1.13
2013.09.24 14:01:20.778,0.8273,0.82742,1.50,1.13
2013.09.24 14:01:21.740,0.82728,0.82742,1.13,1.13
2013.09.24 14:01:23.108,0.8273,0.82744,1.88,1.50
2013.09.24 14:01:23.529,0.8273,0.82743,1.13,1.50
2013.09.24 14:01:24.309,0.82732,0.82744,1.13,1.88
2013.09.24 14:01:27.318,0.82733,0.82747,1.13,1.88
2013.09.24 14:01:27.631,0.82732,0.82747,2.63,1.88
2013.09.24 14:01:28.224,0.82733,0.82747,1.13,1.50
2013.09.24 14:01:33.942,0.82733,0.82741,1.88,1.13
2013.09.24 14:01:34.001,0.82733,0.82741,1.13,1.88
2013.09.24 14:01:34.178,0.82731,0.82741,1.13,1.88
2013.09.24 14:01:36.578,0.82728,0.8274,1.88,1.13
2013.09.24 14:01:37.389,0.82729,0.8274,1.13,1.13
2013.09.24 14:01:37.819,0.82729,0.8274,1.13,1.13
2013.09.24 14:01:39.427,0.8273,0.82741,1.13,1.13
2013.09.24 14:01:39.740,0.8273,0.82741,1.13,1.13
2013.09.24 14:01:40.280,0.8273,0.82741,1.13,1.13
2013.09.24 14:01:42.471,0.8273,0.82741,1.13,1.13
2013.09.24 14:01:47.238,0.82729,0.82741,1.50,1.13
2013.09.24 14:01:49.000,0.82729,0.8274,1.13,1.13
2013.09.24 14:01:49.568,0.82728,0.82738,3.00,1.13
2013.09.24 14:01:50.097,0.82728,0.82738,3.00,1.13
2013.09.24 14:01:55.368,0.82729,0.8274,1.13,1.13
2013.09.24 14:01:59.588,0.82729,0.8274,1.13,1.13
2013.09.24 14:02:00.028,0.82729,0.82742,1.13,1.13
2013.09.24 14:02:00.588,0.82729,0.82741,1.13,1.88
2013.09.24 14:02:01.477,0.82729,0.82741,1.50,1.88
2013.09.24 14:02:04.613,0.82729,0.82739,1.13,2.25
2013.09.24 14:02:04.858,0.82721,0.82734,1.13,1.50
2013.09.24 14:02:04.918,0.82721,0.82732,1.13,1.50
2013.09.24 14:02:04.981,0.82719,0.82732,2.63,1.88
2013.09.24 14:02:05.828,0.8272,0.82732,1.50,1.13
2013.09.24 14:02:09.069,0.8272,0.82732,1.50,1.13
2013.09.24 14:02:11.848,0.8272,0.82731,1.50,1.88
2013.09.24 14:02:11.909,0.82719,0.82731,2.63,3.00
2013.09.24 14:02:11.968,0.82718,0.82731,2.25,3.75
2013.09.24 14:02:12.328,0.82718,0.82728,1.13,1.13
2013.09.24 14:02:12.918,0.82718,0.8273,1.88,1.13
2013.09.24 14:02:13.038,0.82719,0.82731,1.50,3.23
2013.09.24 14:02:13.098,0.82719,0.82732,1.88,1.13
2013.09.24 14:02:13.518,0.82719,0.82733,3.38,1.13
2013.09.24 14:02:13.819,0.82726,0.82738,1.50,1.13
2013.09.24 14:02:14.320,0.82725,0.82737,3.45,1.13
2013.09.24 14:02:19.038,0.82725,0.82737,1.28,1.13
2013.09.24 14:02:19.990,0.8273,0.82743,1.13,1.50
2013.09.24 14:02:20.468,0.8273,0.82743,1.88,1.88
2013.09.24 14:02:20.650,0.82735,0.82745,1.20,1.50
2013.09.24 14:02:20.950,0.82735,0.82745,1.50,1.50
2013.09.24 14:02:21.581,0.82736,0.82746,1.50,1.50
2013.09.24 14:02:22.139,0.82729,0.82741,3.75,1.13
2013.09.24 14:02:22.787,0.82729,0.82741,4.13,1.13
2013.09.24 14:02:22.881,0.82729,0.82743,5.25,1.13
2013.09.24 14:02:23.000,0.82731,0.82744,1.13,1.13
2013.09.24 14:02:23.479,0.82734,0.82744,1.50,1.78
2013.09.24 14:02:26.538,0.82734,0.8274,1.50,1.41
2013.09.24 14:02:26.598,0.82734,0.82745,1.50,1.13
2013.09.24 14:02:27.179,0.82734,0.82747,1.50,6.38
2013.09.24 14:02:27.500,0.82734,0.82747,1.73,4.50
2013.09.24 14:02:28.039,0.82735,0.82747,1.73,4.88
2013.09.24 14:02:28.278,0.82735,0.82747,1.50,5.25
2013.09.24 14:02:28.838,0.82734,0.82747,1.13,4.50
2013.09.24 14:02:29.378,0.82735,0.82747,1.13,3.75
2013.09.24 14:02:32.548,0.82732,0.82747,1.13,5.25
2013.09.24 14:02:44.268,0.82729,0.82744,3.75,1.50
2013.09.24 14:02:44.568,0.82729,0.82742,3.38,1.13
2013.09.24 14:02:45.689,0.82729,0.82743,3.38,1.50
2013.09.24 14:02:45.809,0.82731,0.82745,1.13,1.50
2013.09.24 14:02:47.139,0.8273,0.8274,1.50,1.50
2013.09.24 14:02:47.318,0.82727,0.82738,1.13,1.50
2013.09.24 14:02:53.381,0.82725,0.82738,1.50,1.50
2013.09.24 14:02:53.689,0.82722,0.82735,1.88,1.50
2013.09.24 14:02:54.231,0.82722,0.82734,1.13,1.50
2013.09.24 14:02:57.361,0.82722,0.82736,1.50,1.50
2013.09.24 14:02:57.598,0.82726,0.82738,1.13,2.10
2013.09.24 14:02:57.780,0.82727,0.8274,1.50,1.50
2013.09.24 14:02:58.290,0.82726,0.82741,2.25,1.50
2013.09.24 14:02:58.591,0.82726,0.82742,1.88,2.10
2013.09.24 14:03:02.308,0.82728,0.82741,1.13,1.50
2013.09.24 14:03:04.068,0.82728,0.82739,1.13,1.50
2013.09.24 14:03:05.168,0.82728,0.82741,1.13,1.50
2013.09.24 14:03:07.079,0.82728,0.82742,1.13,1.35
2013.09.24 14:03:07.260,0.82732,0.82744,1.13,1.50
2013.09.24 14:03:07.320,0.82732,0.82745,1.13,1.88
2013.09.24 14:03:07.860,0.82733,0.82749,2.25,1.50
2013.09.24 14:03:11.679,0.82734,0.82749,1.13,1.13
2013.09.24 14:03:11.918,0.82736,0.82751,2.25,1.35
2013.09.24 14:03:13.583,0.82736,0.82748,2.63,1.13
2013.09.24 14:03:13.655,0.82736,0.82749,2.25,1.13
2013.09.24 14:03:15.099,0.82736,0.82749,2.25,1.50
2013.09.24 14:03:16.068,0.82736,0.82749,2.25,1.50
2013.09.24 14:03:19.051,0.82736,0.8275,2.25,1.50
2013.09.24 14:03:19.360,0.82734,0.82742,1.50,1.50
2013.09.24 14:03:19.481,0.82736,0.82748,2.25,1.50
2013.09.24 14:03:19.540,0.82736,0.82748,2.63,1.50
2013.09.24 14:03:19.898,0.82736,0.82753,2.63,2.25
2013.09.24 14:03:20.197,0.82736,0.82754,2.63,2.63
2013.09.24 14:03:22.138,0.82736,0.82753,1.50,1.50
2013.09.24 14:03:24.069,0.82736,0.82753,2.10,1.50
2013.09.24 14:03:27.438,0.82736,0.82751,2.10,1.50
2013.09.24 14:03:27.799,0.82732,0.82745,2.25,1.50
2013.09.24 14:03:28.697,0.82733,0.82748,1.50,1.50
2013.09.24 14:03:29.328,0.82732,0.82747,3.00,1.50
2013.09.24 14:03:30.079,0.82732,0.82747,3.00,1.50
2013.09.24 14:03:32.778,0.82733,0.82747,1.88,1.13
2013.09.24 14:03:32.838,0.82733,0.82747,1.13,1.13
2013.09.24 14:03:33.268,0.82733,0.82745,1.13,1.13
2013.09.24 14:03:33.569,0.82733,0.82741,1.13,1.50
2013.09.24 14:03:33.868,0.82719,0.82734,1.50,1.50
2013.09.24 14:03:33.928,0.82722,0.82735,2.25,1.13
2013.09.24 14:03:34.168,0.82722,0.82736,2.25,1.13
2013.09.24 14:03:34.348,0.82722,0.82737,2.25,2.63
2013.09.24 14:03:34.868,0.82726,0.82737,1.50,1.13
2013.09.24 14:03:35.708,0.82726,0.82737,1.50,1.88
2013.09.24 14:03:36.389,0.82726,0.82738,1.13,1.88
2013.09.24 14:03:36.449,0.82726,0.82738,1.13,1.88
2013.09.24 14:03:36.810,0.82727,0.82743,2.63,2.63
2013.09.24 14:03:37.408,0.82727,0.82741,2.63,1.13
2013.09.24 14:03:39.791,0.82731,0.82744,1.50,1.88
2013.09.24 14:03:47.228,0.82731,0.82744,1.50,1.50
2013.09.24 14:03:47.768,0.82732,0.82745,3.38,1.99
2013.09.24 14:03:48.745,0.82736,0.82745,1.50,1.99
2013.09.24 14:03:49.008,0.82736,0.82745,1.50,1.62
2013.09.24 14:03:49.566,0.82736,0.82746,1.50,1.13
2013.09.24 14:03:58.670,0.82731,0.82738,1.88,1.50
2013.09.24 14:03:59.470,0.8273,0.82741,1.88,2.63
2013.09.24 14:03:59.553,0.82725,0.82736,1.50,1.13
2013.09.24 14:03:59.990,0.82725,0.82731,1.50,1.50
2013.09.24 14:04:00.049,0.82726,0.82731,1.13,1.50
2013.09.24 14:04:00.620,0.82726,0.82732,1.13,1.50
2013.09.24 14:04:01.618,0.82725,0.82731,1.50,1.50
2013.09.24 14:04:01.859,0.82722,0.82729,1.13,1.50
2013.09.24 14:04:01.978,0.82721,0.82729,1.88,1.50
2013.09.24 14:04:02.481,0.8272,0.82727,1.50,1.50
2013.09.24 14:04:03.848,0.82716,0.82727,3.00,1.50
2013.09.24 14:04:04.208,0.82716,0.82729,2.25,1.50
2013.09.24 14:04:06.548,0.82719,0.8273,1.13,1.50
2013.09.24 14:04:06.788,0.82719,0.82733,3.00,1.50
2013.09.24 14:04:06.968,0.82724,0.82735,1.13,1.13
2013.09.24 14:04:07.989,0.82724,0.82739,2.48,1.50
2013.09.24 14:04:10.048,0.82722,0.82738,3.98,1.50
2013.09.24 14:04:10.349,0.8272,0.8273,1.35,1.50
2013.09.24 14:04:11.243,0.82719,0.8273,1.35,1.50
2013.09.24 14:04:11.680,0.82718,0.8273,2.25,1.50
2013.09.24 14:04:11.742,0.82716,0.82727,1.50,1.50
2013.09.24 14:04:19.450,0.82714,0.82725,1.13,1.50
2013.09.24 14:04:19.989,0.82713,0.82724,1.13,1.50
2013.09.24 14:04:20.780,0.82714,0.82724,1.13,1.50
2013.09.24 14:04:21.312,0.82712,0.82724,1.13,1.50
2013.09.24 14:04:23.858,0.82714,0.82724,1.13,1.50
2013.09.24 14:04:23.918,0.82712,0.82724,1.13,2.25
2013.09.24 14:04:24.039,0.82711,0.82719,1.13,1.50
2013.09.24 14:04:24.889,0.8271,0.8272,1.13,1.50
2013.09.24 14:04:25.009,0.82712,0.82724,1.13,1.50
2013.09.24 14:04:25.548,0.82715,0.82724,1.13,1.50
2013.09.24 14:04:26.549,0.82713,0.82724,1.13,2.25
2013.09.24 14:04:32.160,0.82711,0.82723,2.10,1.50
2013.09.24 14:04:32.519,0.82714,0.82728,1.13,1.88
2013.09.24 14:04:33.979,0.82711,0.82722,1.73,1.50
2013.09.24 14:04:34.339,0.82715,0.82722,5.63,1.50
2013.09.24 14:04:34.399,0.82716,0.82726,1.88,1.50
2013.09.24 14:04:34.459,0.82717,0.82726,1.13,1.50
2013.09.24 14:04:35.146,0.82716,0.82726,1.88,1.50
2013.09.24 14:04:35.215,0.82708,0.82722,2.25,1.50
2013.09.24 14:04:36.058,0.82708,0.82722,1.50,1.50
2013.09.24 14:04:36.179,0.82707,0.82715,1.50,1.50
2013.09.24 14:04:36.538,0.82702,0.82713,1.13,1.50
2013.09.24 14:04:37.278,0.82702,0.82718,1.73,1.50
2013.09.24 14:04:38.298,0.82704,0.82718,1.13,1.50
2013.09.24 14:04:39.631,0.82704,0.82717,1.13,1.50
2013.09.24 14:04:39.818,0.82704,0.82713,1.13,1.50
2013.09.24 14:04:40.607,0.82702,0.82713,1.13,1.50
2013.09.24 14:04:41.379,0.827,0.82711,1.13,1.50
2013.09.24 14:04:41.869,0.827,0.82711,1.13,1.50
2013.09.24 14:04:42.468,0.827,0.82711,1.13,1.50
2013.09.24 14:04:42.769,0.82702,0.82713,1.13,1.50
2013.09.24 14:04:43.189,0.82702,0.82713,1.13,1.50
2013.09.24 14:04:44.379,0.82699,0.82706,2.25,1.50
2013.09.24 14:04:44.498,0.82694,0.82701,5.25,1.50
2013.09.24 14:04:44.559,0.82694,0.82701,4.50,1.50
2013.09.24 14:04:44.619,0.82691,0.82702,1.88,1.50
2013.09.24 14:04:44.858,0.82688,0.82701,1.13,1.50
2013.09.24 14:04:45.159,0.82688,0.82698,1.50,1.50
2013.09.24 14:04:45.281,0.82684,0.82694,3.00,1.50
2013.09.24 14:04:45.698,0.82688,0.82697,1.50,1.13
2013.09.24 14:04:45.941,0.82686,0.82691,1.50,1.50
2013.09.24 14:04:46.060,0.82681,0.82691,1.50,1.50
2013.09.24 14:04:46.699,0.82681,0.82691,1.50,1.50
2013.09.24 14:04:46.774,0.82673,0.82682,1.50,1.50
2013.09.24 14:04:47.080,0.82694,0.82701,1.43,1.50
2013.09.24 14:04:47.628,0.82692,0.82703,1.13,1.50
2013.09.24 14:04:48.178,0.82693,0.82703,1.13,1.50
2013.09.24 14:04:48.299,0.82689,0.827,2.63,1.13
2013.09.24 14:04:48.359,0.82689,0.82696,1.88,1.50
2013.09.24 14:04:48.538,0.82684,0.82695,1.50,1.50
2013.09.24 14:04:48.658,0.82683,0.82692,3.00,1.50
2013.09.24 14:04:48.719,0.82683,0.82691,3.00,1.50
2013.09.24 14:04:49.020,0.82676,0.82682,2.25,1.50
2013.09.24 14:04:49.199,0.82673,0.82684,1.50,1.35
2013.09.24 14:04:49.320,0.82672,0.82687,1.50,1.50
2013.09.24 14:04:49.858,0.82672,0.82683,3.00,1.50
2013.09.24 14:04:50.161,0.82672,0.82682,2.25,3.75
2013.09.24 14:04:50.341,0.82672,0.82682,1.13,1.50
2013.09.24 14:04:50.519,0.82671,0.82682,1.88,1.13
2013.09.24 14:04:50.999,0.82669,0.82682,1.13,1.35
2013.09.24 14:04:51.179,0.82663,0.82676,2.25,1.13
2013.09.24 14:04:51.239,0.82663,0.82675,1.50,1.50
2013.09.24 14:04:51.420,0.82658,0.8267,1.50,1.35
2013.09.24 14:04:51.479,0.82659,0.82665,1.50,1.50
2013.09.24 14:04:51.539,0.82656,0.82664,1.13,1.50
2013.09.24 14:04:51.719,0.82655,0.82663,1.13,1.13
2013.09.24 14:04:51.900,0.82649,0.82659,1.50,1.50
2013.09.24 14:04:51.960,0.82648,0.82657,2.25,1.58
2013.09.24 14:04:52.138,0.82642,0.82656,1.50,1.58
2013.09.24 14:04:52.199,0.82642,0.82656,1.46,1.43
2013.09.24 14:04:53.098,0.82641,0.82653,1.13,1.50
2013.09.24 14:04:53.218,0.82642,0.82653,1.35,1.50
2013.09.24 14:04:53.578,0.82638,0.82654,2.63,1.13
2013.09.24 14:04:53.880,0.8264,0.82654,1.05,1.13
2013.09.24 14:04:54.300,0.8264,0.82651,1.05,1.50
2013.09.24 14:04:54.482,0.82637,0.82651,1.50,1.50
2013.09.24 14:04:54.659,0.82638,0.82651,1.05,1.35
2013.09.24 14:04:55.139,0.82635,0.82647,1.80,1.50
2013.09.24 14:04:55.679,0.82638,0.82649,1.13,1.50
2013.09.24 14:04:55.799,0.82637,0.82649,1.88,1.50
2013.09.24 14:04:55.919,0.82637,0.82649,1.43,1.50
2013.09.24 14:04:56.038,0.82636,0.82649,1.05,1.50
2013.09.24 14:04:56.098,0.82634,0.82649,1.80,1.50
2013.09.24 14:04:56.339,0.82638,0.82649,1.13,1.50
2013.09.24 14:04:56.640,0.82635,0.82649,1.05,1.50
2013.09.24 14:04:57.361,0.82639,0.82651,1.05,1.50
2013.09.24 14:04:57.430,0.82638,0.8265,1.35,1.13
2013.09.24 14:04:57.549,0.82639,0.8265,2.93,1.13
2013.09.24 14:04:57.613,0.82641,0.8265,1.35,1.88
2013.09.24 14:04:57.861,0.82643,0.82652,1.13,1.13
2013.09.24 14:04:58.170,0.82644,0.82657,1.58,1.50
2013.09.24 14:04:58.228,0.82643,0.82656,3.08,1.13
2013.09.24 14:04:58.408,0.82644,0.82655,1.13,1.50
2013.09.24 14:04:58.649,0.82645,0.82657,1.13,1.50
2013.09.24 14:04:58.961,0.82644,0.82657,1.88,1.50
2013.09.24 14:05:00.311,0.82645,0.82658,1.13,1.50
2013.09.24 14:05:00.955,0.82652,0.82658,1.50,1.50
2013.09.24 14:05:01.499,0.82651,0.82659,1.50,1.13
2013.09.24 14:05:02.158,0.82651,0.8266,1.50,1.50
2013.09.24 14:05:02.341,0.82655,0.82662,1.50,1.50
2013.09.24 14:05:02.890,0.82655,0.82665,1.88,1.13
2013.09.24 14:05:03.249,0.82656,0.82667,1.50,1.50
2013.09.24 14:05:03.310,0.8266,0.82667,1.50,1.50
2013.09.24 14:05:04.858,0.8266,0.82667,1.50,1.50
2013.09.24 14:05:04.978,0.82655,0.82669,1.50,1.50
2013.09.24 14:05:06.550,0.82652,0.82661,1.35,1.88
2013.09.24 14:05:06.610,0.8265,0.82661,1.50,2.25
2013.09.24 14:05:06.671,0.82648,0.82655,1.50,1.50
2013.09.24 14:05:06.852,0.82645,0.82653,1.50,1.50
2013.09.24 14:05:07.040,0.82641,0.82656,1.88,1.88
2013.09.24 14:05:07.882,0.82641,0.82655,1.13,1.13
2013.09.24 14:05:08.458,0.8264,0.82654,1.88,1.13
2013.09.24 14:05:08.698,0.82637,0.82652,1.13,1.73
2013.09.24 14:05:09.204,0.82636,0.82652,1.88,1.35
2013.09.24 14:05:10.618,0.82636,0.82651,2.63,1.13
2013.09.24 14:05:11.160,0.82636,0.82653,1.88,2.63
2013.09.24 14:05:11.520,0.8262,0.82628,1.50,1.13
2013.09.24 14:05:11.581,0.82617,0.82626,1.50,1.50
2013.09.24 14:05:11.651,0.82614,0.82622,3.38,1.50
2013.09.24 14:05:11.951,0.82611,0.82621,2.18,1.13
2013.09.24 14:05:12.012,0.82612,0.82618,1.05,1.13
2013.09.24 14:05:12.080,0.82611,0.82617,1.80,1.13
2013.09.24 14:05:12.261,0.82606,0.82619,1.05,1.13
2013.09.24 14:05:12.393,0.82606,0.82619,1.05,1.13
2013.09.24 14:05:12.940,0.82607,0.82619,1.05,1.50
2013.09.24 14:05:14.188,0.82606,0.82619,1.73,1.50
2013.09.24 14:05:14.249,0.82607,0.82622,1.05,2.63
2013.09.24 14:05:14.429,0.82608,0.82623,1.05,1.50
2013.09.24 14:05:14.670,0.8261,0.82623,1.13,1.13
2013.09.24 14:05:14.848,0.82613,0.82623,1.20,1.13
2013.09.24 14:05:15.209,0.82611,0.82626,1.05,1.13
2013.09.24 14:05:15.749,0.8261,0.82621,1.95,1.50
2013.09.24 14:05:16.289,0.82609,0.82622,1.05,1.50
2013.09.24 14:05:16.599,0.82609,0.82622,1.13,1.50
2013.09.24 14:05:16.718,0.8261,0.82624,3.23,1.13
2013.09.24 14:05:16.779,0.82612,0.82627,1.05,1.13
2013.09.24 14:05:16.898,0.82612,0.82627,1.05,1.13
2013.09.24 14:05:17.021,0.82611,0.82629,2.40,1.88
2013.09.24 14:05:17.389,0.82613,0.82629,1.20,1.88
2013.09.24 14:05:18.665,0.82612,0.82627,1.13,1.88
2013.09.24 14:05:18.989,0.82614,0.82626,1.50,1.13
2013.09.24 14:05:19.290,0.82622,0.82629,1.50,1.88
2013.09.24 14:05:19.351,0.82622,0.82633,2.25,1.13
2013.09.24 14:05:19.469,0.82625,0.82639,1.43,1.50
2013.09.24 14:05:19.771,0.82626,0.82639,3.53,1.50
2013.09.24 14:05:20.279,0.82628,0.8264,1.35,1.50
2013.09.24 14:05:20.579,0.82626,0.82639,1.35,1.50
2013.09.24 14:05:20.878,0.82627,0.82644,1.43,1.88
2013.09.24 14:05:21.118,0.82627,0.82644,1.43,1.88
2013.09.24 14:05:21.419,0.82626,0.82642,1.95,1.50
2013.09.24 14:05:21.779,0.82633,0.82644,1.58,1.13
2013.09.24 14:05:21.899,0.82635,0.82649,1.20,1.50
2013.09.24 14:05:21.959,0.82638,0.82649,1.43,1.50
2013.09.24 14:05:22.439,0.8264,0.82651,1.43,1.13
2013.09.24 14:05:24.941,0.82636,0.82653,1.13,1.13
2013.09.24 14:05:24.999,0.82636,0.82652,1.13,1.50
2013.09.24 14:05:25.058,0.82635,0.82649,1.13,1.13
2013.09.24 14:05:26.359,0.82632,0.82646,1.13,1.13
2013.09.24 14:05:26.898,0.82632,0.82646,1.88,1.13
2013.09.24 14:05:31.330,0.82632,0.82646,1.88,1.13
2013.09.24 14:05:32.659,0.82634,0.82646,1.13,1.50
2013.09.24 14:05:32.718,0.82635,0.82646,1.50,1.50
2013.09.24 14:05:33.258,0.82636,0.82649,1.13,1.13
2013.09.24 14:05:36.607,0.82637,0.8265,1.13,1.50
2013.09.24 14:05:36.729,0.8264,0.82652,1.88,2.25
2013.09.24 14:05:40.689,0.8264,0.82652,1.88,1.50
2013.09.24 14:05:41.248,0.8264,0.82654,1.88,1.13
2013.09.24 14:05:41.309,0.8264,0.82654,1.88,1.13
2013.09.24 14:05:41.608,0.8264,0.82652,1.88,1.50
2013.09.24 14:05:41.849,0.8264,0.82651,1.50,2.25
2013.09.24 14:05:42.679,0.82636,0.82651,1.50,1.50
2013.09.24 14:05:43.348,0.82636,0.82652,1.50,1.88
2013.09.24 14:05:43.701,0.82635,0.82649,1.95,1.13
2013.09.24 14:05:43.759,0.82635,0.8265,1.32,1.13
2013.09.24 14:05:44.239,0.82635,0.82648,1.13,1.50
2013.09.24 14:05:45.021,0.8263,0.82645,2.25,1.50
2013.09.24 14:05:45.079,0.8263,0.82643,1.50,1.50
2013.09.24 14:05:45.199,0.8263,0.8264,1.13,1.50
2013.09.24 14:05:45.381,0.8263,0.8264,1.13,1.50
2013.09.24 14:05:45.679,0.82632,0.82642,1.13,1.50
2013.09.24 14:05:46.271,0.82632,0.82642,1.13,1.50
2013.09.24 14:05:48.720,0.8263,0.82642,1.88,1.50
2013.09.24 14:05:49.261,0.82627,0.82641,1.13,1.50
2013.09.24 14:05:49.770,0.82627,0.82641,1.35,2.25
2013.09.24 14:05:56.640,0.82627,0.82641,1.73,1.50
2013.09.24 14:05:56.900,0.82627,0.82639,1.73,1.50
2013.09.24 14:05:57.198,0.82628,0.82639,1.13,1.50
2013.09.24 14:05:57.440,0.82627,0.82639,1.73,1.50
2013.09.24 14:05:58.658,0.82627,0.8264,2.48,1.13
2013.09.24 14:06:00.288,0.82627,0.82639,1.73,1.50
2013.09.24 14:06:00.738,0.82627,0.82639,1.73,1.50
2013.09.24 14:06:02.563,0.82628,0.82639,1.13,1.50
2013.09.24 14:06:02.691,0.82628,0.82639,1.13,1.50
2013.09.24 14:06:03.030,0.82628,0.82639,1.13,1.50
2013.09.24 14:06:03.449,0.82628,0.82639,1.13,1.50
2013.09.24 14:06:03.689,0.82627,0.8264,2.48,1.13
2013.09.24 14:06:04.775,0.82627,0.82639,1.73,1.50
2013.09.24 14:06:04.981,0.82627,0.82639,1.73,1.50
2013.09.24 14:06:05.469,0.82627,0.82639,1.73,1.50
2013.09.24 14:06:06.219,0.82627,0.82639,2.48,1.50
2013.09.24 14:06:06.700,0.82627,0.8264,1.73,1.13
2013.09.24 14:06:07.058,0.82634,0.82644,1.50,1.50
2013.09.24 14:06:07.359,0.82631,0.82649,1.13,2.25
2013.09.24 14:06:08.368,0.82634,0.82649,1.13,1.50
2013.09.24 14:06:08.728,0.82636,0.8265,1.35,1.13
2013.09.24 14:06:09.209,0.82636,0.82652,2.10,1.50
2013.09.24 14:06:09.330,0.82638,0.82654,1.50,1.50
2013.09.24 14:06:09.689,0.82639,0.82657,1.50,1.13
2013.09.24 14:06:11.658,0.82638,0.82656,1.50,1.50
2013.09.24 14:06:12.398,0.82639,0.82656,1.13,2.25
2013.09.24 14:06:12.718,0.82637,0.82656,2.25,1.50
2013.09.24 14:06:13.401,0.82636,0.82656,2.10,2.25
2013.09.24 14:06:13.850,0.82637,0.82656,1.50,2.25
2013.09.24 14:06:15.509,0.82637,0.82654,1.50,1.50
2013.09.24 14:06:17.139,0.82636,0.82654,2.10,1.50
2013.09.24 14:06:17.580,0.82636,0.82652,2.10,1.50
2013.09.24 14:06:29.977,0.8264,0.82654,1.13,1.50
2013.09.24 14:06:38.129,0.82639,0.82657,2.25,1.50
2013.09.24 14:06:38.428,0.82644,0.82659,1.35,2.63
2013.09.24 14:06:38.848,0.82644,0.82661,2.10,1.50
2013.09.24 14:06:38.971,0.82646,0.82661,1.13,1.50
2013.09.24 14:06:39.031,0.82647,0.82663,1.35,1.50
2013.09.24 14:06:39.898,0.82647,0.82663,2.48,1.50
2013.09.24 14:06:41.219,0.82647,0.82663,2.25,1.50
2013.09.24 14:06:41.278,0.82647,0.82661,1.50,1.50
2013.09.24 14:06:41.519,0.82643,0.82656,1.35,1.50
2013.09.24 14:06:41.579,0.82642,0.82656,1.35,1.50
2013.09.24 14:06:42.569,0.82641,0.82656,1.13,1.50
2013.09.24 14:06:42.689,0.82641,0.82659,1.50,3.00
2013.09.24 14:06:46.159,0.82651,0.82662,1.50,1.50
2013.09.24 14:06:46.219,0.82654,0.82663,1.50,1.50
2013.09.24 14:06:46.280,0.82655,0.82665,1.13,2.25
2013.09.24 14:06:46.400,0.82656,0.82666,1.13,1.50
2013.09.24 14:06:46.459,0.82655,0.82666,1.13,1.50
2013.09.24 14:06:46.819,0.82653,0.82662,1.50,1.50
2013.09.24 14:06:46.878,0.82651,0.82662,1.13,1.50
2013.09.24 14:06:46.939,0.82651,0.82662,1.13,1.50
2013.09.24 14:06:47.478,0.82646,0.82661,1.50,1.50
2013.09.24 14:06:49.779,0.82645,0.82657,1.50,1.50
2013.09.24 14:06:49.839,0.82643,0.82657,2.10,1.50
2013.09.24 14:06:50.079,0.82643,0.82654,1.50,1.50
2013.09.24 14:06:50.622,0.82642,0.82654,1.13,1.50
2013.09.24 14:06:56.949,0.82641,0.82657,1.50,1.50
2013.09.24 14:06:57.077,0.82642,0.82658,1.50,1.13
2013.09.24 14:06:57.147,0.82642,0.82658,1.50,1.13
2013.09.24 14:06:57.969,0.82645,0.82663,2.63,1.13
2013.09.24 14:06:59.003,0.82647,0.82662,1.50,1.50
2013.09.24 14:06:59.310,0.82643,0.82661,2.25,1.88
2013.09.24 14:07:00.998,0.82643,0.82663,3.45,1.88
2013.09.24 14:07:01.178,0.82644,0.82662,3.83,1.50
2013.09.24 14:07:05.378,0.82649,0.82662,2.10,1.50
2013.09.24 14:07:10.768,0.82649,0.82664,2.10,1.50
2013.09.24 14:07:14.348,0.82649,0.82664,2.10,1.50
2013.09.24 14:07:41.249,0.82655,0.82665,1.13,1.50
2013.09.24 14:07:43.228,0.82655,0.82665,1.13,1.50
2013.09.24 14:07:43.760,0.82657,0.82668,1.88,1.50
2013.09.24 14:07:43.819,0.82661,0.82671,1.50,1.13
2013.09.24 14:07:43.999,0.82661,0.82671,1.13,1.13
2013.09.24 14:07:44.179,0.82661,0.82671,1.13,3.75
2013.09.24 14:07:44.539,0.82662,0.82671,1.13,3.00
2013.09.24 14:07:45.079,0.8266,0.8267,1.50,1.50
2013.09.24 14:07:46.709,0.82657,0.8267,1.13,1.50
2013.09.24 14:07:46.829,0.82654,0.82667,1.35,1.50
2013.09.24 14:07:46.889,0.82651,0.82665,1.13,1.50
2013.09.24 14:07:46.948,0.82651,0.82665,1.13,1.50
2013.09.24 14:07:47.668,0.82649,0.82663,2.25,1.50
2013.09.24 14:07:47.908,0.82649,0.82663,1.50,1.50
2013.09.24 14:07:53.722,0.82648,0.82662,2.10,1.50
2013.09.24 14:07:56.640,0.82648,0.82662,1.35,1.50
2013.09.24 14:07:57.450,0.82648,0.8266,2.10,1.50
2013.09.24 14:07:59.898,0.82653,0.82666,1.13,2.63
2013.09.24 14:08:00.199,0.82654,0.82662,1.50,1.50
2013.09.24 14:08:00.258,0.82652,0.82662,5.10,1.50
2013.09.24 14:08:00.559,0.8265,0.82662,2.48,1.50
2013.09.24 14:08:00.679,0.8265,0.82661,1.73,1.50
2013.09.24 14:08:01.230,0.82648,0.8266,1.35,1.50
2013.09.24 14:08:07.998,0.82648,0.82659,1.35,1.50
2013.09.24 14:08:08.500,0.82648,0.82659,1.35,1.50
2013.09.24 14:08:09.952,0.82646,0.82658,2.10,1.50
2013.09.24 14:08:10.311,0.82644,0.82655,1.88,1.50
2013.09.24 14:08:10.729,0.82642,0.82653,1.13,1.50
2013.09.24 14:08:11.210,0.82642,0.82653,1.13,1.50
2013.09.24 14:08:11.929,0.82641,0.82654,1.50,1.50
2013.09.24 14:08:15.518,0.8264,0.82652,1.50,1.50
2013.09.24 14:08:21.179,0.82638,0.82652,2.10,2.25
2013.09.24 14:08:21.299,0.82637,0.82651,1.88,1.13
2013.09.24 14:08:21.778,0.82635,0.82646,1.13,1.50
2013.09.24 14:08:22.019,0.82633,0.82643,1.73,1.50
2013.09.24 14:08:22.319,0.82633,0.82646,1.73,1.50
2013.09.24 14:08:22.919,0.82634,0.82647,1.13,1.50
2013.09.24 14:08:23.459,0.82635,0.82648,1.13,1.50
2013.09.24 14:08:25.649,0.82635,0.82649,1.13,1.50
2013.09.24 14:08:26.348,0.82635,0.82648,1.13,1.50
2013.09.24 14:08:27.090,0.82634,0.82648,1.13,1.50
2013.09.24 14:08:27.393,0.82633,0.82644,1.73,1.50
2013.09.24 14:08:29.608,0.82631,0.82643,1.50,1.50
2013.09.24 14:08:29.849,0.82633,0.82645,1.13,1.50
2013.09.24 14:08:32.329,0.82631,0.82643,1.13,1.50
2013.09.24 14:08:32.961,0.82628,0.8264,1.13,1.50
2013.09.24 14:08:39.370,0.82628,0.82638,1.35,1.50
2013.09.24 14:08:39.611,0.82626,0.82638,1.13,1.50
2013.09.24 14:08:39.851,0.82624,0.82636,1.88,1.50
2013.09.24 14:08:40.030,0.82623,0.82634,1.88,1.50
2013.09.24 14:08:40.659,0.82623,0.82634,1.88,1.50
2013.09.24 14:08:41.089,0.82625,0.82637,1.13,1.50
2013.09.24 14:08:41.708,0.82627,0.82638,1.13,1.50
2013.09.24 14:08:41.769,0.82627,0.82639,1.13,2.25
2013.09.24 14:08:44.703,0.82627,0.82638,1.73,1.13
2013.09.24 14:08:50.059,0.82626,0.82638,2.10,1.13
2013.09.24 14:08:50.299,0.82626,0.82638,2.10,1.13
2013.09.24 14:09:02.179,0.82625,0.82634,2.48,1.50
2013.09.24 14:09:02.299,0.82624,0.82634,1.13,1.50
2013.09.24 14:09:03.631,0.82624,0.82634,1.13,1.50
2013.09.24 14:09:03.899,0.82625,0.82638,1.13,1.13
2013.09.24 14:09:04.438,0.82625,0.82638,1.13,1.13
2013.09.24 14:09:15.048,0.82627,0.82638,1.73,1.13
2013.09.24 14:09:26.809,0.82624,0.82638,1.13,1.50
2013.09.24 14:09:27.169,0.82624,0.82636,1.13,1.50
2013.09.24 14:09:36.311,0.82621,0.82632,2.48,1.50
2013.09.24 14:09:36.370,0.8262,0.82632,1.50,1.50
2013.09.24 14:09:36.430,0.8262,0.82633,1.50,1.50
2013.09.24 14:09:36.789,0.82614,0.82629,1.50,1.50
2013.09.24 14:09:36.970,0.82612,0.8262,1.50,1.50
2013.09.24 14:09:37.090,0.8261,0.8262,1.50,1.50
2013.09.24 14:09:37.151,0.82605,0.82619,2.48,1.50
2013.09.24 14:09:37.900,0.82606,0.82619,1.13,1.50
2013.09.24 14:09:39.028,0.82606,0.82619,1.13,1.50
2013.09.24 14:09:39.569,0.82606,0.82619,1.13,1.50
2013.09.24 14:09:40.128,0.82606,0.82619,1.13,1.50
2013.09.24 14:09:40.696,0.82606,0.82619,1.13,1.50
2013.09.24 14:09:40.759,0.82607,0.82619,1.13,1.50
2013.09.24 14:09:41.299,0.82606,0.8262,1.13,1.88
2013.09.24 14:09:43.599,0.82607,0.82621,1.13,1.13
2013.09.24 14:09:43.658,0.82607,0.82615,1.13,2.25
2013.09.24 14:09:43.959,0.82601,0.82608,1.50,1.50
2013.09.24 14:09:44.080,0.82602,0.8261,1.13,1.13
2013.09.24 14:09:44.390,0.82602,0.82613,1.13,1.13
2013.09.24 14:09:44.691,0.82602,0.82613,1.13,1.13
2013.09.24 14:09:47.093,0.82603,0.82613,1.13,1.13
2013.09.24 14:09:47.639,0.82609,0.8262,1.13,2.25
2013.09.24 14:09:47.878,0.82609,0.8262,1.13,1.50
2013.09.24 14:09:47.939,0.82609,0.8262,1.13,1.50
2013.09.24 14:09:48.479,0.82609,0.8262,1.13,1.50
2013.09.24 14:09:49.078,0.8261,0.82622,1.13,1.50
2013.09.24 14:09:49.460,0.82614,0.82624,1.50,1.88
2013.09.24 14:09:49.640,0.82615,0.82625,1.50,1.13
2013.09.24 14:09:49.699,0.82615,0.82626,2.25,1.50
2013.09.24 14:09:49.879,0.82618,0.8263,1.50,1.50
2013.09.24 14:09:49.998,0.82619,0.82631,2.10,1.88
2013.09.24 14:09:50.119,0.8262,0.82633,1.50,3.38
2013.09.24 14:09:50.239,0.8262,0.82631,1.50,1.13
2013.09.24 14:09:50.298,0.82619,0.82631,2.48,1.88
2013.09.24 14:09:51.198,0.82615,0.82625,1.13,1.50
2013.09.24 14:09:51.292,0.82601,0.82612,1.88,1.50
2013.09.24 14:09:52.151,0.82605,0.82617,1.13,2.63
2013.09.24 14:09:52.331,0.82606,0.82619,1.13,1.50
2013.09.24 14:09:52.692,0.82608,0.82622,1.88,2.25
2013.09.24 14:09:52.991,0.82606,0.82619,1.13,1.50
2013.09.24 14:09:53.409,0.82605,0.82619,1.13,1.50
2013.09.24 14:09:53.529,0.82604,0.82613,1.13,1.50
2013.09.24 14:09:54.073,0.82601,0.82612,1.13,1.50
2013.09.24 14:09:54.620,0.82602,0.82613,1.13,1.50
2013.09.24 14:09:55.175,0.82602,0.82613,1.13,1.50
2013.09.24 14:09:56.168,0.82602,0.82613,1.13,1.50
2013.09.24 14:09:56.709,0.82599,0.82611,1.13,1.50
2013.09.24 14:09:56.769,0.82598,0.8261,1.13,1.50
2013.09.24 14:09:57.009,0.82594,0.82604,1.88,1.50
2013.09.24 14:09:57.549,0.82592,0.82603,1.13,1.50
2013.09.24 14:09:57.991,0.82591,0.82603,1.13,1.50
2013.09.24 14:09:58.169,0.82592,0.82603,2.48,1.50
2013.09.24 14:09:59.991,0.8259,0.82603,4.13,1.50
2013.09.24 14:10:00.109,0.8259,0.82603,1.88,1.50
2013.09.24 14:10:00.170,0.8259,0.82603,1.88,1.50
2013.09.24 14:10:00.384,0.8259,0.82603,2.63,1.50
2013.09.24 14:10:03.370,0.8259,0.82605,1.88,1.13
2013.09.24 14:10:03.550,0.82595,0.82606,1.13,1.13
2013.09.24 14:10:03.612,0.82595,0.82603,1.13,1.88
2013.09.24 14:10:03.739,0.82594,0.82603,1.13,1.88
2013.09.24 14:10:04.159,0.8259,0.82603,1.13,1.50
2013.09.24 14:10:05.209,0.8259,0.82603,1.88,1.50
2013.09.24 14:10:05.270,0.8259,0.82603,2.25,1.50
2013.09.24 14:10:05.629,0.82597,0.82607,1.88,1.13
2013.09.24 14:10:05.931,0.82594,0.82606,2.25,1.13
2013.09.24 14:10:06.293,0.82594,0.82603,1.13,2.25
2013.09.24 14:10:06.420,0.82592,0.82602,1.13,1.13
2013.09.24 14:10:06.960,0.82592,0.82603,1.88,1.50
2013.09.24 14:10:07.560,0.82592,0.82604,1.88,1.50
2013.09.24 14:10:15.314,0.82596,0.82606,1.50,1.13
2013.09.24 14:10:15.441,0.82598,0.82609,1.35,1.50
2013.09.24 14:10:15.680,0.82599,0.82611,1.50,1.13
2013.09.24 14:10:16.199,0.826,0.82612,1.50,1.88
2013.09.24 14:10:16.543,0.826,0.82612,1.50,1.13
2013.09.24 14:10:17.069,0.82599,0.82613,2.25,1.50
2013.09.24 14:10:17.129,0.82599,0.8261,1.50,1.50
2013.09.24 14:10:17.490,0.826,0.82613,1.13,1.50
2013.09.24 14:10:18.003,0.82602,0.82613,1.13,1.50
2013.09.24 14:10:19.672,0.82602,0.82613,1.13,1.50
2013.09.24 14:10:21.301,0.82601,0.82613,1.13,1.50
2013.09.24 14:10:22.471,0.826,0.82613,2.25,1.13
2013.09.24 14:10:22.829,0.82605,0.82617,1.50,1.88
2013.09.24 14:10:23.189,0.82605,0.82616,2.25,1.13
2013.09.24 14:10:24.910,0.82604,0.82617,1.50,1.13
2013.09.24 14:10:24.970,0.82604,0.82616,1.50,1.50
2013.09.24 14:10:25.150,0.82602,0.82615,1.13,1.13
2013.09.24 14:10:25.689,0.82605,0.82615,1.35,1.13
2013.09.24 14:10:27.579,0.82605,0.82616,1.35,1.88
2013.09.24 14:10:27.760,0.82602,0.82614,1.50,1.50
2013.09.24 14:10:31.589,0.826,0.82613,1.88,1.50
2013.09.24 14:10:31.650,0.826,0.82612,1.13,1.50
2013.09.24 14:10:32.371,0.82599,0.8261,1.88,1.50
2013.09.24 14:10:32.730,0.82597,0.82609,1.13,1.50
2013.09.24 14:10:33.091,0.82593,0.82609,2.48,1.50
2013.09.24 14:10:33.223,0.82593,0.82604,2.48,1.50
2013.09.24 14:10:33.761,0.82593,0.82604,1.13,1.50
2013.09.24 14:10:34.305,0.82591,0.82603,1.13,1.50
2013.09.24 14:10:35.869,0.82591,0.82603,1.13,1.50
2013.09.24 14:10:36.669,0.82591,0.82603,1.13,1.50
2013.09.24 14:10:37.209,0.82592,0.82603,1.13,1.50
2013.09.24 14:10:37.974,0.82589,0.82601,1.13,1.88
2013.09.24 14:10:38.282,0.82585,0.82595,1.13,1.20
2013.09.24 14:10:38.459,0.82581,0.82592,1.50,1.50
2013.09.24 14:10:38.879,0.82579,0.82593,1.88,1.50
2013.09.24 14:10:39.059,0.82581,0.82594,1.50,1.50
2013.09.24 14:10:39.315,0.82581,0.82594,1.50,1.50
2013.09.24 14:10:39.620,0.82568,0.82575,1.58,1.50
2013.09.24 14:10:39.739,0.82563,0.82572,1.50,1.50
2013.09.24 14:10:39.979,0.82561,0.82573,1.13,3.00
2013.09.24 14:10:40.039,0.82561,0.82573,1.13,2.25
2013.09.24 14:10:40.581,0.82562,0.82573,1.73,2.25
2013.09.24 14:10:41.011,0.82563,0.82573,1.13,2.25
2013.09.24 14:10:41.369,0.82566,0.82573,1.13,1.50
2013.09.24 14:10:41.490,0.82571,0.82579,1.13,2.25
2013.09.24 14:10:41.551,0.82569,0.82579,1.50,2.25
2013.09.24 14:10:41.669,0.82571,0.82583,1.13,1.13
2013.09.24 14:10:41.729,0.82571,0.82584,1.73,1.50
2013.09.24 14:10:42.032,0.82571,0.82582,1.73,1.13
2013.09.24 14:10:42.099,0.82571,0.82582,1.13,1.88
2013.09.24 14:10:42.159,0.8257,0.82581,1.13,1.13
2013.09.24 14:10:42.460,0.82571,0.82581,1.13,1.13
2013.09.24 14:10:42.820,0.82574,0.82588,1.13,1.50
2013.09.24 14:10:43.179,0.82574,0.82588,1.13,1.13
2013.09.24 14:10:44.492,0.82572,0.82586,1.13,1.13
2013.09.24 14:10:45.031,0.82572,0.82586,1.13,1.13
2013.09.24 14:10:46.850,0.82571,0.82583,1.13,1.13
2013.09.24 14:10:46.969,0.82571,0.82584,1.13,1.88
2013.09.24 14:10:47.328,0.82568,0.82583,1.13,3.38
2013.09.24 14:10:50.450,0.82567,0.82581,1.50,1.88
2013.09.24 14:10:52.099,0.82568,0.82583,1.50,1.88
2013.09.24 14:10:52.280,0.82571,0.82583,1.73,1.50
2013.09.24 14:10:55.118,0.82571,0.82585,1.73,1.88
2013.09.24 14:10:55.699,0.82568,0.82585,1.13,1.13
2013.09.24 14:10:55.759,0.82568,0.82585,1.13,1.13
2013.09.24 14:10:56.333,0.8257,0.82585,1.13,1.50
2013.09.24 14:10:57.670,0.8257,0.82583,1.13,1.50
2013.09.24 14:10:57.790,0.8257,0.82584,1.13,1.13
2013.09.24 14:10:57.909,0.8257,0.82584,1.50,1.13
2013.09.24 14:10:58.028,0.82571,0.82584,1.35,1.13
2013.09.24 14:11:02.649,0.82574,0.82587,1.88,1.88
2013.09.24 14:11:02.889,0.82576,0.82589,1.50,1.88
2013.09.24 14:11:17.148,0.82577,0.82589,1.13,1.50
2013.09.24 14:11:19.904,0.82575,0.82587,1.13,1.50
2013.09.24 14:11:25.189,0.82574,0.82584,1.88,1.50
2013.09.24 14:11:25.309,0.82573,0.82584,2.85,1.50
2013.09.24 14:11:25.849,0.82571,0.82584,2.48,1.50
2013.09.24 14:11:27.429,0.82576,0.82585,1.13,1.50
2013.09.24 14:11:27.552,0.8258,0.82592,1.13,1.50
2013.09.24 14:11:27.610,0.8258,0.82593,1.13,1.50
2013.09.24 14:11:27.669,0.82587,0.82594,1.13,1.88
2013.09.24 14:11:27.909,0.82587,0.826,1.13,1.50
2013.09.24 14:11:28.689,0.82588,0.82599,1.13,1.50
2013.09.24 14:11:31.108,0.82586,0.82597,1.50,1.50
2013.09.24 14:11:31.648,0.82586,0.82597,1.13,1.50
2013.09.24 14:11:32.919,0.82586,0.82596,1.13,1.50
2013.09.24 14:11:33.099,0.82584,0.82593,1.50,1.50
2013.09.24 14:11:33.864,0.82582,0.82593,1.35,1.88
2013.09.24 14:11:36.391,0.82582,0.82593,1.13,1.50
2013.09.24 14:11:36.949,0.8258,0.82593,3.75,1.88
2013.09.24 14:11:37.490,0.8258,0.82593,4.50,1.88
2013.09.24 14:11:47.878,0.82581,0.82593,1.50,1.88
2013.09.24 14:11:48.419,0.8258,0.82593,1.13,1.50
2013.09.24 14:11:48.779,0.8258,0.82593,1.50,1.13
2013.09.24 14:11:48.960,0.8258,0.82591,2.25,1.13
2013.09.24 14:11:49.321,0.8258,0.82594,1.13,1.13
2013.09.24 14:11:49.380,0.8258,0.82594,1.13,1.13
2013.09.24 14:11:49.500,0.82583,0.82594,1.35,1.88
2013.09.24 14:11:49.679,0.82581,0.8259,1.13,1.13
2013.09.24 14:11:56.309,0.82578,0.82591,3.98,1.13
2013.09.24 14:11:57.239,0.82578,0.82591,3.98,1.13
2013.09.24 14:12:00.969,0.82581,0.82594,1.50,1.13
2013.09.24 14:12:01.509,0.8258,0.82594,4.13,1.13
2013.09.24 14:12:02.190,0.8258,0.82594,2.63,1.88
2013.09.24 14:12:04.122,0.82581,0.82594,1.50,1.13
2013.09.24 14:12:11.318,0.82584,0.82596,1.50,1.13
2013.09.24 14:12:12.720,0.82584,0.82595,1.50,1.13
2013.09.24 14:12:13.799,0.82583,0.82593,1.50,1.13
2013.09.24 14:12:14.592,0.8258,0.82592,1.50,1.50
2013.09.24 14:12:14.652,0.8258,0.82592,1.50,1.50
2013.09.24 14:12:14.713,0.82579,0.82591,2.25,1.13
2013.09.24 14:12:14.891,0.82578,0.8259,2.25,1.13
2013.09.24 14:12:14.955,0.82579,0.82592,1.13,1.13
2013.09.24 14:12:15.080,0.82578,0.82591,3.00,1.13
2013.09.24 14:12:15.201,0.82578,0.82591,1.13,1.50
2013.09.24 14:12:15.501,0.82575,0.82588,3.23,1.13
2013.09.24 14:12:15.681,0.82576,0.82588,1.73,1.50
2013.09.24 14:12:20.941,0.82575,0.82587,1.13,1.50
2013.09.24 14:12:21.134,0.82571,0.82582,1.13,1.50
2013.09.24 14:12:21.441,0.82569,0.82582,1.50,3.45
2013.09.24 14:12:21.572,0.82569,0.82582,2.25,3.45
2013.09.24 14:12:22.119,0.82566,0.82581,2.10,3.38
2013.09.24 14:12:22.180,0.82567,0.82581,1.50,3.38
2013.09.24 14:12:25.328,0.82569,0.82579,1.50,1.50
2013.09.24 14:12:28.139,0.82569,0.82579,1.50,2.25
2013.09.24 14:12:28.379,0.82569,0.8258,1.50,1.50
2013.09.24 14:12:28.619,0.82569,0.82581,1.50,1.50
2013.09.24 14:12:29.160,0.82569,0.8258,1.50,2.63
2013.09.24 14:12:29.219,0.82568,0.8258,1.50,2.63
2013.09.24 14:12:29.399,0.82568,0.82579,2.10,3.75
2013.09.24 14:12:29.940,0.82568,0.82579,2.10,3.00
2013.09.24 14:12:32.384,0.82568,0.82578,2.10,1.50
2013.09.24 14:12:33.360,0.82568,0.82578,2.10,1.50
2013.09.24 14:12:36.711,0.82565,0.82578,1.88,1.50
2013.09.24 14:12:36.900,0.82565,0.82578,1.50,3.75
2013.09.24 14:12:37.439,0.82565,0.82575,1.88,2.25
2013.09.24 14:12:38.056,0.82565,0.82575,1.88,1.50
2013.09.24 14:12:40.719,0.82565,0.82576,1.13,1.50
2013.09.24 14:12:45.150,0.82565,0.82576,1.50,1.50
2013.09.24 14:12:46.159,0.82564,0.82576,1.13,1.50
2013.09.24 14:12:46.952,0.82563,0.82576,1.13,1.50
2013.09.24 14:12:47.617,0.82563,0.82576,1.50,1.13
2013.09.24 14:12:49.490,0.82566,0.82579,1.13,1.50
2013.09.24 14:12:49.609,0.82571,0.82581,1.50,2.25
2013.09.24 14:12:49.670,0.82569,0.82581,1.13,2.25
2013.09.24 14:12:49.790,0.82569,0.8258,1.50,1.13
2013.09.24 14:12:49.849,0.82566,0.8258,1.50,1.88
2013.09.24 14:12:50.389,0.82565,0.82579,1.88,1.13
2013.09.24 14:12:50.749,0.82566,0.8258,1.13,1.88
2013.09.24 14:12:54.421,0.82564,0.82578,1.88,1.13
2013.09.24 14:12:54.780,0.82562,0.82578,1.13,3.75
2013.09.24 14:12:55.290,0.82562,0.82577,1.13,3.76
2013.09.24 14:12:56.161,0.82561,0.82577,1.13,3.00
2013.09.24 14:12:56.734,0.82561,0.82577,1.13,3.00
2013.09.24 14:12:57.304,0.82562,0.82576,1.13,1.50
2013.09.24 14:12:57.910,0.82559,0.82573,1.13,1.50
2013.09.24 14:13:01.069,0.8256,0.82573,1.50,1.50
2013.09.24 14:13:01.609,0.82562,0.82574,1.35,1.13
2013.09.24 14:13:04.393,0.8256,0.82574,1.50,1.13
2013.09.24 14:13:08.261,0.82562,0.82573,1.13,1.13
2013.09.24 14:13:09.098,0.82562,0.82573,1.13,1.13
2013.09.24 14:13:10.131,0.82562,0.82573,2.63,1.13
2013.09.24 14:13:23.860,0.82564,0.82574,1.50,1.13
2013.09.24 14:13:24.410,0.82564,0.82576,1.50,1.13
2013.09.24 14:13:24.600,0.82567,0.82578,1.50,1.13
2013.09.24 14:13:24.901,0.82568,0.82579,1.50,1.50
2013.09.24 14:13:26.231,0.82568,0.82579,1.50,1.13
2013.09.24 14:13:26.909,0.82568,0.82581,1.50,2.25
2013.09.24 14:13:27.429,0.82568,0.82581,1.50,2.25
2013.09.24 14:13:27.879,0.82568,0.82579,1.50,1.13
2013.09.24 14:13:28.910,0.82568,0.82581,1.50,1.88
2013.09.24 14:13:28.971,0.82568,0.82581,1.50,1.88
2013.09.24 14:13:35.779,0.82568,0.82581,1.50,1.88
2013.09.24 14:13:36.332,0.82568,0.82581,1.50,1.13
2013.09.24 14:13:37.449,0.82568,0.82581,1.50,1.13
2013.09.24 14:13:44.530,0.82567,0.82581,1.88,1.88
2013.09.24 14:13:45.129,0.82567,0.82581,1.88,1.88
2013.09.24 14:13:54.701,0.82566,0.8258,1.50,1.13
2013.09.24 14:13:55.119,0.82567,0.82581,1.88,1.88
2013.09.24 14:14:03.539,0.82567,0.82581,1.88,1.88
2013.09.24 14:14:07.159,0.82571,0.82581,1.50,1.13
2013.09.24 14:14:07.219,0.82571,0.82584,1.50,2.48
2013.09.24 14:14:07.579,0.82573,0.82586,1.20,3.38
2013.09.24 14:14:07.819,0.8258,0.82594,1.13,1.88
2013.09.24 14:14:07.879,0.8258,0.82594,1.13,1.13
2013.09.24 14:14:11.074,0.82579,0.82591,1.50,1.13
2013.09.24 14:14:11.618,0.82579,0.8259,1.13,1.13
2013.09.24 14:14:13.640,0.82577,0.8259,2.25,1.13
2013.09.24 14:14:16.440,0.82577,0.8259,1.50,1.13
2013.09.24 14:14:16.750,0.82576,0.82587,1.88,1.13
2013.09.24 14:14:20.134,0.82576,0.8259,1.13,2.25
2013.09.24 14:14:20.659,0.82575,0.82589,1.13,1.13
2013.09.24 14:14:25.219,0.82575,0.82586,1.88,1.13
2013.09.24 14:14:25.341,0.82576,0.82589,1.88,1.13
2013.09.24 14:14:25.401,0.82581,0.82591,1.50,1.13
2013.09.24 14:14:26.107,0.82585,0.82597,1.95,1.13
2013.09.24 14:14:26.589,0.82585,0.82597,2.00,1.13
2013.09.24 14:14:26.949,0.82585,0.82599,2.00,1.13
2013.09.24 14:14:27.549,0.82585,0.82599,1.62,1.13
2013.09.24 14:14:28.320,0.82587,0.82599,1.13,1.13
2013.09.24 14:14:28.679,0.82584,0.82599,1.80,1.50
2013.09.24 14:14:29.369,0.82584,0.82597,1.95,1.13
2013.09.24 14:14:29.669,0.82584,0.82593,1.13,1.13
2013.09.24 14:14:29.730,0.82579,0.82593,1.50,1.13
2013.09.24 14:14:29.969,0.82579,0.82592,1.50,1.13
2013.09.24 14:14:30.291,0.82589,0.82594,1.13,1.13
2013.09.24 14:14:30.529,0.82584,0.82594,1.50,1.13
2013.09.24 14:14:30.649,0.82581,0.82591,1.50,1.13
2013.09.24 14:14:30.769,0.8258,0.82591,1.50,1.88
2013.09.24 14:14:31.302,0.82578,0.82591,1.50,1.88
2013.09.24 14:14:32.115,0.82578,0.82591,1.50,1.88
2013.09.24 14:14:35.761,0.82578,0.82591,1.50,1.13
2013.09.24 14:14:36.120,0.82578,0.82591,1.50,1.13
2013.09.24 14:14:36.479,0.82578,0.82593,1.50,2.25
2013.09.24 14:14:40.486,0.82578,0.82593,1.50,1.13
2013.09.24 14:14:41.672,0.82579,0.82593,1.50,1.13
2013.09.24 14:14:42.405,0.82579,0.82593,1.50,1.13
2013.09.24 14:14:42.980,0.82579,0.82591,1.50,1.13
2013.09.24 14:14:43.163,0.8258,0.82595,1.50,1.62
2013.09.24 14:14:43.410,0.82588,0.82595,1.13,1.62
2013.09.24 14:14:43.470,0.82584,0.82595,1.88,1.62
2013.09.24 14:14:43.710,0.82583,0.82594,1.50,1.50
2013.09.24 14:14:43.771,0.82579,0.82593,1.88,1.13
2013.09.24 14:14:44.295,0.82579,0.82592,1.50,1.13
2013.09.24 14:14:44.840,0.82579,0.82592,1.50,1.13
2013.09.24 14:14:45.491,0.82579,0.82591,1.50,1.13
2013.09.24 14:14:45.730,0.82577,0.82591,1.13,7.50
2013.09.24 14:14:45.850,0.82578,0.82591,1.50,6.75
2013.09.24 14:14:46.269,0.82581,0.82591,1.13,1.50
2013.09.24 14:14:46.810,0.82581,0.82592,1.88,2.25
2013.09.24 14:14:47.358,0.82581,0.82592,1.88,1.50
2013.09.24 14:14:49.799,0.82581,0.82592,1.50,1.50
2013.09.24 14:14:52.290,0.82582,0.82593,3.00,2.10
2013.09.24 14:14:52.652,0.82594,0.826,1.13,1.13
2013.09.24 14:14:52.711,0.82593,0.826,1.13,1.13
2013.09.24 14:14:53.432,0.82585,0.826,1.88,1.13
2013.09.24 14:14:53.972,0.82585,0.826,2.25,1.13
2013.09.24 14:14:57.250,0.82585,0.826,1.88,1.50
2013.09.24 14:15:01.420,0.8259,0.82601,1.50,2.63
2013.09.24 14:15:01.969,0.82591,0.82603,1.50,1.13
2013.09.24 14:15:02.749,0.82591,0.82603,1.50,1.13
2013.09.24 14:15:04.390,0.82591,0.82603,1.50,1.13
2013.09.24 14:15:04.990,0.82591,0.82603,1.50,1.13
2013.09.24 14:15:06.931,0.82592,0.82603,1.50,1.13
2013.09.24 14:15:07.290,0.82596,0.82609,1.13,1.50
2013.09.24 14:15:07.470,0.82599,0.82608,1.13,1.13
2013.09.24 14:15:07.709,0.82595,0.82607,1.50,2.63
2013.09.24 14:15:08.249,0.82595,0.82606,1.50,1.43
2013.09.24 14:15:08.369,0.82595,0.82607,1.50,1.05
2013.09.24 14:15:11.740,0.82595,0.82606,1.50,1.43
2013.09.24 14:15:11.804,0.82595,0.82606,1.50,1.43
2013.09.24 14:15:12.111,0.82593,0.82604,1.13,1.13
2013.09.24 14:15:12.911,0.82592,0.82602,1.13,1.13
2013.09.24 14:15:13.030,0.82589,0.82601,1.50,1.13
2013.09.24 14:15:13.571,0.82586,0.826,1.13,1.88
2013.09.24 14:15:14.411,0.82585,0.82599,1.88,1.13
2013.09.24 14:15:14.769,0.82586,0.826,1.13,1.88
2013.09.24 14:15:14.830,0.82586,0.82599,1.13,1.50
2013.09.24 14:15:15.369,0.82586,0.82598,1.13,1.13
2013.09.24 14:15:16.029,0.82585,0.82598,1.88,1.13
2013.09.24 14:15:20.269,0.82585,0.82597,1.13,1.13
2013.09.24 14:15:21.885,0.82585,0.82597,1.50,1.13
2013.09.24 14:15:23.271,0.82586,0.82597,1.13,1.13
2013.09.24 14:15:30.900,0.82587,0.82599,1.13,1.13
2013.09.24 14:15:32.989,0.82585,0.82598,1.50,1.13
2013.09.24 14:15:33.291,0.82583,0.82592,1.88,1.50
2013.09.24 14:15:35.361,0.82583,0.82594,1.88,1.50
2013.09.24 14:15:35.972,0.82583,0.82594,1.13,1.13
2013.09.24 14:15:36.330,0.82581,0.82591,1.50,1.50
2013.09.24 14:15:37.240,0.82579,0.82591,1.13,3.00
2013.09.24 14:15:37.479,0.82574,0.82585,1.13,1.13
2013.09.24 14:15:37.539,0.82575,0.82585,1.50,1.13
2013.09.24 14:15:37.779,0.82572,0.82582,1.88,2.26
2013.09.24 14:15:37.841,0.82572,0.82582,1.13,2.26
2013.09.24 14:15:38.379,0.82569,0.82582,1.13,1.88
2013.09.24 14:15:40.319,0.82569,0.82581,1.13,1.88
2013.09.24 14:15:40.560,0.82569,0.82581,1.13,1.50
2013.09.24 14:15:40.679,0.82571,0.82581,1.13,1.50
2013.09.24 14:15:41.650,0.82572,0.82586,1.13,2.25
2013.09.24 14:15:42.201,0.8257,0.82584,1.88,1.50
2013.09.24 14:15:42.441,0.8257,0.82581,1.50,1.13
2013.09.24 14:15:42.502,0.82569,0.82581,1.13,1.13
2013.09.24 14:15:43.039,0.82569,0.82581,1.13,3.38
2013.09.24 14:15:44.690,0.82567,0.82581,1.88,3.76
2013.09.24 14:15:46.649,0.82568,0.8258,1.13,1.13
2013.09.24 14:15:52.484,0.82567,0.82575,1.13,1.50
2013.09.24 14:15:52.670,0.82564,0.82575,1.88,2.25
2013.09.24 14:15:52.730,0.82564,0.82575,1.13,1.50
2013.09.24 14:15:52.969,0.82565,0.82575,1.13,1.13
2013.09.24 14:15:53.909,0.82565,0.82575,1.13,1.13
2013.09.24 14:15:56.409,0.82564,0.82576,1.13,2.25
2013.09.24 14:15:58.690,0.82562,0.82572,1.50,2.63
2013.09.24 14:15:58.750,0.82561,0.82572,1.88,3.75
2013.09.24 14:15:58.812,0.82562,0.82572,1.13,4.13
2013.09.24 14:15:59.291,0.82559,0.82572,2.25,6.00
2013.09.24 14:15:59.530,0.8256,0.82571,1.13,2.63
2013.09.24 14:15:59.952,0.82559,0.82571,1.13,3.75
2013.09.24 14:16:00.310,0.8256,0.82571,1.13,3.00
2013.09.24 14:16:00.850,0.82563,0.82571,1.13,1.87
2013.09.24 14:16:01.091,0.82561,0.82572,1.13,2.63
2013.09.24 14:16:01.452,0.82563,0.82573,1.13,1.50
2013.09.24 14:16:01.820,0.82561,0.82572,1.50,3.38
2013.09.24 14:16:02.002,0.82561,0.82571,1.50,3.75
2013.09.24 14:16:02.120,0.82564,0.82572,1.13,1.88
2013.09.24 14:16:02.421,0.82561,0.82572,2.25,4.13
2013.09.24 14:16:03.323,0.82563,0.82572,1.13,1.50
2013.09.24 14:16:03.386,0.82564,0.82573,1.13,1.50
2013.09.24 14:16:03.691,0.82569,0.82579,1.13,1.50
2013.09.24 14:16:03.750,0.8257,0.82579,1.13,1.50
2013.09.24 14:16:03.810,0.8257,0.8258,1.13,1.50
2013.09.24 14:16:03.930,0.82568,0.82581,1.13,2.25
2013.09.24 14:16:04.230,0.8257,0.82581,1.13,2.25
2013.09.24 14:16:05.190,0.82572,0.82581,1.13,1.50
2013.09.24 14:16:07.060,0.8257,0.82581,2.48,1.50
2013.09.24 14:16:07.120,0.8257,0.82582,3.23,1.50
2013.09.24 14:16:07.659,0.8257,0.82584,1.88,1.50
2013.09.24 14:16:08.458,0.8257,0.82584,1.88,1.88
2013.09.24 14:16:10.381,0.8257,0.82584,2.63,1.13
2013.09.24 14:16:10.501,0.82572,0.82586,1.13,2.25
2013.09.24 14:16:10.681,0.82573,0.82586,2.10,1.50
2013.09.24 14:16:10.800,0.82573,0.82586,2.48,1.13
2013.09.24 14:16:11.330,0.82578,0.82591,1.50,3.75
2013.09.24 14:16:11.511,0.82582,0.82591,1.13,1.50
2013.09.24 14:16:11.693,0.82579,0.82593,1.13,1.88
2013.09.24 14:16:13.710,0.82577,0.82593,1.13,2.25
2013.09.24 14:16:13.890,0.82582,0.82593,1.50,3.00
2013.09.24 14:16:14.191,0.82583,0.82593,1.50,1.13
2013.09.24 14:16:14.250,0.82582,0.82593,1.88,1.88
2013.09.24 14:16:14.370,0.82579,0.82593,2.25,1.88
2013.09.24 14:16:14.436,0.82577,0.82588,1.88,1.50
2013.09.24 14:16:14.621,0.82577,0.82588,1.13,1.50
2013.09.24 14:16:17.160,0.82577,0.82591,1.50,1.13
2013.09.24 14:16:17.520,0.82579,0.82594,2.25,1.13
2013.09.24 14:16:20.749,0.8258,0.82594,1.50,1.13
2013.09.24 14:16:23.220,0.82582,0.82596,1.35,2.63
2013.09.24 14:16:24.232,0.8258,0.82593,1.50,1.13
2013.09.24 14:16:26.200,0.82582,0.82594,2.10,1.50
2013.09.24 14:16:28.671,0.82582,0.82593,1.50,1.88
2013.09.24 14:16:29.229,0.82582,0.82593,1.50,1.50
2013.09.24 14:16:29.782,0.82579,0.82592,1.88,1.50
2013.09.24 14:16:29.840,0.82579,0.82591,1.13,1.50
2013.09.24 14:16:30.950,0.82582,0.82591,2.63,1.50
2013.09.24 14:16:31.070,0.82587,0.82596,1.50,1.13
2013.09.24 14:16:31.250,0.82587,0.82598,1.50,1.88
2013.09.24 14:16:31.549,0.82588,0.82599,1.50,1.13
2013.09.24 14:16:32.349,0.82588,0.826,1.50,1.88
2013.09.24 14:16:32.858,0.82588,0.826,1.50,1.88
2013.09.24 14:16:33.588,0.82588,0.826,1.50,1.13
2013.09.24 14:16:33.652,0.82588,0.826,1.50,1.13
2013.09.24 14:16:37.210,0.82588,0.82601,1.50,3.38
2013.09.24 14:16:37.511,0.82598,0.82606,1.50,1.50
2013.09.24 14:16:37.989,0.82597,0.8261,1.88,1.50
2013.09.24 14:16:38.650,0.82598,0.8261,1.50,1.50
2013.09.24 14:16:38.890,0.82598,0.82611,2.63,3.38
2013.09.24 14:16:39.430,0.82598,0.82611,2.63,4.13
2013.09.24 14:16:39.970,0.82601,0.82611,1.13,2.25
2013.09.24 14:16:40.330,0.82608,0.8262,1.88,1.50
2013.09.24 14:16:40.389,0.82612,0.82624,1.13,1.50
2013.09.24 14:16:40.630,0.82612,0.82625,1.13,1.88
2013.09.24 14:16:40.690,0.82611,0.82622,1.13,1.50
2013.09.24 14:16:40.750,0.82613,0.82623,1.13,1.50
2013.09.24 14:16:40.930,0.82613,0.82624,1.13,2.25
2013.09.24 14:16:40.990,0.82613,0.82624,1.13,2.25
2013.09.24 14:16:41.072,0.82613,0.82624,1.13,2.25
2013.09.24 14:16:41.430,0.82606,0.82619,3.60,1.50
2013.09.24 14:16:41.946,0.82606,0.82618,3.00,1.50
2013.09.24 14:16:42.310,0.82606,0.82619,1.50,1.50
2013.09.24 14:16:45.040,0.82606,0.82618,1.50,1.50
2013.09.24 14:16:46.200,0.82606,0.82618,1.50,1.50
2013.09.24 14:16:46.630,0.82606,0.82618,1.50,1.50
2013.09.24 14:16:47.629,0.82606,0.82618,1.50,1.50
2013.09.24 14:16:53.025,0.82606,0.82617,1.50,1.50
2013.09.24 14:16:53.329,0.82612,0.82622,1.50,1.13
2013.09.24 14:16:53.569,0.82612,0.82623,1.50,1.13
2013.09.24 14:16:53.809,0.82607,0.82623,1.13,3.38
2013.09.24 14:16:54.490,0.82607,0.82622,1.13,1.88
2013.09.24 14:16:54.670,0.82606,0.8262,1.88,1.50
2013.09.24 14:16:54.980,0.82606,0.82619,1.50,1.50
2013.09.24 14:17:04.370,0.82606,0.82619,1.50,1.50
2013.09.24 14:17:05.970,0.82606,0.82618,1.50,1.50
2013.09.24 14:17:06.031,0.82602,0.82617,3.75,2.25
2013.09.24 14:17:06.151,0.82602,0.82615,3.00,1.13
2013.09.24 14:17:06.210,0.82602,0.82614,2.25,1.50
2013.09.24 14:17:06.270,0.82599,0.82613,2.25,1.50
2013.09.24 14:17:06.330,0.82598,0.82612,2.63,3.00
2013.09.24 14:17:07.222,0.82596,0.8261,3.00,1.50
2013.09.24 14:17:07.340,0.82596,0.82612,3.00,2.63
2013.09.24 14:17:07.700,0.82596,0.82612,1.50,2.63
2013.09.24 14:17:08.740,0.82596,0.82612,1.50,2.25
2013.09.24 14:17:09.290,0.82596,0.82612,2.25,1.50
2013.09.24 14:17:09.350,0.82596,0.82612,2.25,1.50
2013.09.24 14:17:10.331,0.82596,0.82612,1.50,1.88
2013.09.24 14:17:12.944,0.82596,0.82612,1.50,1.88
2013.09.24 14:17:13.529,0.82594,0.82612,1.50,1.88
2013.09.24 14:17:13.616,0.82588,0.82602,2.10,1.50
2013.09.24 14:17:16.570,0.82588,0.82602,2.85,1.50
2013.09.24 14:17:19.743,0.8259,0.82603,2.25,1.13
2013.09.24 14:17:19.924,0.82592,0.82604,1.50,1.13
2013.09.24 14:17:20.420,0.82593,0.82608,1.88,1.50
2013.09.24 14:17:20.480,0.82595,0.82608,1.13,1.50
2013.09.24 14:17:20.960,0.82596,0.82611,3.00,1.13
2013.09.24 14:17:21.320,0.82593,0.82609,2.48,1.50
2013.09.24 14:17:23.141,0.82593,0.82607,2.85,1.88
2013.09.24 14:17:23.202,0.82594,0.82607,1.13,1.50
2013.09.24 14:17:23.680,0.82591,0.82605,2.63,1.13
2013.09.24 14:17:23.979,0.8259,0.826,1.50,1.13
2013.09.24 14:17:24.461,0.82588,0.826,2.63,1.13
2013.09.24 14:17:24.521,0.82588,0.826,1.13,1.13
2013.09.24 14:17:25.112,0.82586,0.82598,1.88,1.13
2013.09.24 14:17:25.776,0.82582,0.82593,2.63,1.13
2013.09.24 14:17:26.330,0.82582,0.82595,2.63,1.13
2013.09.24 14:17:26.393,0.82582,0.82596,2.63,1.13
2013.09.24 14:17:26.572,0.8258,0.82591,2.25,1.50
2013.09.24 14:17:27.941,0.8258,0.82592,1.88,1.13
2013.09.24 14:17:29.671,0.82582,0.82593,1.50,1.13
2013.09.24 14:17:29.730,0.82582,0.82596,2.63,3.38
2013.09.24 14:17:29.850,0.82584,0.82597,1.13,1.50
2013.09.24 14:17:30.029,0.82584,0.82598,1.13,1.13
2013.09.24 14:17:30.450,0.82587,0.82602,1.50,1.50
2013.09.24 14:17:31.381,0.82588,0.82599,1.13,1.50
2013.09.24 14:17:31.922,0.82586,0.82598,1.13,1.50
2013.09.24 14:17:32.041,0.82584,0.82598,1.13,1.50
2013.09.24 14:17:32.656,0.82584,0.82598,1.13,2.25
2013.09.24 14:17:32.990,0.82585,0.82598,1.13,2.25
2013.09.24 14:17:34.231,0.82582,0.82595,2.63,1.13
2013.09.24 14:17:34.532,0.82582,0.82595,2.63,1.13
2013.09.24 14:17:34.913,0.82584,0.82596,1.13,1.50
2013.09.24 14:17:35.270,0.82582,0.82597,3.00,2.25
2013.09.24 14:17:35.329,0.82582,0.82597,2.63,2.63
2013.09.24 14:17:36.974,0.82588,0.82596,1.13,1.13
2013.09.24 14:17:37.280,0.82582,0.82596,2.63,1.13
2013.09.24 14:17:38.953,0.82588,0.82598,1.13,2.63
2013.09.24 14:17:39.201,0.82582,0.82595,4.88,1.13
2013.09.24 14:17:39.322,0.82582,0.82595,2.63,1.13
2013.09.24 14:17:39.932,0.82582,0.82592,1.88,1.50
2013.09.24 14:17:40.292,0.82585,0.82593,1.50,1.13
2013.09.24 14:17:40.773,0.82585,0.82591,1.50,1.13
2013.09.24 14:17:41.130,0.82588,0.82595,1.50,1.13
2013.09.24 14:17:41.190,0.82588,0.82596,1.50,3.60
2013.09.24 14:17:41.310,0.8259,0.82596,1.50,3.00
2013.09.24 14:17:41.370,0.8259,0.82597,1.50,1.49
2013.09.24 14:17:41.549,0.82586,0.82593,1.50,1.13
2013.09.24 14:17:42.290,0.82585,0.82593,1.50,1.13
2013.09.24 14:17:44.687,0.82585,0.82596,2.25,1.13
2013.09.24 14:17:48.990,0.82585,0.82596,2.25,2.63
2013.09.24 14:17:50.628,0.82585,0.82596,2.25,1.13
2013.09.24 14:17:51.171,0.82586,0.82597,1.50,2.63
2013.09.24 14:17:51.400,0.82586,0.82597,1.50,1.88
2013.09.24 14:17:51.941,0.82586,0.82597,1.50,1.13
2013.09.24 14:17:52.460,0.82586,0.82597,1.50,1.13
2013.09.24 14:17:54.350,0.82586,0.82598,1.50,1.13
2013.09.24 14:17:54.770,0.82586,0.82598,1.50,1.13
2013.09.24 14:17:58.571,0.82586,0.82598,1.50,1.13
2013.09.24 14:18:01.960,0.82587,0.826,1.13,1.50
2013.09.24 14:18:02.380,0.82586,0.82597,1.50,1.13
2013.09.24 14:18:03.700,0.82586,0.82598,1.50,1.13
2013.09.24 14:18:05.220,0.82586,0.82597,1.50,1.13
2013.09.24 14:18:05.460,0.82586,0.82597,1.50,1.50
2013.09.24 14:18:05.793,0.82586,0.82597,1.50,2.25
2013.09.24 14:18:06.103,0.82585,0.82594,1.50,1.58
2013.09.24 14:18:06.647,0.82585,0.82594,1.50,1.80
2013.09.24 14:18:07.420,0.82585,0.82594,1.50,1.80
2013.09.24 14:18:07.780,0.8258,0.82591,2.25,1.88
2013.09.24 14:18:09.041,0.8258,0.8259,2.25,1.13
2013.09.24 14:18:10.537,0.8258,0.82588,1.50,1.13
2013.09.24 14:18:11.512,0.8258,0.82588,1.50,1.13
2013.09.24 14:18:13.592,0.82581,0.82591,1.50,2.63
2013.09.24 14:18:13.951,0.82581,0.82591,1.50,2.63
2013.09.24 14:18:14.610,0.8258,0.8259,1.50,1.13
2013.09.24 14:18:14.670,0.82581,0.8259,1.50,1.13
2013.09.24 14:18:15.212,0.82577,0.8259,1.88,1.13
2013.09.24 14:18:15.571,0.82578,0.8259,2.25,1.13
2013.09.24 14:18:15.931,0.82585,0.82597,1.50,1.13
2013.09.24 14:18:15.992,0.82586,0.82599,1.50,2.48
2013.09.24 14:18:16.110,0.82586,0.826,2.25,1.13
2013.09.24 14:18:16.351,0.82588,0.82603,1.88,1.88
2013.09.24 14:18:16.531,0.82591,0.82604,1.50,1.50
2013.09.24 14:18:17.101,0.82591,0.82605,1.50,1.13
2013.09.24 14:18:17.541,0.82591,0.82604,1.50,1.50
2013.09.24 14:18:18.080,0.82591,0.82604,1.50,1.50
2013.09.24 14:18:19.710,0.82591,0.82604,1.50,1.50
2013.09.24 14:18:20.341,0.82591,0.82604,1.50,1.50
2013.09.24 14:18:23.441,0.8259,0.826,1.50,1.13
2013.09.24 14:18:23.621,0.82584,0.82596,1.88,1.50
2013.09.24 14:18:23.680,0.82586,0.82601,1.50,2.85
2013.09.24 14:18:23.801,0.82591,0.82603,1.50,1.50
2013.09.24 14:18:24.101,0.82591,0.82605,1.50,1.50
2013.09.24 14:18:24.453,0.82591,0.82603,1.50,1.50
2013.09.24 14:18:25.010,0.82591,0.82604,1.50,1.50
2013.09.24 14:18:25.551,0.82591,0.82604,1.50,1.50
2013.09.24 14:18:26.112,0.82591,0.82604,1.50,1.88
2013.09.24 14:18:26.904,0.82591,0.82603,1.50,1.50
2013.09.24 14:18:27.893,0.82591,0.82603,1.50,1.88
2013.09.24 14:18:30.100,0.82591,0.82603,1.50,1.88
2013.09.24 14:18:31.179,0.82591,0.82603,1.50,1.88
2013.09.24 14:18:32.249,0.82591,0.82603,1.50,1.13
2013.09.24 14:18:36.086,0.82592,0.82604,1.50,1.50
2013.09.24 14:18:36.211,0.82594,0.82604,1.50,1.88
2013.09.24 14:18:38.521,0.82596,0.82606,1.50,1.13
2013.09.24 14:18:38.882,0.82596,0.82608,1.50,2.25
2013.09.24 14:18:44.032,0.82597,0.82608,1.50,1.88
2013.09.24 14:18:45.170,0.82601,0.82609,1.50,1.13
2013.09.24 14:18:45.350,0.82602,0.82611,1.50,1.13
2013.09.24 14:18:46.440,0.82602,0.82613,1.50,1.13
2013.09.24 14:18:46.872,0.82605,0.82615,1.50,1.13
2013.09.24 14:18:46.992,0.82606,0.82615,1.50,1.13
2013.09.24 14:18:47.181,0.82606,0.82617,2.25,1.88
2013.09.24 14:18:47.691,0.82606,0.82616,2.25,1.13
2013.09.24 14:18:48.201,0.82606,0.82617,2.25,1.50
2013.09.24 14:18:50.532,0.82607,0.82618,1.50,1.13
2013.09.24 14:18:50.890,0.82612,0.82623,1.50,1.13
2013.09.24 14:18:51.161,0.82612,0.82624,2.25,1.50
2013.09.24 14:18:51.221,0.82615,0.82625,1.50,1.88
2013.09.24 14:18:51.461,0.82617,0.82626,1.50,1.50
2013.09.24 14:18:51.582,0.82617,0.82626,1.50,1.50
2013.09.24 14:18:52.131,0.82617,0.82628,1.50,1.13
2013.09.24 14:18:55.090,0.82617,0.82628,1.50,1.88
2013.09.24 14:18:55.631,0.82617,0.82627,1.50,3.38
2013.09.24 14:18:58.165,0.82616,0.82627,1.50,1.88
2013.09.24 14:18:58.481,0.82616,0.82622,1.50,1.13
2013.09.24 14:18:58.540,0.82612,0.82622,1.50,1.13
2013.09.24 14:18:59.880,0.82612,0.82622,1.50,1.13
2013.09.24 14:19:03.831,0.82612,0.82623,1.50,1.13
2013.09.24 14:19:05.614,0.82612,0.82623,1.50,1.13
2013.09.24 14:19:07.125,0.82612,0.82623,1.50,1.13
2013.09.24 14:19:08.886,0.82612,0.82623,1.50,1.13
2013.09.24 14:19:15.511,0.82612,0.82624,1.50,1.13
2013.09.24 14:19:15.751,0.82617,0.82627,1.50,1.13
2013.09.24 14:19:16.842,0.82617,0.82628,1.50,1.13
2013.09.24 14:19:17.140,0.82614,0.82626,1.13,1.88
2013.09.24 14:19:18.252,0.82616,0.82627,1.50,1.88
2013.09.24 14:19:18.342,0.82622,0.82633,1.50,1.35
2013.09.24 14:19:21.040,0.82622,0.82633,1.50,1.35
2013.09.24 14:19:21.220,0.82621,0.82631,1.50,1.13
2013.09.24 14:19:21.876,0.82621,0.82631,1.50,1.13
2013.09.24 14:19:23.744,0.82622,0.82633,1.50,1.35
2013.09.24 14:19:25.181,0.82622,0.82633,1.50,1.35
2013.09.24 14:19:27.990,0.82622,0.82632,1.50,1.13
2013.09.24 14:19:30.342,0.82622,0.82631,1.50,1.13
2013.09.24 14:19:32.244,0.82626,0.82636,1.50,3.00
2013.09.24 14:19:32.551,0.82631,0.82638,2.25,1.13
2013.09.24 14:19:32.854,0.82627,0.82638,1.50,1.13
2013.09.24 14:19:35.160,0.82627,0.82639,1.50,1.13
2013.09.24 14:19:35.340,0.82626,0.82635,1.50,1.13
2013.09.24 14:19:39.332,0.82627,0.82637,1.50,1.13
2013.09.24 14:19:39.752,0.82628,0.82642,1.35,2.63
2013.09.24 14:19:39.871,0.82632,0.82642,1.50,1.13
2013.09.24 14:19:40.411,0.82632,0.82644,1.50,1.13
2013.09.24 14:19:41.126,0.82632,0.82646,1.50,1.35
2013.09.24 14:19:41.633,0.82637,0.82646,1.50,1.13
2013.09.24 14:19:42.170,0.82637,0.82646,1.50,1.13
2013.09.24 14:19:50.431,0.82637,0.82646,1.50,1.13
2013.09.24 14:19:52.596,0.82637,0.82646,1.50,1.13
2013.09.24 14:19:56.882,0.82637,0.82648,1.50,1.13
2013.09.24 14:19:56.942,0.82637,0.82647,1.50,1.13
2013.09.24 14:19:57.481,0.82639,0.82649,1.50,1.13
2013.09.24 14:19:57.541,0.82638,0.82651,2.25,1.88
2013.09.24 14:19:57.601,0.82638,0.82647,1.50,1.50
2013.09.24 14:19:57.723,0.82638,0.82647,1.50,1.50
2013.09.24 14:19:58.700,0.82638,0.82647,1.50,1.50
2013.09.24 14:19:59.243,0.82637,0.82647,3.00,1.50
2013.09.24 14:20:00.442,0.82637,0.82647,1.50,1.50
2013.09.24 14:20:00.800,0.82636,0.82645,1.50,1.13
2013.09.24 14:20:01.100,0.82636,0.82647,1.50,1.50
2013.09.24 14:20:02.001,0.82636,0.82647,2.25,1.88
2013.09.24 14:20:02.721,0.82636,0.82646,1.50,1.13
2013.09.24 14:20:03.763,0.82631,0.8264,1.88,1.13
2013.09.24 14:20:04.073,0.82631,0.82641,1.50,1.13
2013.09.24 14:20:04.941,0.82627,0.82637,1.50,1.13
2013.09.24 14:20:05.002,0.82626,0.82636,1.50,1.13
2013.09.24 14:20:05.240,0.82627,0.82639,1.50,1.13
2013.09.24 14:20:05.541,0.82626,0.82636,1.50,1.13
2013.09.24 14:20:05.900,0.82626,0.82636,1.50,1.13
2013.09.24 14:20:06.232,0.82626,0.82636,1.50,1.13
2013.09.24 14:20:07.022,0.82627,0.82638,3.00,2.25
2013.09.24 14:20:07.082,0.82627,0.82638,1.50,1.50
2013.09.24 14:20:07.263,0.82636,0.82646,2.63,1.50
2013.09.24 14:20:07.445,0.82636,0.82643,1.50,1.13
2013.09.24 14:20:07.511,0.82636,0.82643,1.50,1.13
2013.09.24 14:20:07.571,0.82636,0.82645,1.50,1.50
2013.09.24 14:20:09.991,0.82636,0.82646,1.50,1.13
2013.09.24 14:20:10.231,0.82632,0.82642,1.50,1.13
2013.09.24 14:20:10.291,0.82631,0.82642,1.13,1.13
2013.09.24 14:20:10.831,0.82631,0.82642,1.50,1.88
2013.09.24 14:20:10.951,0.82631,0.82639,1.50,1.50
2013.09.24 14:20:11.011,0.82626,0.82637,1.50,1.13
2013.09.24 14:20:14.121,0.82626,0.82638,1.50,1.88
2013.09.24 14:20:21.543,0.82626,0.82636,1.50,1.13
2013.09.24 14:20:22.281,0.82626,0.82633,1.50,1.50
2013.09.24 14:20:22.582,0.82626,0.82633,1.50,1.20
2013.09.24 14:20:24.231,0.82626,0.82633,1.50,1.13
2013.09.24 14:20:24.473,0.82626,0.82633,1.50,1.13
2013.09.24 14:20:25.426,0.82626,0.82633,1.50,1.13
2013.09.24 14:20:28.101,0.82626,0.82631,1.50,1.50
2013.09.24 14:20:28.160,0.82617,0.82628,1.50,1.50
2013.09.24 14:20:28.220,0.82617,0.82625,1.13,1.58
2013.09.24 14:20:28.280,0.82616,0.82628,1.50,1.95
2013.09.24 14:20:28.590,0.82616,0.82625,1.50,1.95
2013.09.24 14:20:28.711,0.8261,0.82624,3.00,1.58
2013.09.24 14:20:28.771,0.82612,0.82624,1.50,1.50
2013.09.24 14:20:28.890,0.82616,0.82629,1.13,1.35
2013.09.24 14:20:28.950,0.82619,0.82629,1.50,1.35
2013.09.24 14:20:29.252,0.82621,0.8263,1.50,1.13
2013.09.24 14:20:29.561,0.82616,0.82625,1.50,1.13
2013.09.24 14:20:30.086,0.82616,0.82625,1.50,1.13
2013.09.24 14:20:30.213,0.82612,0.82624,1.50,1.50
2013.09.24 14:20:30.691,0.82616,0.82624,1.50,1.13
2013.09.24 14:20:31.231,0.82616,0.82627,1.50,1.88
2013.09.24 14:20:34.321,0.82616,0.82627,1.50,2.25
2013.09.24 14:20:36.790,0.82614,0.82624,1.50,1.13
2013.09.24 14:20:36.859,0.82613,0.82624,1.50,1.88
2013.09.24 14:20:37.102,0.82612,0.82624,1.50,1.50
2013.09.24 14:20:37.764,0.82612,0.82624,2.25,1.50
2013.09.24 14:20:38.560,0.82613,0.82624,1.50,1.50
2013.09.24 14:20:39.091,0.82613,0.82624,1.50,1.50
2013.09.24 14:20:41.772,0.82612,0.82624,3.00,1.50
2013.09.24 14:20:44.251,0.82613,0.82627,2.63,2.25
2013.09.24 14:20:44.370,0.82615,0.82627,1.50,2.25
2013.09.24 14:20:44.877,0.82616,0.82627,2.25,1.88
2013.09.24 14:20:51.532,0.82616,0.82624,2.25,1.50
2013.09.24 14:20:52.401,0.82616,0.82623,1.50,1.50
2013.09.24 14:20:58.050,0.82616,0.82623,1.50,1.50
2013.09.24 14:20:58.290,0.82613,0.82621,1.50,1.50
2013.09.24 14:20:58.350,0.82611,0.82621,2.25,1.50
2013.09.24 14:20:59.921,0.82612,0.82623,2.25,1.50
2013.09.24 14:21:00.460,0.82616,0.82623,1.50,1.50
2013.09.24 14:21:00.581,0.82616,0.82623,1.50,1.50
2013.09.24 14:21:01.121,0.82616,0.82626,1.50,1.50
2013.09.24 14:21:01.181,0.82616,0.82629,2.25,1.50
2013.09.24 14:21:01.240,0.82621,0.8263,1.50,1.50
2013.09.24 14:21:02.142,0.82622,0.82631,1.50,1.13
2013.09.24 14:21:02.862,0.82622,0.82632,1.50,1.13
2013.09.24 14:21:03.994,0.82617,0.82627,1.88,1.50
2013.09.24 14:21:04.061,0.82617,0.82624,1.13,1.50
2013.09.24 14:21:04.120,0.82615,0.82624,1.88,1.50
2013.09.24 14:21:04.301,0.82612,0.82622,1.50,1.50
2013.09.24 14:21:04.421,0.82613,0.82624,1.50,2.25
2013.09.24 14:21:06.830,0.82615,0.82624,1.50,1.50
2013.09.24 14:21:07.010,0.82612,0.82624,2.25,1.50
2013.09.24 14:21:10.573,0.82612,0.82625,2.25,1.88
2013.09.24 14:21:15.450,0.82613,0.82626,1.50,1.13
2013.09.24 14:21:16.223,0.82612,0.82621,3.00,2.25
2013.09.24 14:21:16.461,0.82612,0.82621,1.50,1.13
2013.09.24 14:21:17.231,0.82609,0.8262,3.08,1.50
2013.09.24 14:21:17.411,0.82611,0.8262,1.50,1.50
2013.09.24 14:21:17.792,0.82612,0.82623,2.25,1.13
2013.09.24 14:21:18.530,0.82612,0.82623,2.25,1.50
2013.09.24 14:21:23.771,0.82613,0.82624,1.50,1.13
2013.09.24 14:21:23.950,0.82613,0.82625,2.25,1.50
2013.09.24 14:21:24.071,0.82617,0.82627,2.25,1.13
2013.09.24 14:21:24.380,0.82617,0.82628,2.25,1.13
2013.09.24 14:21:24.500,0.82622,0.82629,1.50,1.50
2013.09.24 14:21:26.982,0.82621,0.82628,1.50,1.13
2013.09.24 14:21:27.232,0.82617,0.82624,1.50,1.50
2013.09.24 14:21:27.702,0.82612,0.82623,3.00,1.50
2013.09.24 14:21:27.767,0.82612,0.82623,3.00,1.50
2013.09.24 14:21:34.521,0.82613,0.82624,1.50,1.13
2013.09.24 14:21:41.321,0.82617,0.82625,1.50,2.25
2013.09.24 14:21:41.870,0.82617,0.82625,1.50,2.25
2013.09.24 14:21:43.002,0.82618,0.82631,1.50,1.13
2013.09.24 14:21:43.122,0.82621,0.8263,1.13,1.13
2013.09.24 14:21:43.183,0.82622,0.8263,1.13,1.13
2013.09.24 14:21:43.370,0.82622,0.82633,1.88,1.13
2013.09.24 14:21:43.431,0.82627,0.82633,1.50,1.13
2013.09.24 14:21:43.970,0.82627,0.82636,1.88,1.13
2013.09.24 14:21:44.510,0.82627,0.82637,1.88,1.13
2013.09.24 14:21:55.102,0.82628,0.82637,1.50,1.13
2013.09.24 14:21:55.420,0.82628,0.82636,1.50,1.13
2013.09.24 14:21:55.921,0.82628,0.82636,1.50,1.13
2013.09.24 14:21:56.581,0.82628,0.82637,1.88,1.13
2013.09.24 14:21:56.705,0.82634,0.82643,1.50,1.13
2013.09.24 14:21:56.831,0.82637,0.82645,1.50,1.13
2013.09.24 14:21:57.132,0.82638,0.82651,1.50,1.50
2013.09.24 14:21:57.431,0.82643,0.82652,1.50,1.13
2013.09.24 14:21:57.731,0.82647,0.82656,2.25,2.25
2013.09.24 14:21:58.530,0.82648,0.82657,1.50,1.50
2013.09.24 14:22:00.421,0.82647,0.82655,1.50,1.13
2013.09.24 14:22:01.291,0.82645,0.82655,1.13,1.13
2013.09.24 14:22:01.351,0.82646,0.82658,1.13,1.50
2013.09.24 14:22:01.710,0.82652,0.82659,1.50,1.88
2013.09.24 14:22:03.710,0.82652,0.82659,1.50,1.88
2013.09.24 14:22:05.542,0.82652,0.8266,1.50,1.88
2013.09.24 14:22:06.081,0.82652,0.8266,1.50,1.50
2013.09.24 14:22:06.803,0.82652,0.8266,1.50,1.50
2013.09.24 14:22:08.444,0.82652,0.8266,1.50,1.50
2013.09.24 14:22:08.871,0.82653,0.82663,1.50,1.13
2013.09.24 14:22:08.932,0.82653,0.82664,2.25,1.88
2013.09.24 14:22:09.447,0.82657,0.82664,1.50,1.88
2013.09.24 14:22:09.752,0.82655,0.82663,1.50,1.50
2013.09.24 14:22:12.821,0.82655,0.82663,1.50,1.50
2013.09.24 14:22:13.851,0.82654,0.8266,1.50,1.50
2013.09.24 14:22:14.031,0.8265,0.8266,2.25,1.50
2013.09.24 14:22:20.412,0.8265,0.82659,1.50,1.50
2013.09.24 14:22:20.971,0.8265,0.8266,1.50,1.50
2013.09.24 14:22:35.501,0.82647,0.82659,1.13,1.50
2013.09.24 14:22:35.561,0.82646,0.82655,1.13,1.50
2013.09.24 14:22:35.741,0.82643,0.82654,1.50,1.50
2013.09.24 14:22:35.922,0.82643,0.82653,1.50,1.50
2013.09.24 14:22:36.102,0.8264,0.82652,1.13,1.50
2013.09.24 14:22:39.493,0.82637,0.8265,1.13,1.50
2013.09.24 14:22:39.791,0.82637,0.8265,1.13,1.50
2013.09.24 14:22:40.093,0.82633,0.8265,1.13,2.63
2013.09.24 14:22:41.069,0.82631,0.82644,2.63,1.50
2013.09.24 14:22:41.352,0.82632,0.82644,1.13,1.50
2013.09.24 14:22:45.340,0.82632,0.82644,1.13,1.50
2013.09.24 14:22:46.214,0.8263,0.82644,2.63,1.50
2013.09.24 14:22:46.463,0.82631,0.82644,1.13,1.50
2013.09.24 14:22:46.911,0.82635,0.82647,1.50,1.50
2013.09.24 14:22:46.972,0.82635,0.82647,1.50,1.50
2013.09.24 14:22:47.214,0.82634,0.82644,1.50,1.50
2013.09.24 14:22:47.281,0.82631,0.82644,2.25,1.50
2013.09.24 14:22:47.463,0.82631,0.82644,1.13,1.50
2013.09.24 14:22:47.521,0.82634,0.82644,1.13,1.50
2013.09.24 14:22:47.761,0.82636,0.82647,1.13,1.13
2013.09.24 14:22:48.001,0.82638,0.8265,1.13,2.25
2013.09.24 14:22:48.060,0.82638,0.82651,1.13,1.50
2013.09.24 14:22:48.420,0.82638,0.82654,1.13,1.13
2013.09.24 14:22:49.903,0.82641,0.82656,1.13,1.13
2013.09.24 14:22:50.023,0.82645,0.82657,1.50,1.50
2013.09.24 14:22:50.144,0.82648,0.82659,1.50,1.13
2013.09.24 14:22:50.212,0.82651,0.82662,1.13,3.75
2013.09.24 14:22:50.788,0.82652,0.82663,1.13,3.38
2013.09.24 14:22:51.341,0.82652,0.82663,1.13,2.63
2013.09.24 14:22:52.203,0.82652,0.82663,1.13,1.50
2013.09.24 14:22:52.280,0.82648,0.82661,1.13,1.50
2013.09.24 14:22:57.931,0.82647,0.82663,1.13,1.50
2013.09.24 14:22:58.250,0.82647,0.82666,1.13,2.63
2013.09.24 14:23:05.404,0.82647,0.8266,1.13,1.35
2013.09.24 14:23:05.521,0.82646,0.82658,1.50,1.50
2013.09.24 14:23:05.701,0.82641,0.82658,1.50,2.25
2013.09.24 14:23:05.761,0.82638,0.82656,1.88,1.88
2013.09.24 14:23:09.801,0.82638,0.82649,1.13,1.50
2013.09.24 14:23:09.981,0.82634,0.82647,1.13,1.50
2013.09.24 14:23:10.581,0.82636,0.82647,1.13,1.50
2013.09.24 14:23:10.644,0.82636,0.82648,1.13,1.50
2013.09.24 14:23:10.820,0.82636,0.8265,1.13,2.25
2013.09.24 14:23:11.001,0.82635,0.82649,1.13,1.13
2013.09.24 14:23:11.624,0.82637,0.82649,1.13,1.88
2013.09.24 14:23:12.003,0.82637,0.82651,1.13,2.63
2013.09.24 14:23:14.021,0.82635,0.82649,1.13,1.13
2013.09.24 14:23:14.144,0.82635,0.82649,1.13,1.13
2013.09.24 14:23:15.263,0.82637,0.82649,1.13,1.13
2013.09.24 14:23:15.325,0.82637,0.82648,1.13,1.88
2013.09.24 14:23:18.443,0.82638,0.82648,1.13,1.50
2013.09.24 14:23:18.504,0.82639,0.8265,1.13,1.88
2013.09.24 14:23:18.631,0.82638,0.82648,1.13,1.50
2013.09.24 14:23:18.691,0.82638,0.82648,1.13,2.25
2013.09.24 14:23:18.810,0.82633,0.82646,1.13,1.50
2013.09.24 14:23:18.871,0.82633,0.82644,1.13,1.50
2013.09.24 14:23:19.051,0.82631,0.82641,1.13,1.50
2013.09.24 14:23:19.171,0.82631,0.82641,1.13,1.50
2013.09.24 14:23:19.712,0.82632,0.82642,1.13,1.50
2013.09.24 14:23:19.890,0.82631,0.82643,1.13,1.50
2013.09.24 14:23:20.071,0.82631,0.82644,1.13,1.50
2013.09.24 14:23:20.371,0.82635,0.82645,1.13,1.13
2013.09.24 14:23:20.550,0.82634,0.82648,1.88,1.13
2013.09.24 14:23:20.611,0.82634,0.82648,2.63,1.13
2013.09.24 14:23:20.670,0.82634,0.82648,1.88,1.13
2013.09.24 14:23:20.791,0.82634,0.82647,1.50,1.50
2013.09.24 14:23:20.851,0.82638,0.82649,1.13,1.50
2013.09.24 14:23:21.091,0.82637,0.82647,1.13,1.50
2013.09.24 14:23:21.150,0.82638,0.82649,1.13,1.50
2013.09.24 14:23:21.716,0.82638,0.8265,1.13,1.50
2013.09.24 14:23:24.601,0.82638,0.8265,1.13,1.50
2013.09.24 14:23:24.661,0.82639,0.82651,1.13,1.88
2013.09.24 14:23:24.961,0.82644,0.82656,1.13,1.13
2013.09.24 14:23:25.143,0.82644,0.82656,1.13,1.13
2013.09.24 14:23:25.571,0.82643,0.82655,1.13,1.50
2013.09.24 14:23:25.813,0.82639,0.8265,1.13,1.88
2013.09.24 14:23:25.872,0.82638,0.8265,1.13,1.88
2013.09.24 14:23:26.233,0.82637,0.82648,1.13,1.50
2013.09.24 14:23:27.854,0.82635,0.82649,1.13,1.88
2013.09.24 14:23:27.934,0.82637,0.8265,1.13,1.88
2013.09.24 14:23:28.871,0.82637,0.82651,1.13,1.50
2013.09.24 14:23:30.461,0.82634,0.82648,1.13,1.13
2013.09.24 14:23:30.520,0.82634,0.82646,1.13,1.50
2013.09.24 14:23:30.702,0.82631,0.82643,1.13,1.13
2013.09.24 14:23:33.343,0.82633,0.82646,1.13,1.50
2013.09.24 14:23:34.242,0.82631,0.82644,1.13,1.50
2013.09.24 14:23:34.941,0.82629,0.82641,1.13,1.13
2013.09.24 14:23:35.001,0.82629,0.82641,1.13,1.88
2013.09.24 14:23:35.124,0.82627,0.82639,3.00,1.13
2013.09.24 14:23:35.433,0.82627,0.8264,1.13,1.73
2013.09.24 14:23:35.554,0.82624,0.82637,1.50,1.50
2013.09.24 14:23:35.622,0.82624,0.82637,1.50,1.13
2013.09.24 14:23:35.741,0.82628,0.82639,1.13,1.13
2013.09.24 14:23:36.100,0.82628,0.82637,1.13,1.50
2013.09.24 14:23:36.401,0.82632,0.82639,1.13,1.50
2013.09.24 14:23:36.462,0.82632,0.82643,1.13,1.50
2013.09.24 14:23:36.581,0.82633,0.82647,1.13,1.50
2013.09.24 14:23:37.114,0.82636,0.82647,1.13,1.13
2013.09.24 14:23:38.796,0.82636,0.82651,1.13,4.73
2013.09.24 14:23:40.382,0.82636,0.82649,1.13,1.50
2013.09.24 14:23:41.952,0.82636,0.82649,1.13,1.50
2013.09.24 14:23:43.270,0.82636,0.8265,1.13,1.73
2013.09.24 14:23:45.100,0.82636,0.82649,1.13,1.50
2013.09.24 14:23:46.220,0.82633,0.82647,1.50,1.13
2013.09.24 14:23:46.761,0.82633,0.82647,1.13,1.13
2013.09.24 14:23:47.311,0.82634,0.82648,1.13,1.88
2013.09.24 14:23:47.851,0.82634,0.82648,1.13,2.63
2013.09.24 14:23:50.392,0.82634,0.82646,1.13,1.50
2013.09.24 14:23:50.514,0.82634,0.82644,1.13,1.50
2013.09.24 14:23:50.642,0.82634,0.82646,1.13,1.50
2013.09.24 14:23:52.892,0.82632,0.82646,1.13,1.13
2013.09.24 14:23:53.202,0.82634,0.82648,1.13,1.13
2013.09.24 14:23:56.370,0.82631,0.82645,1.88,1.13
2013.09.24 14:23:56.551,0.82631,0.82645,1.13,1.88
2013.09.24 14:23:56.611,0.82631,0.82643,1.13,1.50
2013.09.24 14:23:57.171,0.82631,0.82643,1.13,1.50
2013.09.24 14:23:57.530,0.82627,0.82641,1.13,2.25
2013.09.24 14:23:58.392,0.82628,0.82641,1.13,2.25
2013.09.24 14:23:58.571,0.82629,0.82643,1.13,1.13
2013.09.24 14:23:58.631,0.82632,0.82644,1.13,1.13
2013.09.24 14:23:58.811,0.82632,0.82644,1.13,1.13
2013.09.24 14:23:59.312,0.82634,0.82647,1.13,1.50
2013.09.24 14:23:59.612,0.82633,0.82645,1.73,1.50
2013.09.24 14:23:59.672,0.82633,0.82644,1.73,1.50
2013.09.24 14:24:00.155,0.82629,0.82642,1.13,1.50
2013.09.24 14:24:00.580,0.82627,0.82642,1.13,1.88
2013.09.24 14:24:00.760,0.82628,0.8264,1.13,1.50
2013.09.24 14:24:01.972,0.82627,0.82638,1.13,1.50
2013.09.24 14:24:02.883,0.82628,0.8264,1.13,1.50
2013.09.24 14:24:02.948,0.82627,0.8264,1.13,1.50
2013.09.24 14:24:03.651,0.82627,0.8264,1.13,1.50
2013.09.24 14:24:03.952,0.82627,0.82639,1.13,1.50
2013.09.24 14:24:04.132,0.82628,0.8264,1.13,1.50
2013.09.24 14:24:04.551,0.82625,0.8264,2.63,1.88
2013.09.24 14:24:05.105,0.82625,0.82635,2.63,1.50
2013.09.24 14:24:07.780,0.82625,0.82635,1.88,1.50
2013.09.24 14:24:09.860,0.82625,0.82635,1.88,1.50
2013.09.24 14:24:10.280,0.82624,0.82634,1.13,1.50
2013.09.24 14:24:16.660,0.82624,0.82634,1.13,1.50
2013.09.24 14:24:16.900,0.82625,0.82635,1.13,1.88
2013.09.24 14:24:24.270,0.82625,0.82635,1.13,1.50
2013.09.24 14:24:25.721,0.82621,0.82632,2.63,1.50
2013.09.24 14:24:25.781,0.82621,0.82632,2.25,1.50
2013.09.24 14:24:25.901,0.82623,0.82634,1.13,1.50
2013.09.24 14:24:26.140,0.82623,0.82633,1.13,1.50
2013.09.24 14:24:26.261,0.82621,0.82632,1.13,1.50
2013.09.24 14:24:26.981,0.82621,0.82634,1.13,1.50
2013.09.24 14:24:29.900,0.82622,0.82635,1.13,1.13
2013.09.24 14:24:30.080,0.82628,0.82638,1.13,1.50
2013.09.24 14:24:30.200,0.82628,0.82637,1.13,1.13
2013.09.24 14:24:34.471,0.82626,0.82636,1.13,1.50
2013.09.24 14:24:34.781,0.82623,0.82634,1.13,1.50
2013.09.24 14:24:35.561,0.82623,0.82636,1.13,1.50
2013.09.24 14:24:36.101,0.82627,0.82637,1.13,1.50
2013.09.24 14:24:50.670,0.82627,0.82639,1.13,1.50
2013.09.24 14:25:02.061,0.82628,0.82641,1.13,1.50
2013.09.24 14:25:05.671,0.82627,0.82639,1.13,1.50
2013.09.24 14:25:05.731,0.82627,0.82637,1.13,1.50
2013.09.24 14:25:10.423,0.82627,0.82639,1.13,1.50
2013.09.24 14:25:10.724,0.8263,0.82642,1.13,2.25
2013.09.24 14:25:10.971,0.82635,0.82645,1.35,1.13
2013.09.24 14:25:11.033,0.82635,0.82648,1.35,3.38
2013.09.24 14:25:11.773,0.82637,0.82647,1.13,1.13
2013.09.24 14:25:12.192,0.82639,0.82649,1.50,1.50
2013.09.24 14:25:12.435,0.82639,0.8265,1.50,1.50
2013.09.24 14:25:13.301,0.82637,0.8265,1.13,1.50
2013.09.24 14:25:13.611,0.82637,0.82647,1.13,1.50
2013.09.24 14:25:14.872,0.82637,0.82648,1.13,1.50
2013.09.24 14:25:18.881,0.82638,0.8265,1.35,1.50
2013.09.24 14:25:18.940,0.82638,0.8265,1.73,1.50
2013.09.24 14:25:19.060,0.82638,0.82652,1.73,1.50
2013.09.24 14:25:20.213,0.82641,0.82656,1.50,1.88
2013.09.24 14:25:28.291,0.8264,0.82652,1.50,1.50
2013.09.24 14:25:29.171,0.8264,0.8265,1.50,1.50
2013.09.24 14:25:29.292,0.82637,0.82648,1.13,1.50
2013.09.24 14:25:29.413,0.82635,0.82647,1.50,2.25
2013.09.24 14:25:29.714,0.82635,0.82645,1.50,2.25
2013.09.24 14:25:29.774,0.82635,0.82644,1.50,1.50
2013.09.24 14:25:30.333,0.82634,0.82643,1.50,1.50
2013.09.24 14:25:30.794,0.82631,0.82643,1.88,1.50
2013.09.24 14:25:31.312,0.82633,0.82643,1.13,1.50
2013.09.24 14:25:32.089,0.82633,0.82643,1.13,1.50
2013.09.24 14:25:35.731,0.82633,0.82645,1.13,2.25
2013.09.24 14:25:36.091,0.82634,0.82647,1.13,2.25
2013.09.24 14:25:46.966,0.82632,0.82641,1.50,2.25
2013.09.24 14:25:47.274,0.82624,0.82633,1.50,4.88
2013.09.24 14:25:47.342,0.82621,0.82629,1.50,1.50
2013.09.24 14:25:47.402,0.82621,0.82627,1.50,1.88
2013.09.24 14:25:47.521,0.82614,0.82624,1.50,1.88
2013.09.24 14:25:47.581,0.82611,0.82624,3.00,1.88
2013.09.24 14:25:47.701,0.82611,0.82621,2.25,1.50
2013.09.24 14:25:48.915,0.82609,0.8262,1.13,1.50
2013.09.24 14:25:49.991,0.82609,0.82619,1.13,1.88
2013.09.24 14:25:50.171,0.82609,0.82619,1.13,1.50
2013.09.24 14:25:51.503,0.82609,0.82621,1.13,1.50
2013.09.24 14:25:52.042,0.82609,0.82621,1.13,1.50
2013.09.24 14:25:53.981,0.82609,0.8262,1.13,1.50
2013.09.24 14:25:57.034,0.82605,0.8262,3.00,1.50
2013.09.24 14:25:57.342,0.82605,0.82615,1.50,1.50
2013.09.24 14:25:57.870,0.82606,0.82615,1.50,1.50
2013.09.24 14:25:58.172,0.82606,0.82612,1.50,1.50
2013.09.24 14:25:58.473,0.82599,0.82608,1.50,1.50
2013.09.24 14:25:58.592,0.82599,0.82607,1.50,1.50
2013.09.24 14:25:59.251,0.82595,0.82605,1.13,1.50
2013.09.24 14:25:59.311,0.82594,0.82605,1.88,1.50
2013.09.24 14:25:59.554,0.8259,0.82605,1.88,2.63
2013.09.24 14:26:00.189,0.82588,0.82598,1.88,1.50
2013.09.24 14:26:00.711,0.82589,0.82603,1.50,2.25
2013.09.24 14:26:01.321,0.82589,0.82603,1.50,1.50
2013.09.24 14:26:02.212,0.82589,0.82601,1.13,1.13
2013.09.24 14:26:02.271,0.82589,0.82601,1.13,1.50
2013.09.24 14:26:02.391,0.82587,0.82598,1.13,1.50
2013.09.24 14:26:03.411,0.82584,0.82594,1.88,1.50
2013.09.24 14:26:03.472,0.82584,0.82594,1.50,1.88
2013.09.24 14:26:04.012,0.82583,0.82594,3.00,3.83
2013.09.24 14:26:04.071,0.82583,0.82594,3.00,3.83
2013.09.24 14:26:04.491,0.8258,0.82594,1.88,2.33
2013.09.24 14:26:05.315,0.82587,0.82601,1.13,2.25
2013.09.24 14:26:05.382,0.82587,0.82601,1.13,2.25
2013.09.24 14:26:05.682,0.82588,0.82602,1.35,1.50
2013.09.24 14:26:05.862,0.82589,0.82604,1.50,1.50
2013.09.24 14:26:06.281,0.82591,0.82605,3.98,1.50
2013.09.24 14:26:06.932,0.82593,0.82608,2.10,1.50
2013.09.24 14:26:07.051,0.82592,0.82608,1.50,1.50
2013.09.24 14:26:07.354,0.8259,0.82602,1.35,1.50
2013.09.24 14:26:08.951,0.82589,0.82602,1.73,1.50
2013.09.24 14:26:10.102,0.82588,0.82602,1.50,1.50
2013.09.24 14:26:13.391,0.82589,0.82603,1.13,2.25
2013.09.24 14:26:13.571,0.82589,0.82603,1.13,1.50
2013.09.24 14:26:13.631,0.82589,0.82604,1.88,2.25
2013.09.24 14:26:13.992,0.82592,0.82607,2.25,1.13
2013.09.24 14:26:14.293,0.82592,0.82606,1.50,1.13
2013.09.24 14:26:16.742,0.82593,0.82606,1.50,1.13
2013.09.24 14:26:17.225,0.82592,0.82605,1.50,1.88
2013.09.24 14:26:17.766,0.82591,0.82604,1.13,1.50
2013.09.24 14:26:19.771,0.82593,0.82606,1.35,1.13
2013.09.24 14:26:19.892,0.82593,0.82608,2.10,1.13
2013.09.24 14:26:20.012,0.82595,0.8261,2.10,1.88
2013.09.24 14:26:20.554,0.82597,0.82611,1.13,1.50
2013.09.24 14:26:22.141,0.82597,0.82611,1.50,1.50
2013.09.24 14:26:22.452,0.82596,0.82608,2.85,1.13
2013.09.24 14:26:22.752,0.82591,0.82604,1.50,1.50
2013.09.24 14:26:23.390,0.82591,0.82604,1.13,1.50
2013.09.24 14:26:23.902,0.82589,0.82602,1.13,1.50
2013.09.24 14:26:24.382,0.82587,0.82598,1.50,1.50
2013.09.24 14:26:24.861,0.82584,0.82594,1.95,1.50
2013.09.24 14:26:25.401,0.8258,0.82594,1.56,1.50
2013.09.24 14:26:27.486,0.8258,0.82593,1.50,1.50
2013.09.24 14:26:27.674,0.8258,0.82593,1.13,1.50
2013.09.24 14:26:27.863,0.8258,0.82593,1.50,1.50
2013.09.24 14:26:27.993,0.8258,0.82593,1.13,1.50
2013.09.24 14:26:28.302,0.8258,0.82593,1.13,1.50
2013.09.24 14:26:28.423,0.82579,0.82593,1.13,1.50
2013.09.24 14:26:28.962,0.8258,0.82593,1.13,1.50
2013.09.24 14:26:29.922,0.8258,0.82593,1.13,1.50
2013.09.24 14:26:30.463,0.82579,0.82593,1.50,1.50
2013.09.24 14:26:32.119,0.82579,0.82593,1.50,1.50
2013.09.24 14:26:32.244,0.82579,0.82593,1.50,1.50
2013.09.24 14:26:32.552,0.82579,0.82591,1.13,1.13
2013.09.24 14:26:34.103,0.82578,0.82593,1.88,1.88
2013.09.24 14:26:39.401,0.82579,0.82592,1.13,1.50
2013.09.24 14:26:40.731,0.8258,0.82593,1.13,1.83
2013.09.24 14:26:42.192,0.8258,0.82593,1.13,1.50
2013.09.24 14:26:44.211,0.82581,0.82595,1.13,1.50
2013.09.24 14:26:44.522,0.8258,0.82593,1.13,1.50
2013.09.24 14:26:45.034,0.82579,0.82593,1.13,1.50
2013.09.24 14:26:46.604,0.82579,0.82593,1.35,1.50
2013.09.24 14:26:47.183,0.82578,0.82593,1.50,1.50
2013.09.24 14:26:47.365,0.82579,0.82593,1.13,1.50
2013.09.24 14:26:47.435,0.8258,0.82593,1.13,1.50
2013.09.24 14:26:47.563,0.82582,0.82593,1.13,1.50
2013.09.24 14:26:47.922,0.82583,0.82597,1.13,1.13
2013.09.24 14:26:48.434,0.82584,0.82597,1.50,1.13
2013.09.24 14:26:48.504,0.82584,0.826,2.25,1.88
2013.09.24 14:26:49.053,0.82585,0.826,3.00,1.88
2013.09.24 14:26:49.610,0.82585,0.826,1.50,1.50
2013.09.24 14:26:50.164,0.82585,0.826,2.25,1.50
2013.09.24 14:26:50.871,0.82585,0.826,1.50,1.50
2013.09.24 14:26:51.172,0.82584,0.82594,1.50,1.50
2013.09.24 14:26:51.531,0.8258,0.82594,1.50,1.50
2013.09.24 14:26:51.651,0.82578,0.82594,1.88,1.50
2013.09.24 14:26:51.711,0.82578,0.82594,1.13,2.10
2013.09.24 14:26:52.491,0.82578,0.82594,1.13,2.10
2013.09.24 14:26:53.031,0.82578,0.82594,1.13,1.50
2013.09.24 14:26:53.453,0.82578,0.82593,1.88,1.50
2013.09.24 14:26:53.511,0.82578,0.82593,1.50,1.50
2013.09.24 14:26:54.134,0.82578,0.82593,1.88,1.50
2013.09.24 14:26:54.592,0.8258,0.82596,1.13,2.25
2013.09.24 14:26:56.153,0.8258,0.82596,1.13,1.50
2013.09.24 14:26:59.083,0.82579,0.82595,1.50,1.13
2013.09.24 14:27:00.021,0.82579,0.82597,1.13,1.88
2013.09.24 14:27:01.412,0.82587,0.82597,1.50,1.88
2013.09.24 14:27:01.534,0.82594,0.82601,1.88,1.88
2013.09.24 14:27:01.592,0.82594,0.82608,3.00,1.13
2013.09.24 14:27:01.711,0.82592,0.82599,1.50,1.50
2013.09.24 14:27:01.892,0.82591,0.82603,1.50,1.50
2013.09.24 14:27:02.072,0.82586,0.82603,1.13,1.88
2013.09.24 14:27:02.801,0.82586,0.82604,1.13,3.00
2013.09.24 14:27:02.982,0.82586,0.82604,1.13,1.88
2013.09.24 14:27:04.112,0.82588,0.82607,1.13,1.50
2013.09.24 14:27:04.352,0.82593,0.82608,1.13,1.13
2013.09.24 14:27:04.471,0.82594,0.82609,1.13,2.63
2013.09.24 14:27:05.013,0.82601,0.82614,1.13,1.50
2013.09.24 14:27:05.192,0.82603,0.82617,1.35,1.50
2013.09.24 14:27:05.251,0.82603,0.82618,1.35,1.13
2013.09.24 14:27:06.150,0.82608,0.82624,1.13,1.50
2013.09.24 14:27:08.113,0.82608,0.82625,3.00,1.13
2013.09.24 14:27:08.352,0.82608,0.82624,4.88,1.50
2013.09.24 14:27:10.772,0.82608,0.82625,5.25,1.13
2013.09.24 14:27:11.132,0.82604,0.82616,2.25,1.50
2013.09.24 14:27:11.193,0.82604,0.82618,1.50,1.50
2013.09.24 14:27:11.253,0.82605,0.8262,3.98,2.25
2013.09.24 14:27:11.492,0.82607,0.8262,1.50,1.50
2013.09.24 14:27:12.107,0.82606,0.82625,2.25,1.50
2013.09.24 14:27:13.561,0.82608,0.82624,3.00,1.50
2013.09.24 14:27:13.621,0.82608,0.82626,4.50,2.25
2013.09.24 14:27:14.161,0.82612,0.82626,2.10,1.50
2013.09.24 14:27:15.174,0.82613,0.82628,2.25,1.88
2013.09.24 14:27:15.367,0.82613,0.82629,3.00,1.50
2013.09.24 14:27:15.553,0.82615,0.8263,1.35,1.50
2013.09.24 14:27:17.374,0.82615,0.8263,2.44,1.13
2013.09.24 14:27:20.081,0.82614,0.82629,1.50,1.50
2013.09.24 14:27:21.362,0.82613,0.82629,1.88,1.50
2013.09.24 14:27:21.601,0.82617,0.82631,1.50,2.25
2013.09.24 14:27:26.672,0.82619,0.82633,1.35,1.13
2013.09.24 14:27:26.792,0.82619,0.82632,1.35,1.50
2013.09.24 14:27:26.914,0.8262,0.82633,1.13,1.88
2013.09.24 14:27:27.032,0.82622,0.82633,1.50,1.13
2013.09.24 14:27:27.333,0.82628,0.82633,2.10,1.13
2013.09.24 14:27:27.392,0.82626,0.82636,1.13,1.50
2013.09.24 14:27:27.691,0.82622,0.82635,1.50,1.50
2013.09.24 14:27:27.813,0.82621,0.82632,2.85,1.50
2013.09.24 14:27:27.932,0.8262,0.82631,1.13,1.50
2013.09.24 14:27:28.864,0.82617,0.82629,1.50,1.50
2013.09.24 14:27:30.541,0.82617,0.8263,1.50,1.50
2013.09.24 14:27:30.661,0.82617,0.82632,2.63,1.50
2013.09.24 14:27:30.902,0.82619,0.82633,3.75,1.50
2013.09.24 14:27:31.022,0.82622,0.82634,2.25,1.50
2013.09.24 14:27:31.492,0.82623,0.82636,1.88,1.50
2013.09.24 14:27:35.232,0.82621,0.82634,1.88,1.50
2013.09.24 14:27:36.766,0.82621,0.82633,1.13,1.50
2013.09.24 14:27:37.073,0.8262,0.82629,1.50,1.50
2013.09.24 14:27:37.475,0.82618,0.82629,2.25,1.50
2013.09.24 14:27:54.682,0.82615,0.82629,1.13,1.50
2013.09.24 14:27:55.011,0.82612,0.82629,3.98,1.50
2013.09.24 14:27:55.551,0.82612,0.82624,1.73,1.50
2013.09.24 14:27:56.118,0.82612,0.82624,1.73,1.50
2013.09.24 14:27:56.692,0.82614,0.82625,1.13,1.50
2013.09.24 14:27:58.023,0.82611,0.82624,2.48,1.50
2013.09.24 14:27:58.384,0.82609,0.82623,2.63,1.50
2013.09.24 14:27:58.683,0.82609,0.82623,2.63,1.50
2013.09.24 14:27:58.934,0.82609,0.82623,1.88,1.50
2013.09.24 14:27:59.233,0.82609,0.82623,1.13,1.50
2013.09.24 14:27:59.651,0.82609,0.82623,1.13,1.50
2013.09.24 14:28:02.971,0.82608,0.82623,3.60,1.50
2013.09.24 14:28:05.143,0.8261,0.82623,1.13,1.50
2013.09.24 14:28:06.031,0.8261,0.82623,1.13,1.50
2013.09.24 14:28:06.571,0.8261,0.82623,1.13,1.50
2013.09.24 14:28:06.881,0.82608,0.82623,3.98,1.50
2013.09.24 14:28:09.763,0.82611,0.82623,1.13,1.50
2013.09.24 14:28:10.302,0.8261,0.82624,2.48,1.50
2013.09.24 14:28:10.781,0.82608,0.82623,3.00,1.50
2013.09.24 14:28:14.571,0.82609,0.82623,1.13,1.50
2013.09.24 14:28:22.882,0.82611,0.82623,1.13,1.50
2013.09.24 14:28:26.472,0.82609,0.82623,1.13,1.50
2013.09.24 14:28:27.408,0.82611,0.82623,1.13,1.50
2013.09.24 14:28:27.484,0.82609,0.82623,1.73,1.50
2013.09.24 14:28:28.737,0.82612,0.82623,1.13,1.50
2013.09.24 14:28:28.804,0.82613,0.82623,2.10,1.50
2013.09.24 14:28:28.927,0.82614,0.82628,1.35,1.50
2013.09.24 14:28:28.994,0.82614,0.8263,1.35,1.50
2013.09.24 14:28:29.871,0.82615,0.82631,1.50,1.88
2013.09.24 14:28:29.992,0.82614,0.8263,2.48,1.50
2013.09.24 14:28:30.891,0.82614,0.82632,2.48,1.50
2013.09.24 14:28:32.601,0.82614,0.82632,2.48,1.50
2013.09.24 14:28:35.153,0.82614,0.82632,1.73,1.88
2013.09.24 14:28:39.781,0.82618,0.82633,3.98,1.13
2013.09.24 14:28:39.912,0.82622,0.82635,1.13,1.50
2013.09.24 14:28:39.972,0.82622,0.82637,1.13,1.13
2013.09.24 14:28:41.435,0.82626,0.82641,1.88,1.50
2013.09.24 14:28:41.502,0.82627,0.82641,1.50,2.25
2013.09.24 14:28:41.682,0.82626,0.82641,2.85,1.50
2013.09.24 14:28:41.801,0.82628,0.82645,1.50,1.50
2013.09.24 14:28:41.922,0.8263,0.82646,1.50,1.50
2013.09.24 14:28:42.101,0.82634,0.82647,1.35,1.50
2013.09.24 14:28:42.221,0.82634,0.82649,1.35,1.88
2013.09.24 14:28:42.402,0.82634,0.82647,2.10,1.13
2013.09.24 14:28:42.521,0.82635,0.82647,1.50,1.13
2013.09.24 14:28:42.821,0.82632,0.82645,1.50,1.13
2013.09.24 14:28:43.511,0.82628,0.82643,1.88,1.13
2013.09.24 14:28:44.071,0.8263,0.82644,1.13,1.13
2013.09.24 14:28:44.372,0.82632,0.82646,1.50,1.88
2013.09.24 14:28:44.912,0.82632,0.82646,1.50,1.88
2013.09.24 14:28:45.851,0.82632,0.82646,1.50,1.13
2013.09.24 14:28:46.355,0.82635,0.82647,1.13,1.50
2013.09.24 14:28:47.066,0.82635,0.82646,1.13,1.50
2013.09.24 14:28:47.582,0.82632,0.82646,1.13,1.50
2013.09.24 14:28:47.941,0.82632,0.82648,1.13,2.25
2013.09.24 14:28:48.512,0.82632,0.82645,1.13,1.50
2013.09.24 14:28:50.816,0.82632,0.82647,1.88,3.00
2013.09.24 14:28:51.354,0.82632,0.82645,1.50,1.13
2013.09.24 14:28:54.172,0.82632,0.82644,1.50,1.88
2013.09.24 14:28:54.681,0.82629,0.82643,1.35,1.50
2013.09.24 14:28:55.049,0.82626,0.8264,1.50,1.50
2013.09.24 14:28:55.352,0.82623,0.82637,1.13,1.50
2013.09.24 14:28:55.653,0.82619,0.82635,1.13,1.50
2013.09.24 14:28:56.214,0.82619,0.82635,1.13,2.25
2013.09.24 14:28:56.574,0.82619,0.82634,1.13,1.50
2013.09.24 14:28:59.208,0.82617,0.82634,3.38,1.50
2013.09.24 14:29:04.075,0.82619,0.82633,1.50,1.88
2013.09.24 14:29:04.381,0.82623,0.82635,1.13,1.50
2013.09.24 14:29:04.442,0.82623,0.82637,1.13,1.50
2013.09.24 14:29:04.989,0.82623,0.82637,1.13,1.50
2013.09.24 14:29:09.173,0.8263,0.82639,1.13,1.13
2013.09.24 14:29:09.353,0.82634,0.82646,1.88,1.13
2013.09.24 14:29:09.414,0.82638,0.82649,1.50,1.88
2013.09.24 14:29:09.473,0.82639,0.82649,1.13,1.50
2013.09.24 14:29:10.021,0.82639,0.82649,1.13,1.50
2013.09.24 14:29:10.674,0.82639,0.82651,1.13,1.50
2013.09.24 14:29:12.512,0.82638,0.82651,1.88,1.50
2013.09.24 14:29:15.484,0.82639,0.82651,1.13,1.50
2013.09.24 14:29:15.862,0.8264,0.82652,1.13,2.25
2013.09.24 14:29:16.163,0.82647,0.82655,1.13,1.50
2013.09.24 14:29:16.222,0.82647,0.82655,1.13,1.50
2013.09.24 14:29:16.462,0.82647,0.82655,1.13,1.50
2013.09.24 14:29:16.582,0.82647,0.82661,1.88,1.50
2013.09.24 14:29:17.532,0.82647,0.8266,1.13,1.50
2013.09.24 14:29:18.801,0.82647,0.82663,1.13,1.50
2013.09.24 14:29:19.161,0.82647,0.82663,1.13,1.50
2013.09.24 14:29:19.692,0.8265,0.82664,1.13,1.50
2013.09.24 14:29:23.123,0.8265,0.82666,1.35,2.25
2013.09.24 14:29:23.184,0.82652,0.82666,1.88,1.88
2013.09.24 14:29:23.361,0.82652,0.82666,1.13,1.88
2013.09.24 14:29:24.021,0.82653,0.82667,1.13,2.25
2013.09.24 14:29:24.581,0.82652,0.82664,1.13,1.50
2013.09.24 14:29:27.305,0.82652,0.82664,1.13,1.50
2013.09.24 14:29:27.602,0.82653,0.82667,1.88,1.13
2013.09.24 14:29:28.472,0.82654,0.82667,1.13,1.50
2013.09.24 14:29:28.712,0.82654,0.82667,1.13,1.50
2013.09.24 14:29:28.831,0.82654,0.82668,1.13,1.13
2013.09.24 14:29:29.133,0.82659,0.82671,1.50,1.88
2013.09.24 14:29:29.253,0.82661,0.82673,1.50,1.13
2013.09.24 14:29:29.374,0.82662,0.82676,1.50,1.88
2013.09.24 14:29:29.561,0.82662,0.82675,2.25,1.13
2013.09.24 14:29:29.801,0.82662,0.82677,2.63,1.13
2013.09.24 14:29:30.682,0.82664,0.82679,1.13,1.13
2013.09.24 14:29:32.473,0.82665,0.82678,1.13,1.50
2013.09.24 14:29:33.559,0.82664,0.82675,1.13,1.50
2013.09.24 14:29:33.804,0.82664,0.82676,1.13,1.13
2013.09.24 14:29:34.734,0.82664,0.82675,1.13,1.50
2013.09.24 14:29:35.363,0.82665,0.82676,1.13,1.13
2013.09.24 14:29:35.446,0.82664,0.82677,1.13,1.50
2013.09.24 14:29:43.192,0.82667,0.82678,1.13,1.50
2013.09.24 14:29:43.735,0.82667,0.82678,1.13,1.50
2013.09.24 14:29:44.471,0.82669,0.82681,1.13,2.25
2013.09.24 14:29:44.711,0.82667,0.82682,2.63,1.13
2013.09.24 14:29:44.891,0.82669,0.82685,3.38,1.50
2013.09.24 14:29:45.195,0.82676,0.82687,1.13,1.50
2013.09.24 14:29:45.791,0.82676,0.82687,1.13,1.50
2013.09.24 14:29:47.703,0.82676,0.82688,1.13,1.50
2013.09.24 14:29:50.662,0.82676,0.82688,1.13,1.50
2013.09.24 14:29:51.825,0.82678,0.82688,1.13,1.50
2013.09.24 14:30:05.684,0.82677,0.82688,1.13,1.50
2013.09.24 14:30:06.121,0.82675,0.82688,1.13,1.50
2013.09.24 14:30:06.182,0.82674,0.82688,1.13,1.88
2013.09.24 14:30:06.721,0.82675,0.82688,1.13,1.50
2013.09.24 14:30:07.261,0.82675,0.82688,1.13,1.50
2013.09.24 14:30:08.702,0.82674,0.82688,1.13,2.63
2013.09.24 14:30:10.233,0.82673,0.82683,1.88,1.50
2013.09.24 14:30:10.772,0.82673,0.82686,1.50,1.50
2013.09.24 14:30:11.291,0.82673,0.82683,1.13,1.50
2013.09.24 14:30:13.301,0.82672,0.82683,1.13,1.50
2013.09.24 14:30:17.831,0.82673,0.82688,1.88,3.38
2013.09.24 14:30:18.371,0.82673,0.82683,1.13,1.50
2013.09.24 14:30:19.109,0.82673,0.82683,1.13,1.50
2013.09.24 14:30:19.413,0.82668,0.8268,1.13,1.50
2013.09.24 14:30:19.475,0.82665,0.82674,1.13,1.13
2013.09.24 14:30:19.543,0.82661,0.82674,1.50,1.88
2013.09.24 14:30:20.082,0.8266,0.82674,1.13,1.50
2013.09.24 14:30:20.742,0.8266,0.82671,1.13,2.25
2013.09.24 14:30:20.982,0.82656,0.82667,1.13,1.50
2013.09.24 14:30:21.767,0.82653,0.82668,1.88,3.75
2013.09.24 14:30:22.075,0.82653,0.82668,1.88,3.00
2013.09.24 14:30:23.202,0.82653,0.82668,1.13,3.00
2013.09.24 14:30:25.632,0.82656,0.82668,1.13,3.00
2013.09.24 14:30:25.752,0.82659,0.82668,1.13,1.88
2013.09.24 14:30:25.872,0.8266,0.82668,1.50,1.13
2013.09.24 14:30:26.116,0.8266,0.82673,1.13,2.25
2013.09.24 14:30:26.625,0.8266,0.82673,1.13,1.50
2013.09.24 14:30:26.812,0.82657,0.82673,1.88,3.75
2013.09.24 14:30:26.931,0.82657,0.82669,1.13,1.50
2013.09.24 14:30:27.683,0.82656,0.82669,1.13,1.50
2013.09.24 14:30:30.762,0.82658,0.82669,1.13,1.50
2013.09.24 14:30:31.421,0.82658,0.82669,1.13,1.50
2013.09.24 14:30:32.912,0.82657,0.82668,1.13,3.38
2013.09.24 14:30:33.214,0.82657,0.82668,1.13,1.88
2013.09.24 14:30:36.821,0.82657,0.82668,1.13,2.63
2013.09.24 14:30:43.046,0.82659,0.82671,1.50,1.50
2013.09.24 14:30:43.354,0.82663,0.82675,1.50,1.13
2013.09.24 14:30:43.412,0.82661,0.82674,2.25,1.50
2013.09.24 14:30:43.472,0.82659,0.82674,3.00,1.50
2013.09.24 14:30:43.534,0.82659,0.82672,1.50,1.13
2013.09.24 14:30:46.775,0.82657,0.82671,2.48,1.13
2013.09.24 14:30:52.383,0.82657,0.8267,1.13,1.50
2013.09.24 14:30:58.732,0.82657,0.82669,1.13,1.13
2013.09.24 14:31:04.141,0.82659,0.82669,1.88,1.13
2013.09.24 14:31:04.681,0.8266,0.82673,1.50,1.50
2013.09.24 14:31:14.164,0.82662,0.82675,1.50,1.13
2013.09.24 14:31:16.925,0.82661,0.82675,1.13,1.13
2013.09.24 14:31:17.531,0.82662,0.82675,1.50,1.13
2013.09.24 14:31:18.401,0.82663,0.82675,1.50,1.13
2013.09.24 14:31:25.422,0.82663,0.82678,1.88,2.25
2013.09.24 14:31:28.086,0.82663,0.82677,1.50,1.13
2013.09.24 14:31:28.602,0.82663,0.82676,1.50,1.13
2013.09.24 14:31:28.782,0.82663,0.82676,1.50,3.68
2013.09.24 14:31:29.322,0.82661,0.82675,1.88,1.13
2013.09.24 14:31:30.462,0.82663,0.82676,1.50,1.13
2013.09.24 14:31:31.394,0.82663,0.82676,1.50,1.13
2013.09.24 14:31:31.942,0.82663,0.82676,1.50,1.13
2013.09.24 14:31:35.463,0.82663,0.82676,1.50,1.13
2013.09.24 14:31:36.329,0.82663,0.82676,1.50,1.13
2013.09.24 14:31:37.573,0.82663,0.82678,1.50,1.13
2013.09.24 14:31:37.691,0.82666,0.82679,1.13,1.13
2013.09.24 14:31:37.992,0.82666,0.8268,1.88,1.50
2013.09.24 14:31:40.561,0.82668,0.82679,1.13,1.50
2013.09.24 14:31:47.453,0.82666,0.82679,1.13,1.50
2013.09.24 14:31:49.322,0.82666,0.82679,1.13,1.50
2013.09.24 14:31:53.482,0.82668,0.82679,1.13,1.50
2013.09.24 14:31:55.840,0.82671,0.82682,1.13,1.50
2013.09.24 14:31:56.141,0.82674,0.82687,1.13,1.50
2013.09.24 14:31:57.832,0.82672,0.82687,1.88,1.50
2013.09.24 14:31:58.455,0.8267,0.82685,1.13,1.50
2013.09.24 14:31:58.991,0.82673,0.82688,1.88,1.50
2013.09.24 14:32:00.602,0.82675,0.82688,1.13,1.50
2013.09.24 14:32:03.971,0.82673,0.82688,1.88,1.50
2013.09.24 14:32:08.282,0.82673,0.82688,1.50,1.88
2013.09.24 14:32:09.926,0.82673,0.82687,1.13,1.50
2013.09.24 14:32:10.111,0.82672,0.82687,1.88,1.50
2013.09.24 14:32:11.435,0.82673,0.82684,1.13,1.50
2013.09.24 14:32:12.222,0.82672,0.82687,1.88,1.50
2013.09.24 14:32:13.251,0.82673,0.82687,1.50,1.50
2013.09.24 14:32:13.812,0.82677,0.82687,1.50,1.50
2013.09.24 14:32:14.752,0.82677,0.82688,1.50,1.88
2013.09.24 14:32:15.641,0.82678,0.82688,1.50,1.13
2013.09.24 14:32:15.764,0.82682,0.82691,1.50,2.63
2013.09.24 14:32:15.823,0.82682,0.82691,1.50,1.50
2013.09.24 14:32:15.882,0.82682,0.82694,2.25,1.88
2013.09.24 14:32:29.133,0.82686,0.82693,1.50,1.50
2013.09.24 14:32:29.314,0.82682,0.82691,1.50,1.88
2013.09.24 14:32:29.372,0.82682,0.8269,1.50,1.50
2013.09.24 14:32:30.381,0.82682,0.82691,1.50,1.13
2013.09.24 14:32:31.251,0.82683,0.82692,1.13,1.50
2013.09.24 14:32:37.852,0.82682,0.82691,1.50,2.25
2013.09.24 14:32:38.511,0.82681,0.82691,1.50,2.25
2013.09.24 14:32:48.991,0.82682,0.82691,1.50,2.63
2013.09.24 14:32:55.031,0.82682,0.82691,1.50,2.63
2013.09.24 14:33:02.692,0.82681,0.82691,1.50,1.20
2013.09.24 14:33:03.202,0.82687,0.82693,1.50,1.13
2013.09.24 14:33:03.983,0.82687,0.82694,1.50,1.58
2013.09.24 14:33:08.792,0.82686,0.82692,1.50,1.13
2013.09.24 14:33:09.442,0.82687,0.82693,1.50,1.13
2013.09.24 14:33:14.013,0.82686,0.82693,1.50,1.88
2013.09.24 14:33:14.192,0.82682,0.82691,1.50,1.13
2013.09.24 14:33:14.313,0.82682,0.82691,1.50,1.13
2013.09.24 14:33:14.373,0.82682,0.82691,1.50,1.13
2013.09.24 14:33:14.433,0.82682,0.82693,2.25,1.13
2013.09.24 14:33:14.732,0.82682,0.82691,1.50,1.13
2013.09.24 14:33:15.163,0.82683,0.82691,1.50,1.13
2013.09.24 14:33:15.698,0.82687,0.82694,1.50,1.88
2013.09.24 14:33:17.803,0.82687,0.82694,1.50,1.88
2013.09.24 14:33:18.654,0.82686,0.82693,1.50,1.50
2013.09.24 14:33:18.833,0.82687,0.82693,1.50,1.50
2013.09.24 14:33:20.272,0.82686,0.82694,1.50,1.50
2013.09.24 14:33:21.413,0.82686,0.82694,1.50,1.87
2013.09.24 14:33:22.252,0.82686,0.82694,1.50,1.87
2013.09.24 14:33:22.503,0.82686,0.82694,1.50,1.50
2013.09.24 14:33:23.416,0.82686,0.82694,1.50,1.50
2013.09.24 14:33:23.962,0.82686,0.82695,1.50,1.13
2013.09.24 14:33:24.512,0.82686,0.82695,1.50,1.88
2013.09.24 14:33:25.964,0.82686,0.82695,1.50,1.88
2013.09.24 14:33:27.562,0.82685,0.82695,1.50,1.88
2013.09.24 14:33:27.682,0.82685,0.82695,1.50,1.88
2013.09.24 14:33:28.554,0.82685,0.82694,1.50,1.50
2013.09.24 14:33:31.524,0.82685,0.82694,1.50,2.10
2013.09.24 14:33:31.943,0.82683,0.82692,1.50,1.10
2013.09.24 14:33:32.063,0.8268,0.82687,1.50,1.50
2013.09.24 14:33:32.182,0.8268,0.8269,1.50,1.12
2013.09.24 14:33:32.484,0.8268,0.82689,1.50,1.12
2013.09.24 14:33:32.842,0.8268,0.82689,1.50,1.12
2013.09.24 14:33:33.944,0.82679,0.82689,1.50,1.49
2013.09.24 14:33:36.322,0.8268,0.8269,1.50,1.49
2013.09.24 14:33:36.562,0.8268,0.8269,1.50,1.13
2013.09.24 14:33:37.112,0.8268,0.8269,1.50,1.13
2013.09.24 14:33:37.534,0.8268,0.8269,1.50,1.13
2013.09.24 14:33:37.772,0.82675,0.82688,2.25,1.50
2013.09.24 14:33:37.832,0.82676,0.82688,1.50,1.50
2013.09.24 14:33:41.002,0.82677,0.8269,1.50,1.13
2013.09.24 14:33:41.243,0.82676,0.82688,1.50,1.50
2013.09.24 14:33:41.423,0.8268,0.8269,1.50,1.88
2013.09.24 14:33:41.782,0.82679,0.8269,1.50,1.88
2013.09.24 14:33:42.023,0.82675,0.82688,1.50,1.88
2013.09.24 14:33:44.272,0.82675,0.82687,1.50,1.13
2013.09.24 14:33:44.692,0.82676,0.82687,1.50,1.88
2013.09.24 14:33:44.753,0.8268,0.82691,1.50,1.88
2013.09.24 14:33:47.843,0.8268,0.82691,1.50,1.13
2013.09.24 14:33:57.735,0.8268,0.82689,1.50,1.13
2013.09.24 14:33:57.973,0.8268,0.82691,1.50,1.50
2013.09.24 14:33:58.662,0.8268,0.82692,1.50,1.13
2013.09.24 14:33:59.543,0.8268,0.82692,1.50,1.13
2013.09.24 14:34:01.023,0.8268,0.82692,1.50,1.13
2013.09.24 14:34:01.263,0.82681,0.82693,1.50,1.50
2013.09.24 14:34:02.752,0.82681,0.82693,1.50,1.13
2013.09.24 14:34:03.053,0.82686,0.827,1.88,3.75
2013.09.24 14:34:03.473,0.82689,0.827,1.50,1.50
2013.09.24 14:34:03.994,0.82691,0.82701,1.50,1.50
2013.09.24 14:34:04.634,0.8269,0.827,1.50,1.13
2013.09.24 14:34:05.183,0.8269,0.827,1.50,1.13
2013.09.24 14:34:05.242,0.8269,0.827,1.50,1.13
2013.09.24 14:34:05.424,0.82688,0.82698,1.50,1.88
2013.09.24 14:34:05.543,0.82684,0.82695,1.13,1.50
2013.09.24 14:34:06.240,0.82681,0.82694,1.50,1.50
2013.09.24 14:34:06.424,0.82677,0.8269,1.50,1.50
2013.09.24 14:34:06.544,0.82674,0.82688,1.88,1.50
2013.09.24 14:34:06.845,0.82674,0.8268,1.50,1.50
2013.09.24 14:34:06.913,0.82672,0.82679,1.50,1.50
2013.09.24 14:34:06.972,0.82667,0.82679,1.13,1.50
2013.09.24 14:34:07.523,0.82666,0.82679,1.50,1.88
2013.09.24 14:34:07.583,0.82667,0.82679,1.50,1.13
2013.09.24 14:34:07.943,0.82673,0.82684,1.88,1.50
2013.09.24 14:34:08.002,0.82673,0.82685,2.63,1.88
2013.09.24 14:34:08.062,0.82673,0.82685,3.38,1.88
2013.09.24 14:34:08.243,0.82676,0.82689,1.50,1.88
2013.09.24 14:34:08.303,0.82675,0.82689,1.50,2.25
2013.09.24 14:34:08.605,0.8267,0.82679,1.50,1.24
2013.09.24 14:34:08.674,0.82667,0.8268,2.25,1.88
2013.09.24 14:34:08.733,0.82667,0.8268,1.88,1.88
2013.09.24 14:34:08.975,0.82669,0.8268,1.50,1.88
2013.09.24 14:34:09.156,0.82667,0.82678,1.88,1.50
2013.09.24 14:34:09.225,0.82667,0.82675,2.63,1.50
2013.09.24 14:34:09.766,0.82665,0.82675,1.65,1.50
2013.09.24 14:34:10.074,0.82665,0.82675,1.65,1.50
2013.09.24 14:34:11.294,0.82663,0.82678,1.88,1.88
2013.09.24 14:34:13.704,0.82663,0.82673,1.88,1.50
2013.09.24 14:34:14.062,0.82657,0.82668,1.88,1.10
2013.09.24 14:34:14.122,0.82657,0.82671,1.88,1.13
2013.09.24 14:34:14.242,0.82659,0.82672,1.50,1.13
2013.09.24 14:34:14.603,0.82663,0.82676,1.50,3.00
2013.09.24 14:34:14.962,0.82661,0.82674,1.50,1.13
2013.09.24 14:34:15.322,0.82659,0.82669,1.13,2.25
2013.09.24 14:34:15.502,0.82655,0.82668,1.80,1.13
2013.09.24 14:34:15.744,0.82657,0.82668,1.50,1.13
2013.09.24 14:34:15.924,0.82655,0.82668,1.50,1.13
2013.09.24 14:34:15.986,0.82657,0.82668,1.50,1.13
2013.09.24 14:34:16.115,0.82654,0.82664,1.50,1.73
2013.09.24 14:34:16.233,0.82653,0.82664,1.13,1.13
2013.09.24 14:34:16.293,0.82653,0.82664,1.13,1.13
2013.09.24 14:34:16.653,0.82653,0.82664,1.88,1.13
2013.09.24 14:34:17.487,0.82653,0.82664,1.13,1.20
