2011.11.23 06:00:01.157,0.74455,0.74471,2.25,1.50
2011.11.23 06:00:01.827,0.74455,0.74471,2.25,1.50
2011.11.23 06:00:03.957,0.74457,0.74471,2.63,1.50
2011.11.23 06:00:04.080,0.74461,0.74477,2.25,1.50
2011.11.23 06:00:04.197,0.74465,0.74481,2.25,1.50
2011.11.23 06:00:04.559,0.74467,0.74485,2.25,2.25
2011.11.23 06:00:05.486,0.74466,0.74484,3.00,1.50
2011.11.23 06:00:06.207,0.74467,0.74485,2.25,2.25
2011.11.23 06:00:06.990,0.74469,0.74487,2.25,1.50
2011.11.23 06:00:08.005,0.74468,0.74486,2.25,2.25
2011.11.23 06:00:08.475,0.74467,0.74483,2.25,1.50
2011.11.23 06:00:09.079,0.74467,0.74483,2.25,2.25
2011.11.23 06:00:10.333,0.74466,0.74484,3.00,2.25
2011.11.23 06:00:10.464,0.74466,0.7448,1.50,1.50
2011.11.23 06:00:10.835,0.74452,0.74468,2.25,1.50
2011.11.23 06:00:11.407,0.74451,0.74467,2.25,1.50
2011.11.23 06:00:11.640,0.7445,0.74466,2.25,1.50
2011.11.23 06:00:11.760,0.7445,0.74468,2.25,1.50
2011.11.23 06:00:13.718,0.74453,0.74469,2.25,2.25
2011.11.23 06:00:14.958,0.74451,0.74467,2.25,1.50
2011.11.23 06:00:17.266,0.74453,0.74471,2.25,2.25
2011.11.23 06:00:17.800,0.74453,0.74471,2.25,2.25
2011.11.23 06:00:18.735,0.74453,0.74471,2.25,2.25
2011.11.23 06:00:19.237,0.74453,0.74471,2.25,2.25
2011.11.23 06:00:20.788,0.74455,0.74471,1.50,2.25
2011.11.23 06:00:23.718,0.74455,0.74471,2.25,2.25
2011.11.23 06:00:25.397,0.74455,0.74471,2.25,1.50
2011.11.23 06:00:25.517,0.74455,0.74471,1.50,1.50
2011.11.23 06:00:25.639,0.74455,0.74471,1.50,2.25
2011.11.23 06:00:26.443,0.74455,0.74471,1.50,1.50
2011.11.23 06:00:26.680,0.74455,0.74473,1.50,1.50
2011.11.23 06:00:28.535,0.74455,0.74471,1.50,1.50
2011.11.23 06:00:29.151,0.74456,0.74472,1.50,1.50
2011.11.23 06:00:29.470,0.74454,0.74472,2.25,1.50
2011.11.23 06:00:29.696,0.74456,0.74472,1.50,1.50
2011.11.23 06:00:33.510,0.74454,0.74472,2.25,1.50
2011.11.23 06:00:35.779,0.74456,0.74472,1.50,1.50
2011.11.23 06:00:37.637,0.74455,0.74471,1.50,1.50
2011.11.23 06:00:38.206,0.74456,0.74472,1.50,1.50
2011.11.23 06:00:39.744,0.74454,0.74472,2.25,1.50
2011.11.23 06:00:40.398,0.74452,0.7447,2.25,2.25
2011.11.23 06:00:40.866,0.74451,0.74469,2.44,2.25
2011.11.23 06:00:41.403,0.74453,0.74469,1.50,2.25
2011.11.23 06:00:41.528,0.74453,0.74469,2.25,2.25
2011.11.23 06:00:43.857,0.74451,0.74469,2.44,2.25
2011.11.23 06:00:44.200,0.7445,0.74466,2.44,1.50
2011.11.23 06:00:44.535,0.74451,0.74469,2.44,2.25
2011.11.23 06:00:45.223,0.74453,0.74469,2.25,1.50
2011.11.23 06:00:45.987,0.74453,0.74469,2.25,2.25
2011.11.23 06:00:46.335,0.74452,0.7447,2.25,2.25
2011.11.23 06:00:49.457,0.74451,0.74469,2.44,1.50
2011.11.23 06:00:50.190,0.74456,0.74472,2.25,2.25
2011.11.23 06:00:51.628,0.74455,0.74473,2.25,2.25
2011.11.23 06:01:07.176,0.74441,0.74455,2.25,1.10
2011.11.23 06:01:07.822,0.74431,0.74444,2.29,1.50
2011.11.23 06:01:07.961,0.74429,0.74447,2.25,1.50
2011.11.23 06:01:08.558,0.74428,0.74444,2.25,1.50
2011.11.23 06:01:12.398,0.74428,0.74444,2.25,1.50
2011.11.23 06:01:13.079,0.74426,0.74443,1.50,1.50
2011.11.23 06:01:15.548,0.74426,0.7444,1.65,1.50
2011.11.23 06:01:15.899,0.74426,0.74443,1.65,1.50
2011.11.23 06:01:16.022,0.74426,0.74441,1.65,1.50
2011.11.23 06:01:16.585,0.74426,0.74442,3.15,1.50
2011.11.23 06:01:18.036,0.74426,0.74442,1.50,1.50
2011.11.23 06:01:18.779,0.74426,0.74442,1.50,1.50
2011.11.23 06:01:18.897,0.74423,0.74439,3.75,1.50
2011.11.23 06:01:19.238,0.74421,0.74437,3.00,1.50
2011.11.23 06:01:19.759,0.74421,0.74437,2.25,1.50
2011.11.23 06:01:20.494,0.74421,0.74437,2.25,1.50
2011.11.23 06:01:20.617,0.74421,0.74439,2.25,1.50
2011.11.23 06:01:21.971,0.74421,0.74439,2.25,1.50
2011.11.23 06:01:22.631,0.7442,0.74438,2.25,1.50
2011.11.23 06:01:23.742,0.74419,0.74435,2.44,1.50
2011.11.23 06:01:24.350,0.74416,0.74434,2.25,1.50
2011.11.23 06:01:24.472,0.74416,0.74432,2.25,1.50
2011.11.23 06:01:24.958,0.74416,0.74434,2.44,1.50
2011.11.23 06:01:25.080,0.7442,0.74436,2.25,1.50
2011.11.23 06:01:25.310,0.74423,0.74439,2.25,1.50
2011.11.23 06:01:25.887,0.74422,0.7444,2.25,1.50
2011.11.23 06:01:28.148,0.7442,0.74438,3.00,1.50
2011.11.23 06:01:32.092,0.74421,0.74436,1.50,1.50
2011.11.23 06:01:32.254,0.74421,0.74437,3.00,1.50
2011.11.23 06:01:32.608,0.74421,0.74439,3.00,1.50
2011.11.23 06:01:35.005,0.74423,0.74441,2.25,1.50
2011.11.23 06:01:41.698,0.74424,0.7444,2.25,1.50
2011.11.23 06:01:44.867,0.74425,0.74443,2.25,1.50
2011.11.23 06:01:45.571,0.74424,0.74442,2.25,1.50
2011.11.23 06:01:46.175,0.74423,0.74439,2.25,1.50
2011.11.23 06:01:46.404,0.74423,0.74441,2.25,1.50
2011.11.23 06:01:47.099,0.74424,0.7444,2.25,1.50
2011.11.23 06:01:52.539,0.74425,0.74443,2.25,1.50
2011.11.23 06:01:52.655,0.74425,0.74441,2.25,1.50
2011.11.23 06:01:53.348,0.74422,0.7444,2.25,1.50
2011.11.23 06:01:53.914,0.74423,0.74441,2.25,1.50
2011.11.23 06:01:54.239,0.74423,0.74439,2.25,1.50
2011.11.23 06:01:54.600,0.74425,0.74443,2.25,1.50
2011.11.23 06:01:55.039,0.74423,0.74441,2.25,1.50
2011.11.23 06:01:55.693,0.74423,0.74439,2.25,1.50
2011.11.23 06:01:57.244,0.74421,0.74438,1.50,1.50
2011.11.23 06:01:57.825,0.74418,0.74436,3.00,1.50
2011.11.23 06:01:58.057,0.74418,0.74434,2.25,1.50
2011.11.23 06:01:58.519,0.74418,0.74436,2.25,1.50
2011.11.23 06:01:59.120,0.74417,0.74435,2.25,1.50
2011.11.23 06:02:00.128,0.74419,0.74435,3.00,1.50
2011.11.23 06:02:00.254,0.74425,0.74441,2.25,2.25
2011.11.23 06:02:01.006,0.74425,0.74441,2.25,1.50
2011.11.23 06:02:01.126,0.74423,0.74439,2.25,1.50
2011.11.23 06:02:01.779,0.74424,0.7444,2.25,1.50
2011.11.23 06:02:06.739,0.74429,0.74445,2.25,2.63
2011.11.23 06:02:07.088,0.74429,0.74445,1.50,2.25
2011.11.23 06:02:07.611,0.74425,0.74441,3.00,1.50
2011.11.23 06:02:07.976,0.74429,0.74445,2.25,1.50
2011.11.23 06:02:08.726,0.74433,0.74449,1.50,1.50
2011.11.23 06:02:09.504,0.74433,0.74451,1.50,1.50
2011.11.23 06:02:09.625,0.74431,0.74449,2.25,1.50
2011.11.23 06:02:10.254,0.74426,0.74444,3.19,1.50
2011.11.23 06:02:11.405,0.74427,0.74443,2.25,1.50
2011.11.23 06:02:11.527,0.74427,0.74443,3.00,1.50
2011.11.23 06:02:11.755,0.74429,0.74445,2.25,1.50
2011.11.23 06:02:12.273,0.74429,0.74445,1.50,2.25
2011.11.23 06:02:12.518,0.74409,0.74436,2.63,1.13
2011.11.23 06:02:12.639,0.74409,0.74433,2.25,1.50
2011.11.23 06:02:12.996,0.74411,0.74427,2.25,1.50
2011.11.23 06:02:13.337,0.74412,0.74428,2.25,1.50
2011.11.23 06:02:13.455,0.74414,0.7443,1.50,1.50
2011.11.23 06:02:14.015,0.74413,0.74431,2.25,1.50
2011.11.23 06:02:14.610,0.74414,0.7443,2.25,1.50
2011.11.23 06:02:20.164,0.74413,0.74429,2.25,1.50
2011.11.23 06:02:21.727,0.74413,0.74429,2.25,1.50
2011.11.23 06:02:22.478,0.74414,0.7443,1.50,1.50
2011.11.23 06:02:23.267,0.74412,0.7443,2.25,1.50
2011.11.23 06:02:23.895,0.74414,0.7443,2.25,1.50
2011.11.23 06:02:33.846,0.74412,0.7443,2.25,1.50
2011.11.23 06:02:34.417,0.74414,0.7443,1.50,1.50
2011.11.23 06:02:37.911,0.74414,0.7443,2.25,1.50
2011.11.23 06:02:38.863,0.74416,0.74432,1.50,1.88
2011.11.23 06:02:40.458,0.74412,0.7443,3.00,1.50
2011.11.23 06:02:40.688,0.74414,0.74432,2.25,1.88
2011.11.23 06:02:43.851,0.74412,0.7443,2.25,1.50
2011.11.23 06:02:44.461,0.74413,0.74431,2.25,1.50
2011.11.23 06:02:45.028,0.74412,0.7443,2.25,1.50
2011.11.23 06:02:48.985,0.74414,0.74432,2.25,1.50
2011.11.23 06:02:49.547,0.74413,0.74431,2.63,1.50
2011.11.23 06:02:49.672,0.74415,0.74433,2.25,1.50
2011.11.23 06:02:49.798,0.74417,0.74434,1.50,1.50
2011.11.23 06:02:50.247,0.74415,0.74431,2.25,1.50
2011.11.23 06:02:50.585,0.74412,0.7443,2.25,1.50
2011.11.23 06:02:51.145,0.7441,0.74428,2.25,1.50
2011.11.23 06:02:54.165,0.74411,0.74429,2.25,1.50
2011.11.23 06:02:56.643,0.7441,0.74428,2.25,1.50
2011.11.23 06:03:07.186,0.74411,0.74429,2.25,1.50
2011.11.23 06:03:07.817,0.74413,0.74429,1.50,1.50
2011.11.23 06:03:07.937,0.74413,0.74431,3.00,1.50
2011.11.23 06:03:09.106,0.74412,0.7443,2.25,1.50
2011.11.23 06:03:11.977,0.7441,0.74428,2.25,1.50
2011.11.23 06:03:12.667,0.7441,0.74428,2.25,1.50
2011.11.23 06:03:15.509,0.74409,0.74425,2.25,1.50
2011.11.23 06:03:17.658,0.7441,0.74428,2.25,1.50
2011.11.23 06:03:20.526,0.74411,0.74427,2.25,1.50
2011.11.23 06:03:20.646,0.74411,0.74429,2.25,1.50
2011.11.23 06:03:21.025,0.74411,0.74427,2.25,1.50
2011.11.23 06:03:21.144,0.74411,0.74429,2.25,1.50
2011.11.23 06:03:21.616,0.74411,0.74427,2.25,1.50
2011.11.23 06:03:22.258,0.74412,0.74428,2.25,1.50
2011.11.23 06:03:23.056,0.74411,0.74427,2.25,1.50
2011.11.23 06:03:23.395,0.74412,0.7443,2.25,1.50
2011.11.23 06:03:24.722,0.74413,0.74429,2.25,1.50
2011.11.23 06:03:25.228,0.74414,0.7443,2.25,1.50
2011.11.23 06:03:25.345,0.74412,0.74428,2.25,1.50
2011.11.23 06:03:25.686,0.74412,0.7443,2.25,1.50
2011.11.23 06:03:25.808,0.7441,0.74428,2.25,1.50
2011.11.23 06:03:27.119,0.74407,0.74425,2.25,1.50
2011.11.23 06:03:27.658,0.74408,0.74424,2.25,1.50
2011.11.23 06:03:28.759,0.74406,0.74422,2.25,1.50
2011.11.23 06:03:28.996,0.74406,0.74424,2.25,1.50
2011.11.23 06:03:30.046,0.74405,0.74422,1.13,1.50
2011.11.23 06:03:30.874,0.74403,0.74419,2.25,1.50
2011.11.23 06:03:31.326,0.74403,0.74421,2.25,1.50
2011.11.23 06:03:34.836,0.74405,0.74423,3.00,1.50
2011.11.23 06:03:35.882,0.74402,0.7442,2.25,1.50
2011.11.23 06:03:38.376,0.74402,0.7442,2.25,1.50
2011.11.23 06:03:41.186,0.74403,0.74421,2.25,1.50
2011.11.23 06:03:41.825,0.74406,0.74422,2.25,1.50
2011.11.23 06:03:44.567,0.74407,0.74423,2.25,1.50
2011.11.23 06:03:45.019,0.74409,0.74425,2.25,1.50
2011.11.23 06:03:45.585,0.74408,0.74426,2.25,1.50
2011.11.23 06:03:46.271,0.7441,0.74428,2.25,1.88
2011.11.23 06:04:05.360,0.7441,0.74426,1.50,1.50
2011.11.23 06:04:15.844,0.7441,0.74426,2.25,1.50
2011.11.23 06:04:16.085,0.74412,0.7443,2.25,1.50
2011.11.23 06:04:16.207,0.74415,0.74431,1.50,3.00
2011.11.23 06:04:16.876,0.74415,0.74433,2.25,3.00
2011.11.23 06:04:17.000,0.74415,0.74433,2.25,2.25
2011.11.23 06:04:17.641,0.74417,0.74433,1.50,1.50
2011.11.23 06:04:18.979,0.74417,0.74433,2.25,1.50
2011.11.23 06:04:19.317,0.74419,0.74435,1.50,2.25
2011.11.23 06:04:19.655,0.7442,0.74438,1.50,3.00
2011.11.23 06:04:20.226,0.74421,0.74437,1.50,2.25
2011.11.23 06:04:20.787,0.74419,0.74435,1.50,1.50
2011.11.23 06:04:21.368,0.74421,0.74437,1.50,2.25
2011.11.23 06:04:22.044,0.74418,0.74436,2.25,1.50
2011.11.23 06:04:22.164,0.74422,0.74438,1.50,3.75
2011.11.23 06:04:22.727,0.74422,0.74438,1.50,3.00
2011.11.23 06:04:23.377,0.74421,0.74437,1.50,1.50
2011.11.23 06:04:23.716,0.74419,0.74437,2.25,1.50
2011.11.23 06:04:24.288,0.74419,0.74433,2.25,1.88
2011.11.23 06:04:24.527,0.74412,0.74428,2.25,1.50
2011.11.23 06:04:24.646,0.74412,0.74428,2.25,1.50
2011.11.23 06:04:25.245,0.74411,0.74427,2.25,1.50
2011.11.23 06:04:25.526,0.74411,0.74427,2.25,1.50
2011.11.23 06:04:29.336,0.74411,0.74427,2.25,1.50
2011.11.23 06:04:29.924,0.74412,0.74428,2.25,1.50
2011.11.23 06:04:35.333,0.74412,0.74428,2.25,1.50
2011.11.23 06:04:35.864,0.74412,0.74428,2.25,1.50
2011.11.23 06:04:38.165,0.74412,0.74428,2.25,1.50
2011.11.23 06:04:39.937,0.74412,0.74428,3.00,1.50
2011.11.23 06:04:40.184,0.74414,0.7443,1.50,1.50
2011.11.23 06:04:40.310,0.74415,0.7443,1.50,1.50
2011.11.23 06:04:40.657,0.74417,0.74433,2.25,1.50
2011.11.23 06:04:40.777,0.74418,0.74436,2.25,1.50
2011.11.23 06:04:43.177,0.74418,0.74434,2.25,1.50
2011.11.23 06:04:43.297,0.74421,0.74439,1.50,3.00
2011.11.23 06:04:43.889,0.74421,0.74439,1.50,3.00
2011.11.23 06:04:44.533,0.7442,0.74438,1.50,2.25
2011.11.23 06:04:45.230,0.74421,0.74439,1.50,3.00
2011.11.23 06:04:45.676,0.74418,0.7444,2.25,2.25
2011.11.23 06:04:45.796,0.7442,0.7444,1.50,2.25
2011.11.23 06:04:45.915,0.74422,0.7444,1.50,2.25
2011.11.23 06:04:50.137,0.74422,0.7444,1.50,3.75
2011.11.23 06:04:51.552,0.74423,0.74439,1.50,2.25
2011.11.23 06:04:52.140,0.74422,0.7444,2.25,2.25
2011.11.23 06:04:52.499,0.74434,0.74449,1.50,1.50
2011.11.23 06:04:52.622,0.74434,0.74452,1.50,2.25
2011.11.23 06:04:52.749,0.74437,0.74454,1.50,1.88
2011.11.23 06:04:53.108,0.74443,0.74459,1.50,3.75
2011.11.23 06:04:53.580,0.7444,0.74458,1.50,3.00
2011.11.23 06:04:54.303,0.7444,0.74456,1.50,1.50
2011.11.23 06:04:55.149,0.74437,0.74455,2.25,1.50
2011.11.23 06:04:55.978,0.7444,0.74458,1.50,2.25
2011.11.23 06:04:57.180,0.74439,0.74457,2.25,1.50
2011.11.23 06:04:57.301,0.74441,0.74457,1.50,1.50
2011.11.23 06:04:57.767,0.74443,0.74459,1.50,2.25
2011.11.23 06:04:58.566,0.74442,0.74458,1.50,2.25
2011.11.23 06:04:58.922,0.7444,0.74456,1.50,3.00
2011.11.23 06:04:59.049,0.74437,0.74455,1.50,1.88
2011.11.23 06:04:59.398,0.74439,0.74455,1.50,1.88
2011.11.23 06:05:00.304,0.7444,0.74456,1.50,1.13
2011.11.23 06:05:00.909,0.74439,0.74456,1.50,1.13
2011.11.23 06:05:01.379,0.74441,0.74457,1.50,2.63
2011.11.23 06:05:01.500,0.74441,0.74457,1.50,2.25
2011.11.23 06:05:02.737,0.74442,0.74459,1.50,1.50
2011.11.23 06:05:03.077,0.74445,0.7446,1.50,1.50
2011.11.23 06:05:03.513,0.74448,0.74461,1.50,1.50
2011.11.23 06:05:03.644,0.74442,0.7446,1.50,2.25
2011.11.23 06:05:04.216,0.74443,0.74459,1.50,2.25
2011.11.23 06:05:04.829,0.74442,0.74458,1.50,2.25
2011.11.23 06:05:05.188,0.74442,0.74455,1.50,1.13
2011.11.23 06:05:05.531,0.7444,0.74457,1.50,1.50
2011.11.23 06:05:06.021,0.74443,0.74457,1.50,1.50
2011.11.23 06:05:06.136,0.74441,0.74457,1.50,3.00
2011.11.23 06:05:06.258,0.74441,0.74457,1.50,2.25
2011.11.23 06:05:06.663,0.74438,0.74456,1.50,1.50
2011.11.23 06:05:07.020,0.7444,0.74458,1.50,2.25
2011.11.23 06:05:07.578,0.74439,0.74457,1.50,3.00
2011.11.23 06:05:07.999,0.74439,0.74456,1.50,1.13
2011.11.23 06:05:11.747,0.74437,0.74455,1.50,1.88
2011.11.23 06:05:12.487,0.74438,0.74456,1.50,2.63
2011.11.23 06:05:15.522,0.74441,0.74456,1.50,1.13
2011.11.23 06:05:16.608,0.74443,0.74456,1.50,1.13
2011.11.23 06:05:17.178,0.74444,0.74458,1.50,1.50
2011.11.23 06:05:18.925,0.74442,0.74457,1.50,1.50
2011.11.23 06:05:19.046,0.74442,0.74457,1.50,1.13
2011.11.23 06:05:19.817,0.7444,0.74456,1.50,1.88
2011.11.23 06:05:23.325,0.74441,0.74457,1.50,1.88
2011.11.23 06:05:23.898,0.74441,0.74457,1.50,1.88
2011.11.23 06:05:30.658,0.7444,0.74456,1.50,1.88
2011.11.23 06:05:31.422,0.74438,0.74454,1.50,1.88
2011.11.23 06:05:31.696,0.74439,0.74456,1.50,1.13
2011.11.23 06:05:35.868,0.74437,0.74455,2.25,1.88
2011.11.23 06:05:35.987,0.74437,0.74455,2.25,1.88
2011.11.23 06:05:36.222,0.74437,0.74455,2.25,1.88
2011.11.23 06:05:36.845,0.74434,0.74452,2.25,1.50
2011.11.23 06:05:36.969,0.74431,0.74447,2.25,1.50
2011.11.23 06:05:37.426,0.74429,0.74445,2.25,1.50
2011.11.23 06:05:37.775,0.74428,0.74446,2.25,1.50
2011.11.23 06:05:37.897,0.74428,0.74444,2.25,1.50
2011.11.23 06:05:38.519,0.74429,0.74445,2.25,1.50
2011.11.23 06:05:39.056,0.74427,0.74445,3.00,1.50
2011.11.23 06:05:39.614,0.7443,0.74446,2.25,1.50
2011.11.23 06:05:39.740,0.7443,0.74448,2.25,1.50
2011.11.23 06:05:40.098,0.7443,0.74446,2.25,1.50
2011.11.23 06:05:42.541,0.74431,0.74447,2.25,1.50
2011.11.23 06:05:43.962,0.74428,0.74444,2.25,1.50
2011.11.23 06:05:44.536,0.74427,0.74445,2.25,1.50
2011.11.23 06:05:45.716,0.74428,0.74444,2.25,1.50
2011.11.23 06:05:45.835,0.74428,0.74446,2.25,1.50
2011.11.23 06:05:47.382,0.74428,0.74444,2.25,1.50
2011.11.23 06:05:48.643,0.74428,0.74446,2.25,1.50
2011.11.23 06:05:49.638,0.74427,0.74445,2.25,1.50
2011.11.23 06:05:51.436,0.74427,0.74445,2.25,1.50
2011.11.23 06:05:51.961,0.74429,0.74445,1.50,1.50
2011.11.23 06:05:52.680,0.74427,0.74445,2.25,1.50
2011.11.23 06:05:53.684,0.74428,0.74446,2.25,1.50
2011.11.23 06:05:54.426,0.74427,0.74445,2.25,1.50
2011.11.23 06:05:55.247,0.74429,0.74445,1.50,1.50
2011.11.23 06:05:56.500,0.74429,0.74445,2.25,1.50
2011.11.23 06:05:57.598,0.74431,0.74447,1.50,1.50
2011.11.23 06:05:58.137,0.7443,0.74446,2.25,1.50
2011.11.23 06:05:58.662,0.7443,0.74448,2.25,2.25
2011.11.23 06:05:58.824,0.7443,0.74446,2.25,1.50
2011.11.23 06:06:01.019,0.74431,0.74447,1.50,1.50
2011.11.23 06:06:01.706,0.74432,0.74449,1.50,1.13
2011.11.23 06:06:08.918,0.74432,0.74449,1.50,1.88
2011.11.23 06:06:09.377,0.74432,0.74449,1.50,1.13
2011.11.23 06:06:10.955,0.74432,0.74449,1.50,1.88
2011.11.23 06:06:11.075,0.74432,0.74449,1.50,1.13
2011.11.23 06:06:11.304,0.74434,0.74449,1.50,1.13
2011.11.23 06:06:12.002,0.74433,0.74449,1.50,2.63
2011.11.23 06:06:16.889,0.74433,0.74449,1.50,3.38
2011.11.23 06:06:17.537,0.74433,0.74449,1.50,2.63
2011.11.23 06:06:22.405,0.74433,0.74449,1.50,3.38
2011.11.23 06:06:22.695,0.74431,0.74447,1.50,2.25
2011.11.23 06:06:32.516,0.74429,0.74447,2.25,2.25
2011.11.23 06:06:32.893,0.74429,0.74447,2.25,2.25
2011.11.23 06:06:37.369,0.74429,0.74447,2.25,2.25
2011.11.23 06:06:37.714,0.74429,0.74447,2.44,2.25
2011.11.23 06:06:39.163,0.74429,0.74447,2.44,2.25
2011.11.23 06:06:39.904,0.74435,0.74449,2.25,1.13
2011.11.23 06:06:40.256,0.74432,0.74449,2.25,1.13
2011.11.23 06:06:40.737,0.74431,0.74447,2.25,2.25
2011.11.23 06:06:45.284,0.74434,0.74449,1.50,1.13
2011.11.23 06:06:49.336,0.74436,0.74449,1.50,1.13
2011.11.23 06:06:50.734,0.74434,0.74449,1.50,1.13
2011.11.23 06:06:51.664,0.74434,0.74449,2.25,1.13
2011.11.23 06:06:51.786,0.74441,0.74449,1.50,1.13
2011.11.23 06:06:52.510,0.74439,0.74457,1.50,3.38
2011.11.23 06:06:53.021,0.74432,0.74448,2.25,1.50
2011.11.23 06:06:53.147,0.74432,0.74448,2.25,1.50
2011.11.23 06:06:54.007,0.74434,0.7445,1.50,1.50
2011.11.23 06:06:59.703,0.74434,0.7445,2.25,1.50
2011.11.23 06:06:59.826,0.74436,0.74452,2.25,1.88
2011.11.23 06:07:05.005,0.74434,0.74452,2.25,1.88
2011.11.23 06:07:05.864,0.74434,0.74452,2.25,1.88
2011.11.23 06:07:10.075,0.74434,0.74452,2.25,1.88
2011.11.23 06:07:10.304,0.74432,0.7445,2.25,1.50
2011.11.23 06:07:15.044,0.74433,0.74451,2.25,1.88
2011.11.23 06:07:15.574,0.74432,0.7445,2.25,1.50
2011.11.23 06:07:16.495,0.74434,0.7445,1.50,1.50
2011.11.23 06:07:17.545,0.74435,0.74453,1.50,2.63
2011.11.23 06:07:18.783,0.74438,0.74454,1.50,2.63
2011.11.23 06:07:19.571,0.74439,0.74455,1.50,2.63
2011.11.23 06:07:20.126,0.74439,0.74455,1.50,2.63
2011.11.23 06:07:20.778,0.74438,0.74454,1.50,2.63
2011.11.23 06:07:21.905,0.74439,0.74454,1.50,1.13
2011.11.23 06:07:22.455,0.74439,0.74454,1.50,1.13
2011.11.23 06:07:23.449,0.74437,0.74454,1.50,1.13
2011.11.23 06:07:24.434,0.74437,0.74454,1.50,1.13
2011.11.23 06:07:25.800,0.74437,0.74454,1.50,1.13
2011.11.23 06:07:26.564,0.74436,0.74452,1.50,1.88
2011.11.23 06:07:28.977,0.74437,0.74454,1.50,1.13
2011.11.23 06:07:29.694,0.74436,0.74452,1.50,1.88
2011.11.23 06:07:29.832,0.74438,0.74454,1.50,1.50
2011.11.23 06:07:30.947,0.74435,0.74453,2.25,1.50
2011.11.23 06:07:35.336,0.74431,0.74449,2.25,1.50
2011.11.23 06:07:35.696,0.74431,0.74449,2.25,1.50
2011.11.23 06:07:36.526,0.74433,0.74451,2.25,1.50
2011.11.23 06:07:37.896,0.74433,0.74449,2.25,1.50
2011.11.23 06:07:40.390,0.74431,0.74447,2.25,1.50
2011.11.23 06:07:41.983,0.74431,0.74447,1.50,1.50
2011.11.23 06:07:53.936,0.74433,0.74449,1.50,1.88
2011.11.23 06:07:59.696,0.74433,0.74449,1.50,1.88
2011.11.23 06:08:04.503,0.74436,0.74452,1.50,1.13
2011.11.23 06:08:06.585,0.74434,0.74452,1.50,2.63
2011.11.23 06:08:12.425,0.74434,0.74452,1.50,2.63
2011.11.23 06:08:12.988,0.74435,0.74453,2.25,3.00
2011.11.23 06:08:31.886,0.74436,0.74452,1.50,1.88
2011.11.23 06:08:32.476,0.74435,0.74453,2.25,2.25
2011.11.23 06:08:33.138,0.74436,0.74452,1.50,1.88
2011.11.23 06:08:34.126,0.74435,0.74451,2.25,1.88
2011.11.23 06:08:35.631,0.74435,0.74451,2.25,1.88
2011.11.23 06:08:36.847,0.74435,0.74451,2.25,1.88
2011.11.23 06:08:36.975,0.74435,0.74453,2.25,1.50
2011.11.23 06:08:37.102,0.74438,0.74454,1.50,2.25
2011.11.23 06:08:37.335,0.74438,0.74456,2.25,1.50
2011.11.23 06:08:37.577,0.74438,0.74456,2.25,1.50
2011.11.23 06:08:38.340,0.74438,0.74456,2.25,1.50
2011.11.23 06:08:45.487,0.74438,0.74456,2.25,1.50
2011.11.23 06:08:59.935,0.74438,0.74454,2.25,1.50
2011.11.23 06:09:00.491,0.74437,0.74455,2.25,1.50
2011.11.23 06:09:01.148,0.74438,0.74456,2.25,1.50
2011.11.23 06:09:02.676,0.74437,0.74455,2.25,1.50
2011.11.23 06:09:03.368,0.7444,0.74456,2.25,1.50
2011.11.23 06:09:04.014,0.7444,0.74458,2.25,1.50
2011.11.23 06:09:04.937,0.74439,0.74457,2.25,1.50
2011.11.23 06:09:12.527,0.74437,0.74455,2.25,1.50
2011.11.23 06:09:13.085,0.74438,0.74456,2.25,1.50
2011.11.23 06:09:17.059,0.74441,0.74457,1.50,1.50
2011.11.23 06:09:17.290,0.74442,0.7446,1.50,2.25
2011.11.23 06:09:17.869,0.74447,0.74464,1.50,1.50
2011.11.23 06:09:18.232,0.74452,0.74468,1.50,2.25
2011.11.23 06:09:18.358,0.74449,0.74467,2.25,1.50
2011.11.23 06:09:18.587,0.74447,0.74465,1.50,1.50
2011.11.23 06:09:19.188,0.74446,0.74464,1.50,1.88
2011.11.23 06:09:19.700,0.74448,0.74464,1.50,1.88
2011.11.23 06:09:20.100,0.74444,0.7446,2.25,1.50
2011.11.23 06:09:23.611,0.74448,0.74464,1.50,1.88
2011.11.23 06:09:24.356,0.74447,0.74463,2.25,1.50
2011.11.23 06:09:25.040,0.74447,0.74465,2.25,1.88
2011.11.23 06:09:25.706,0.7445,0.74466,1.50,2.25
2011.11.23 06:09:26.829,0.74448,0.74466,1.50,2.25
2011.11.23 06:09:26.951,0.7445,0.74468,1.50,2.25
2011.11.23 06:09:30.347,0.74451,0.74467,1.50,2.25
2011.11.23 06:09:30.885,0.7445,0.74466,1.50,1.50
2011.11.23 06:09:32.518,0.74447,0.74465,2.25,1.50
2011.11.23 06:09:35.578,0.74447,0.74463,2.25,1.50
2011.11.23 06:09:36.339,0.74448,0.74464,2.25,1.50
2011.11.23 06:09:38.228,0.74447,0.74463,2.25,1.50
2011.11.23 06:09:41.546,0.74447,0.74465,1.50,1.50
2011.11.23 06:09:42.635,0.74447,0.74463,1.50,1.50
2011.11.23 06:09:45.677,0.74444,0.74462,2.25,1.50
2011.11.23 06:09:54.124,0.74445,0.74461,2.25,1.50
2011.11.23 06:09:56.746,0.74445,0.74463,2.25,1.50
2011.11.23 06:09:57.368,0.74444,0.74462,2.25,1.50
2011.11.23 06:10:00.394,0.74448,0.74464,1.50,1.50
2011.11.23 06:10:01.055,0.74447,0.74463,1.50,1.50
2011.11.23 06:10:03.931,0.74444,0.74462,2.25,1.50
2011.11.23 06:10:04.277,0.74442,0.7446,2.44,1.50
2011.11.23 06:10:07.444,0.74444,0.74462,2.25,1.88
2011.11.23 06:10:09.886,0.74448,0.74464,1.50,1.88
2011.11.23 06:10:10.009,0.74448,0.74464,1.50,1.50
2011.11.23 06:10:14.188,0.74451,0.74467,1.50,2.25
2011.11.23 06:10:14.934,0.74454,0.74469,1.50,1.50
2011.11.23 06:10:15.056,0.74452,0.74468,1.50,2.25
2011.11.23 06:10:25.150,0.74452,0.74468,1.50,2.25
2011.11.23 06:10:25.687,0.74452,0.74468,1.50,2.25
2011.11.23 06:10:29.126,0.74453,0.74469,1.50,3.00
2011.11.23 06:10:29.393,0.7445,0.74468,1.50,2.25
2011.11.23 06:10:30.273,0.74449,0.74467,1.50,2.25
2011.11.23 06:10:33.874,0.74451,0.74467,1.50,2.25
2011.11.23 06:10:34.554,0.74451,0.74467,1.50,2.55
2011.11.23 06:10:35.074,0.74452,0.74465,1.50,1.05
2011.11.23 06:10:35.636,0.74451,0.74465,1.50,1.05
2011.11.23 06:10:39.416,0.74452,0.74467,1.50,1.05
2011.11.23 06:10:39.970,0.74452,0.74467,1.50,1.05
2011.11.23 06:10:40.386,0.74455,0.74467,1.50,1.05
2011.11.23 06:10:40.959,0.74456,0.74468,1.50,1.05
2011.11.23 06:10:41.785,0.74455,0.74468,1.50,1.05
2011.11.23 06:10:42.403,0.74455,0.74468,1.50,1.05
2011.11.23 06:10:43.779,0.74455,0.74472,1.50,3.57
2011.11.23 06:10:44.477,0.74455,0.74472,1.50,2.63
2011.11.23 06:10:45.585,0.74455,0.74472,1.50,2.63
2011.11.23 06:10:47.347,0.74455,0.74472,1.50,2.63
2011.11.23 06:10:53.348,0.74455,0.74472,1.50,2.63
2011.11.23 06:10:53.774,0.74461,0.74472,1.50,1.13
2011.11.23 06:10:54.141,0.7448,0.74496,1.50,1.50
2011.11.23 06:10:54.262,0.74472,0.745,2.29,1.10
2011.11.23 06:10:54.394,0.74479,0.74503,1.13,1.10
2011.11.23 06:10:54.519,0.7448,0.74505,1.13,1.50
2011.11.23 06:10:54.878,0.74491,0.74505,1.50,1.50
2011.11.23 06:10:55.595,0.74489,0.74505,1.50,3.75
2011.11.23 06:10:57.845,0.74486,0.74503,1.50,1.50
2011.11.23 06:10:58.456,0.74486,0.74502,1.50,1.50
2011.11.23 06:10:58.576,0.74483,0.74501,2.25,1.88
2011.11.23 06:10:59.458,0.74484,0.74502,2.25,1.88
2011.11.23 06:10:59.996,0.74483,0.74501,2.25,1.88
2011.11.23 06:11:00.851,0.74487,0.74503,1.50,3.38
2011.11.23 06:11:01.367,0.74486,0.74502,1.50,1.88
2011.11.23 06:11:01.945,0.74486,0.74502,1.50,1.50
2011.11.23 06:11:02.313,0.74489,0.74507,2.25,1.50
2011.11.23 06:11:02.443,0.74491,0.74508,1.50,1.50
2011.11.23 06:11:02.808,0.7449,0.74506,1.50,1.50
2011.11.23 06:11:03.752,0.74489,0.74505,2.25,2.25
2011.11.23 06:11:05.228,0.74486,0.74504,2.25,1.50
2011.11.23 06:11:05.945,0.74486,0.74504,2.25,1.50
2011.11.23 06:11:06.356,0.74486,0.74502,2.25,1.50
2011.11.23 06:11:06.918,0.74485,0.74503,2.44,1.50
2011.11.23 06:11:08.982,0.74486,0.74504,2.25,1.50
2011.11.23 06:11:10.279,0.74488,0.74506,2.25,1.50
2011.11.23 06:11:10.520,0.74489,0.74507,3.19,1.50
2011.11.23 06:11:10.641,0.74494,0.7451,2.03,1.50
2011.11.23 06:11:10.772,0.745,0.74518,1.50,2.25
2011.11.23 06:11:10.902,0.74502,0.7452,2.25,1.50
2011.11.23 06:11:11.031,0.74502,0.7452,1.50,2.25
2011.11.23 06:11:11.622,0.74505,0.74521,1.50,1.13
2011.11.23 06:11:12.230,0.74504,0.7452,1.50,2.25
2011.11.23 06:11:12.491,0.74502,0.7452,1.50,2.25
2011.11.23 06:11:12.620,0.74505,0.74521,1.50,2.63
2011.11.23 06:11:13.780,0.74502,0.7452,1.50,2.25
2011.11.23 06:11:15.427,0.74504,0.7452,1.50,2.25
2011.11.23 06:11:18.425,0.74504,0.7452,1.50,1.50
2011.11.23 06:11:19.014,0.74505,0.74522,1.50,1.13
2011.11.23 06:11:21.000,0.74506,0.74522,1.50,1.13
2011.11.23 06:11:21.566,0.74504,0.7452,1.50,1.88
2011.11.23 06:11:22.410,0.74506,0.74521,1.50,1.13
2011.11.23 06:11:23.204,0.74507,0.74521,1.50,1.13
2011.11.23 06:11:23.917,0.74505,0.74521,1.50,1.13
2011.11.23 06:11:26.800,0.74508,0.74521,1.50,1.13
2011.11.23 06:11:31.230,0.74506,0.74522,1.50,2.63
2011.11.23 06:11:32.079,0.7451,0.74522,1.50,1.13
2011.11.23 06:11:32.708,0.74508,0.74522,1.50,1.13
2011.11.23 06:11:32.826,0.74506,0.74522,1.50,2.63
2011.11.23 06:11:35.176,0.74504,0.7452,1.50,1.88
2011.11.23 06:11:37.606,0.74502,0.74518,1.50,1.13
2011.11.23 06:11:38.425,0.74502,0.74518,1.50,1.13
2011.11.23 06:11:39.009,0.74501,0.74517,1.50,2.25
2011.11.23 06:11:39.367,0.74502,0.74518,1.50,2.63
2011.11.23 06:11:39.950,0.74504,0.7452,1.50,1.88
2011.11.23 06:11:40.446,0.74506,0.74521,1.50,1.13
2011.11.23 06:11:43.965,0.74506,0.74518,1.50,1.13
2011.11.23 06:11:44.479,0.74506,0.74522,1.50,2.63
2011.11.23 06:11:45.737,0.74503,0.74521,1.50,1.88
2011.11.23 06:11:46.487,0.74502,0.7452,1.50,1.88
2011.11.23 06:11:48.167,0.74502,0.74518,1.50,1.13
2011.11.23 06:11:48.969,0.74501,0.74517,1.50,2.25
2011.11.23 06:11:49.769,0.74502,0.74518,1.50,2.63
2011.11.23 06:11:49.885,0.745,0.74518,1.69,2.63
2011.11.23 06:11:51.465,0.74501,0.74518,1.50,1.13
2011.11.23 06:11:54.251,0.74503,0.74518,1.50,1.13
2011.11.23 06:11:54.752,0.74502,0.74518,1.50,1.13
2011.11.23 06:11:55.096,0.74504,0.74518,1.50,1.13
2011.11.23 06:11:57.260,0.74502,0.74518,1.50,1.13
2011.11.23 06:11:57.796,0.74503,0.74518,1.50,1.13
2011.11.23 06:11:58.776,0.74498,0.74516,1.69,2.25
2011.11.23 06:11:59.116,0.74496,0.74512,2.85,1.50
2011.11.23 06:11:59.236,0.74496,0.74514,2.85,1.50
2011.11.23 06:12:01.147,0.74496,0.74514,2.85,1.50
2011.11.23 06:12:01.928,0.74499,0.74515,1.69,1.50
2011.11.23 06:12:07.757,0.745,0.74516,1.50,1.50
2011.11.23 06:12:09.948,0.74498,0.74514,1.69,1.50
2011.11.23 06:12:13.785,0.74498,0.74514,1.69,1.50
2011.11.23 06:12:15.916,0.74499,0.74517,2.44,1.50
2011.11.23 06:12:18.088,0.74498,0.74516,2.44,1.50
2011.11.23 06:12:25.550,0.745,0.74516,1.13,1.50
2011.11.23 06:12:25.670,0.74501,0.74519,1.50,2.25
2011.11.23 06:12:25.793,0.745,0.74516,2.82,1.50
2011.11.23 06:12:26.489,0.74501,0.74517,1.50,1.50
2011.11.23 06:12:31.558,0.74499,0.74515,2.44,1.50
2011.11.23 06:12:32.455,0.74499,0.74515,1.69,1.50
2011.11.23 06:12:32.989,0.74493,0.74509,1.50,1.50
2011.11.23 06:12:33.530,0.74492,0.74508,1.50,1.50
2011.11.23 06:12:40.638,0.74491,0.74507,2.44,1.50
2011.11.23 06:12:41.247,0.74492,0.74508,2.44,1.50
2011.11.23 06:12:55.256,0.74487,0.74503,3.22,1.50
2011.11.23 06:12:55.376,0.7449,0.74506,2.44,1.50
2011.11.23 06:12:56.237,0.74493,0.74509,1.50,1.50
2011.11.23 06:12:58.666,0.74491,0.74507,2.44,1.50
2011.11.23 06:12:59.250,0.7449,0.74506,2.44,1.50
2011.11.23 06:12:59.975,0.74491,0.74509,2.44,1.50
2011.11.23 06:13:00.550,0.74491,0.74509,2.44,2.25
2011.11.23 06:13:03.876,0.74493,0.74511,1.50,3.00
2011.11.23 06:13:04.769,0.74492,0.74508,1.69,2.25
2011.11.23 06:13:05.220,0.74492,0.74508,1.69,2.25
2011.11.23 06:13:05.805,0.74489,0.74505,2.25,2.25
2011.11.23 06:13:06.050,0.74487,0.74503,1.88,2.25
2011.11.23 06:13:06.660,0.74487,0.74503,1.88,2.25
2011.11.23 06:13:06.888,0.74486,0.74501,1.32,1.50
2011.11.23 06:13:08.126,0.74485,0.74501,2.44,1.50
2011.11.23 06:13:10.687,0.74486,0.74501,1.69,1.50
2011.11.23 06:13:10.808,0.74489,0.74504,1.54,1.50
2011.11.23 06:13:11.173,0.74494,0.7451,1.50,2.25
2011.11.23 06:13:11.417,0.74494,0.7451,1.65,1.50
2011.11.23 06:13:13.297,0.74494,0.74512,1.50,2.63
2011.11.23 06:13:14.174,0.74494,0.74512,2.25,1.88
2011.11.23 06:13:14.417,0.74497,0.74513,1.50,1.88
2011.11.23 06:13:16.397,0.74497,0.74512,1.50,1.13
2011.11.23 06:13:16.637,0.74484,0.74502,3.00,1.50
2011.11.23 06:13:16.757,0.74484,0.74502,2.25,1.50
2011.11.23 06:13:17.316,0.74486,0.74504,1.50,2.25
2011.11.23 06:13:17.657,0.74488,0.74506,1.50,3.38
2011.11.23 06:13:18.169,0.74486,0.74504,1.50,2.25
2011.11.23 06:13:18.286,0.74486,0.74504,1.50,2.25
2011.11.23 06:13:18.408,0.74486,0.74504,1.50,2.25
2011.11.23 06:13:20.816,0.74486,0.745,1.50,1.10
2011.11.23 06:13:21.056,0.74482,0.74497,1.88,1.50
2011.11.23 06:13:21.176,0.7448,0.74496,1.69,1.50
2011.11.23 06:13:23.225,0.74481,0.74497,1.50,1.50
2011.11.23 06:13:23.641,0.74483,0.74497,1.50,1.50
2011.11.23 06:13:24.319,0.74479,0.74497,2.07,3.00
2011.11.23 06:13:24.678,0.74482,0.74497,1.50,1.50
2011.11.23 06:13:25.266,0.7448,0.74496,1.69,1.50
2011.11.23 06:13:25.824,0.74479,0.74497,2.07,3.00
2011.11.23 06:13:26.366,0.74478,0.74496,2.07,1.50
2011.11.23 06:13:27.705,0.7448,0.74496,1.69,1.50
2011.11.23 06:13:27.827,0.74482,0.74498,1.50,1.50
2011.11.23 06:13:28.070,0.74486,0.74502,1.50,2.25
2011.11.23 06:13:29.865,0.74484,0.745,1.50,1.50
2011.11.23 06:13:33.606,0.74486,0.74502,1.50,2.25
2011.11.23 06:13:34.369,0.74484,0.745,1.50,1.50
2011.11.23 06:13:36.166,0.74485,0.74501,1.50,2.25
2011.11.23 06:13:36.408,0.74483,0.74501,1.50,2.25
2011.11.23 06:13:36.529,0.74485,0.74501,1.50,2.25
2011.11.23 06:13:37.072,0.74484,0.745,1.50,1.50
2011.11.23 06:13:37.997,0.74484,0.74502,1.50,2.25
2011.11.23 06:13:38.327,0.74483,0.74499,1.50,1.50
2011.11.23 06:13:38.849,0.74495,0.74504,2.10,1.13
2011.11.23 06:13:39.202,0.74501,0.74517,2.10,1.50
2011.11.23 06:13:41.181,0.74503,0.74517,1.54,2.25
2011.11.23 06:13:42.698,0.74502,0.74517,1.32,2.25
2011.11.23 06:13:43.061,0.74489,0.74506,1.50,1.50
2011.11.23 06:13:43.650,0.74489,0.74506,1.50,1.50
2011.11.23 06:13:45.588,0.74489,0.74506,1.50,1.50
2011.11.23 06:13:46.176,0.74489,0.74507,3.00,1.50
2011.11.23 06:13:48.019,0.74492,0.74508,1.50,1.50
2011.11.23 06:13:48.544,0.74491,0.74509,2.25,1.50
2011.11.23 06:13:49.706,0.74494,0.7451,1.50,2.25
2011.11.23 06:13:50.059,0.74491,0.74509,2.25,2.63
2011.11.23 06:13:50.477,0.74489,0.74501,1.50,1.50
2011.11.23 06:13:50.606,0.74482,0.745,2.25,1.88
2011.11.23 06:13:50.730,0.74479,0.74497,2.25,1.50
2011.11.23 06:13:51.286,0.74479,0.74497,2.25,1.50
2011.11.23 06:13:52.110,0.74482,0.74498,2.25,1.50
2011.11.23 06:13:52.540,0.74476,0.74492,2.63,1.50
2011.11.23 06:13:52.767,0.74476,0.74492,1.50,1.50
2011.11.23 06:13:53.001,0.74472,0.7449,2.63,1.88
2011.11.23 06:13:53.360,0.74467,0.74483,1.50,1.50
2011.11.23 06:13:53.598,0.74465,0.74481,3.00,1.50
2011.11.23 06:13:54.178,0.74467,0.74483,3.00,1.50
2011.11.23 06:13:54.929,0.74468,0.74483,1.88,1.50
2011.11.23 06:13:55.598,0.74485,0.74501,1.50,2.25
2011.11.23 06:13:55.726,0.74484,0.745,1.50,1.50
2011.11.23 06:13:56.487,0.7448,0.74498,2.44,1.50
2011.11.23 06:13:56.968,0.74483,0.74501,1.50,1.50
2011.11.23 06:13:57.087,0.74482,0.74498,2.40,1.50
2011.11.23 06:13:57.436,0.74483,0.74499,2.25,1.50
2011.11.23 06:13:58.986,0.74485,0.74501,1.50,1.50
2011.11.23 06:13:59.805,0.74485,0.74501,2.25,1.50
2011.11.23 06:13:59.925,0.74487,0.74503,1.50,1.50
2011.11.23 06:14:04.509,0.74485,0.74501,2.25,1.50
2011.11.23 06:14:05.064,0.74483,0.74501,2.25,1.50
2011.11.23 06:14:05.755,0.74484,0.74502,2.25,1.50
2011.11.23 06:14:09.175,0.74484,0.74502,1.50,1.50
2011.11.23 06:14:09.734,0.74485,0.74501,1.50,1.50
2011.11.23 06:14:10.466,0.74484,0.745,1.50,1.50
2011.11.23 06:14:11.146,0.74484,0.74502,1.50,1.50
2011.11.23 06:14:11.265,0.74484,0.745,1.50,1.50
2011.11.23 06:14:11.619,0.74487,0.74503,1.50,1.50
2011.11.23 06:14:12.268,0.74488,0.74505,1.50,1.13
2011.11.23 06:14:14.125,0.74486,0.74504,2.25,1.88
2011.11.23 06:14:15.327,0.74486,0.74502,1.50,1.50
2011.11.23 06:14:17.427,0.74486,0.74504,1.50,1.88
2011.11.23 06:14:20.201,0.74488,0.74505,1.50,1.13
2011.11.23 06:14:20.985,0.74486,0.74504,2.25,1.88
2011.11.23 06:14:22.100,0.74489,0.74505,2.63,1.50
2011.11.23 06:14:22.216,0.74492,0.7451,1.50,3.00
2011.11.23 06:14:28.750,0.74491,0.74507,2.25,1.50
2011.11.23 06:14:29.086,0.74488,0.74504,1.50,1.50
2011.11.23 06:14:35.474,0.74485,0.74503,2.25,1.50
2011.11.23 06:14:37.736,0.74485,0.74503,2.25,1.50
2011.11.23 06:14:38.288,0.74486,0.74504,2.25,1.50
2011.11.23 06:14:42.626,0.74484,0.745,1.50,1.50
2011.11.23 06:14:42.780,0.74481,0.74499,2.25,1.50
2011.11.23 06:14:43.330,0.74483,0.74499,1.50,1.50
2011.11.23 06:14:44.064,0.74482,0.745,2.25,1.50
2011.11.23 06:14:44.718,0.74482,0.745,3.00,1.50
2011.11.23 06:14:45.074,0.74488,0.74506,1.50,2.25
2011.11.23 06:14:45.324,0.74494,0.7451,1.50,1.88
2011.11.23 06:14:45.454,0.74494,0.74507,1.50,1.13
2011.11.23 06:14:45.701,0.74486,0.74504,2.25,1.50
2011.11.23 06:14:45.940,0.74488,0.74506,2.25,1.50
2011.11.23 06:14:46.059,0.74493,0.74511,1.50,1.88
2011.11.23 06:14:46.178,0.74493,0.74511,1.50,1.88
2011.11.23 06:14:50.099,0.74486,0.74502,1.32,1.50
2011.11.23 06:14:50.220,0.74483,0.74499,3.19,1.50
2011.11.23 06:14:50.457,0.74483,0.74499,1.13,1.50
2011.11.23 06:14:53.777,0.74483,0.74501,2.07,1.50
2011.11.23 06:15:00.925,0.74482,0.74498,2.82,1.50
2011.11.23 06:15:02.968,0.74479,0.74495,2.82,1.50
2011.11.23 06:15:03.085,0.74479,0.74497,2.82,1.50
2011.11.23 06:15:03.649,0.74479,0.74497,2.63,1.50
2011.11.23 06:15:04.267,0.74479,0.74495,2.25,1.50
2011.11.23 06:15:04.722,0.74479,0.74497,2.25,1.50
2011.11.23 06:15:05.415,0.74477,0.74493,2.63,1.50
2011.11.23 06:15:05.780,0.74473,0.74489,1.54,1.50
2011.11.23 06:15:06.011,0.74474,0.7449,2.25,1.50
2011.11.23 06:15:06.359,0.74471,0.74489,2.63,1.50
2011.11.23 06:15:06.588,0.74471,0.74489,2.63,1.50
2011.11.23 06:15:06.709,0.74471,0.74486,1.13,1.50
2011.11.23 06:15:06.947,0.74466,0.74482,2.63,1.50
2011.11.23 06:15:07.178,0.74466,0.74482,3.00,1.50
2011.11.23 06:15:07.902,0.74466,0.74482,2.25,1.50
2011.11.23 06:15:08.147,0.74464,0.74479,1.13,1.50
2011.11.23 06:15:09.116,0.74466,0.7448,1.50,1.50
2011.11.23 06:15:09.350,0.74466,0.74482,1.50,1.50
2011.11.23 06:15:09.687,0.74468,0.74482,1.50,1.50
2011.11.23 06:15:09.917,0.74468,0.74484,3.00,1.50
2011.11.23 06:15:13.092,0.7447,0.74486,2.25,1.50
2011.11.23 06:15:13.912,0.7447,0.74486,1.50,1.50
2011.11.23 06:15:14.148,0.74468,0.74486,2.25,1.50
2011.11.23 06:15:14.494,0.74466,0.74484,2.63,1.50
2011.11.23 06:15:14.979,0.74465,0.74481,2.25,1.50
2011.11.23 06:15:15.339,0.74466,0.74484,2.25,1.50
2011.11.23 06:15:16.497,0.74464,0.7448,2.25,1.50
2011.11.23 06:15:16.980,0.74465,0.74481,2.25,1.50
2011.11.23 06:15:17.100,0.74468,0.74483,1.50,1.50
2011.11.23 06:15:17.217,0.74468,0.74486,2.25,1.50
2011.11.23 06:15:17.797,0.7447,0.74486,2.25,1.50
2011.11.23 06:15:18.322,0.74474,0.7449,1.50,2.25
2011.11.23 06:15:19.269,0.74472,0.74488,1.50,2.25
2011.11.23 06:15:20.211,0.74469,0.74487,2.25,1.50
2011.11.23 06:15:21.028,0.74468,0.74486,2.63,1.50
2011.11.23 06:15:22.382,0.74468,0.74484,1.13,1.50
2011.11.23 06:15:22.986,0.74468,0.74485,1.13,1.50
2011.11.23 06:15:23.505,0.74468,0.74483,1.13,1.50
2011.11.23 06:15:25.399,0.74468,0.74484,2.63,1.50
2011.11.23 06:15:29.568,0.74468,0.74485,1.13,1.50
2011.11.23 06:15:29.917,0.74468,0.74482,1.13,1.50
2011.11.23 06:15:30.378,0.74468,0.74484,2.63,1.50
2011.11.23 06:15:31.260,0.74468,0.74484,1.50,2.63
2011.11.23 06:15:31.613,0.74466,0.74484,1.50,2.63
2011.11.23 06:15:31.744,0.74462,0.74478,2.25,1.50
2011.11.23 06:15:32.337,0.74461,0.74477,2.25,1.50
2011.11.23 06:15:39.400,0.74463,0.7448,1.50,1.50
2011.11.23 06:15:39.517,0.74465,0.74481,1.50,1.50
2011.11.23 06:15:39.636,0.74466,0.74484,1.50,2.63
2011.11.23 06:15:40.184,0.74468,0.74484,2.25,1.50
2011.11.23 06:15:40.324,0.74471,0.74489,1.50,2.25
2011.11.23 06:15:40.680,0.74469,0.74487,2.25,1.50
2011.11.23 06:15:41.219,0.74468,0.74486,2.25,1.50
2011.11.23 06:15:41.980,0.7447,0.74486,1.50,1.50
2011.11.23 06:15:45.399,0.74469,0.74485,1.50,1.50
2011.11.23 06:15:47.060,0.74465,0.74481,1.69,1.50
2011.11.23 06:15:47.436,0.74462,0.74477,1.69,1.50
2011.11.23 06:15:47.810,0.74462,0.7448,2.25,1.50
2011.11.23 06:15:48.384,0.74465,0.74481,1.50,1.50
2011.11.23 06:15:48.635,0.74466,0.74484,1.88,1.50
2011.11.23 06:15:48.758,0.74468,0.74486,1.50,2.25
2011.11.23 06:15:51.214,0.74471,0.74489,2.25,1.50
2011.11.23 06:15:51.799,0.74472,0.74488,2.25,1.50
2011.11.23 06:15:52.150,0.7447,0.74486,2.25,1.50
2011.11.23 06:15:52.526,0.74467,0.74484,3.38,1.50
2011.11.23 06:15:53.099,0.74467,0.74484,3.38,1.50
2011.11.23 06:15:53.217,0.74468,0.74486,2.25,1.50
2011.11.23 06:15:53.960,0.74468,0.74486,2.25,1.50
2011.11.23 06:15:55.496,0.74467,0.74484,1.88,1.50
2011.11.23 06:15:55.906,0.74471,0.74487,1.50,1.50
2011.11.23 06:15:56.293,0.74467,0.74479,1.88,1.50
2011.11.23 06:15:56.420,0.74469,0.74485,2.25,1.50
2011.11.23 06:15:56.540,0.74471,0.74487,1.50,1.50
2011.11.23 06:15:56.773,0.74468,0.74486,2.25,1.50
2011.11.23 06:15:56.900,0.74471,0.74489,1.50,1.50
2011.11.23 06:15:57.358,0.74469,0.74487,2.25,1.50
2011.11.23 06:15:57.984,0.74472,0.74488,1.50,1.50
2011.11.23 06:15:58.350,0.74474,0.7449,1.50,1.50
2011.11.23 06:15:59.436,0.74472,0.74488,1.50,1.50
2011.11.23 06:16:00.337,0.74472,0.7449,1.50,1.50
2011.11.23 06:16:00.666,0.74472,0.74488,1.50,1.50
2011.11.23 06:16:01.003,0.74472,0.7449,1.50,1.50
2011.11.23 06:16:02.018,0.74472,0.74488,2.25,1.50
2011.11.23 06:16:02.616,0.74473,0.74489,1.50,1.50
2011.11.23 06:16:03.178,0.74473,0.74489,2.25,1.50
2011.11.23 06:16:03.519,0.74482,0.74495,1.50,1.13
2011.11.23 06:16:03.639,0.74472,0.7449,2.25,1.50
2011.11.23 06:16:03.758,0.74476,0.74492,1.50,1.50
2011.11.23 06:16:08.156,0.74473,0.74491,2.25,1.50
2011.11.23 06:16:08.606,0.74477,0.74493,1.50,1.88
2011.11.23 06:16:09.130,0.74478,0.74494,1.50,2.63
2011.11.23 06:16:09.248,0.74474,0.74492,1.50,1.50
2011.11.23 06:16:09.478,0.74478,0.74494,1.50,1.13
2011.11.23 06:16:10.205,0.74477,0.74493,1.50,1.88
2011.11.23 06:16:10.334,0.74474,0.74492,1.50,1.50
2011.11.23 06:16:10.846,0.74476,0.74494,1.50,1.88
2011.11.23 06:16:11.077,0.74474,0.74492,2.25,1.50
2011.11.23 06:16:13.279,0.74474,0.7449,1.50,1.50
2011.11.23 06:16:13.890,0.74474,0.74492,1.50,1.50
2011.11.23 06:16:14.500,0.74476,0.74494,1.50,2.63
2011.11.23 06:16:15.506,0.74476,0.74493,1.50,1.13
2011.11.23 06:16:15.626,0.74474,0.74492,1.50,2.25
2011.11.23 06:16:15.856,0.74477,0.74493,1.50,1.88
2011.11.23 06:16:16.511,0.74474,0.74492,1.50,1.50
2011.11.23 06:16:16.899,0.74473,0.74489,2.25,1.50
2011.11.23 06:16:17.515,0.74475,0.74491,1.50,1.50
2011.11.23 06:16:18.518,0.74472,0.7449,2.25,1.50
2011.11.23 06:16:18.777,0.74472,0.7449,2.25,1.50
2011.11.23 06:16:18.898,0.74476,0.74492,1.50,1.50
2011.11.23 06:16:20.749,0.74473,0.74489,2.25,1.50
2011.11.23 06:16:20.976,0.74475,0.74493,1.50,1.88
2011.11.23 06:16:21.694,0.74478,0.74494,1.50,1.88
2011.11.23 06:16:23.774,0.74477,0.74495,1.50,1.88
2011.11.23 06:16:26.567,0.74476,0.74494,1.50,1.88
2011.11.23 06:16:26.919,0.74475,0.74491,2.25,1.50
2011.11.23 06:16:29.249,0.74476,0.74494,1.50,1.88
2011.11.23 06:16:30.623,0.74475,0.74491,2.25,1.50
2011.11.23 06:16:31.258,0.74474,0.7449,2.25,1.50
2011.11.23 06:16:31.816,0.74474,0.7449,2.25,1.50
2011.11.23 06:16:35.469,0.74471,0.74487,2.25,1.50
2011.11.23 06:16:35.588,0.74473,0.74489,2.25,1.50
2011.11.23 06:16:36.166,0.7447,0.74486,2.25,1.50
2011.11.23 06:16:36.288,0.7447,0.74486,2.25,1.50
2011.11.23 06:16:36.829,0.7447,0.74486,2.25,1.50
2011.11.23 06:16:37.740,0.74472,0.74488,2.25,1.50
2011.11.23 06:16:39.055,0.7447,0.74486,2.25,1.50
2011.11.23 06:16:39.418,0.74471,0.74489,2.25,1.50
2011.11.23 06:16:44.496,0.74469,0.74487,2.25,1.50
2011.11.23 06:16:45.090,0.74472,0.74488,2.25,1.50
2011.11.23 06:16:45.331,0.74472,0.7449,2.25,1.50
2011.11.23 06:16:47.622,0.7447,0.74488,2.25,1.50
2011.11.23 06:16:48.178,0.74473,0.74489,2.25,1.50
2011.11.23 06:16:49.708,0.74473,0.74489,2.25,1.50
2011.11.23 06:16:49.830,0.74476,0.74492,2.25,1.50
2011.11.23 06:16:49.952,0.74478,0.74494,1.88,1.50
2011.11.23 06:16:50.079,0.7448,0.74496,2.63,1.50
2011.11.23 06:16:50.319,0.74484,0.74502,1.50,2.25
2011.11.23 06:16:51.733,0.74484,0.745,1.50,1.50
2011.11.23 06:16:51.857,0.74484,0.74502,1.50,2.25
2011.11.23 06:16:52.596,0.74483,0.745,1.13,1.50
2011.11.23 06:16:55.978,0.74485,0.745,1.50,1.50
2011.11.23 06:16:56.400,0.74485,0.745,1.88,1.50
2011.11.23 06:16:56.524,0.74489,0.74507,1.50,3.00
2011.11.23 06:16:56.758,0.74489,0.74505,1.50,3.00
2011.11.23 06:16:56.882,0.74486,0.74504,1.50,2.25
2011.11.23 06:16:57.002,0.74484,0.74502,2.25,1.50
2011.11.23 06:16:57.117,0.74483,0.74499,1.32,1.50
2011.11.23 06:16:57.347,0.74481,0.74499,2.44,1.50
2011.11.23 06:16:58.079,0.74483,0.74499,1.50,1.50
2011.11.23 06:16:59.318,0.74484,0.74502,1.50,2.25
2011.11.23 06:17:02.476,0.74481,0.74499,2.44,1.50
2011.11.23 06:17:03.136,0.74481,0.74499,2.44,1.50
2011.11.23 06:17:04.499,0.74483,0.74499,1.50,1.50
2011.11.23 06:17:05.200,0.74483,0.74501,1.50,2.25
2011.11.23 06:17:07.636,0.74485,0.74501,1.50,2.25
2011.11.23 06:17:09.879,0.74483,0.74501,1.50,2.25
2011.11.23 06:17:10.459,0.74484,0.74502,1.50,2.25
2011.11.23 06:17:11.009,0.74483,0.74501,1.50,2.25
2011.11.23 06:17:12.803,0.74483,0.74501,1.50,2.25
2011.11.23 06:17:12.930,0.74482,0.74498,1.50,1.50
2011.11.23 06:17:13.486,0.74481,0.74499,2.44,1.50
2011.11.23 06:17:14.476,0.74483,0.74499,1.50,1.50
2011.11.23 06:17:15.030,0.74482,0.745,1.69,2.25
2011.11.23 06:17:16.126,0.74484,0.74502,1.50,1.50
2011.11.23 06:17:16.476,0.74484,0.745,1.50,1.50
2011.11.23 06:17:17.197,0.74485,0.74503,1.50,2.25
2011.11.23 06:17:17.426,0.74483,0.74501,1.50,1.50
2011.11.23 06:17:18.656,0.74485,0.74501,1.50,1.50
2011.11.23 06:17:20.567,0.74484,0.745,1.50,1.50
2011.11.23 06:17:21.166,0.74479,0.74497,2.82,2.25
2011.11.23 06:17:21.803,0.74481,0.74499,2.44,2.25
2011.11.23 06:17:22.326,0.74481,0.74499,2.44,1.50
2011.11.23 06:17:22.470,0.74483,0.74499,1.50,1.50
2011.11.23 06:17:23.539,0.74483,0.74499,1.50,2.25
2011.11.23 06:17:23.662,0.7448,0.74498,2.44,1.50
2011.11.23 06:17:23.779,0.74483,0.74499,1.50,1.50
2011.11.23 06:17:24.370,0.7448,0.74495,1.32,1.50
2011.11.23 06:17:24.488,0.74482,0.745,2.44,2.25
2011.11.23 06:17:25.909,0.7448,0.74494,1.32,1.50
2011.11.23 06:17:26.029,0.74483,0.74499,2.25,2.25
2011.11.23 06:17:26.587,0.74483,0.74499,2.44,1.50
2011.11.23 06:17:28.261,0.74481,0.74497,2.82,1.50
2011.11.23 06:17:29.428,0.74483,0.74499,2.44,1.50
2011.11.23 06:17:30.748,0.74481,0.74496,1.32,1.50
2011.11.23 06:17:30.867,0.74482,0.74498,2.44,1.50
2011.11.23 06:17:31.496,0.74483,0.74499,2.44,1.50
2011.11.23 06:17:32.078,0.74481,0.74496,1.32,1.50
2011.11.23 06:17:33.547,0.74482,0.74498,2.44,1.50
2011.11.23 06:17:34.148,0.74481,0.74496,1.32,1.50
2011.11.23 06:17:34.699,0.74481,0.74497,1.32,1.50
2011.11.23 06:17:35.257,0.74481,0.74496,1.32,1.50
2011.11.23 06:17:35.774,0.74481,0.74496,1.32,1.50
2011.11.23 06:17:36.656,0.74481,0.74499,2.82,1.50
2011.11.23 06:17:37.659,0.74481,0.74496,1.32,1.50
2011.11.23 06:17:41.456,0.74483,0.74501,2.44,1.50
2011.11.23 06:17:53.640,0.74482,0.74498,2.44,1.50
2011.11.23 06:17:53.756,0.74484,0.745,2.25,1.50
2011.11.23 06:17:54.476,0.74484,0.74502,2.25,2.25
2011.11.23 06:17:59.354,0.74484,0.745,2.25,1.50
2011.11.23 06:18:03.483,0.74486,0.74502,1.50,2.25
2011.11.23 06:18:04.414,0.74481,0.74499,2.82,1.50
2011.11.23 06:18:05.857,0.74483,0.74501,2.44,1.50
2011.11.23 06:18:06.406,0.74484,0.74502,2.25,2.25
2011.11.23 06:18:07.835,0.74484,0.745,2.25,1.50
2011.11.23 06:18:09.824,0.74481,0.74497,2.82,1.50
2011.11.23 06:18:11.059,0.74481,0.74495,1.32,1.50
2011.11.23 06:18:11.565,0.74481,0.74496,1.32,1.50
2011.11.23 06:18:11.684,0.74481,0.74499,2.82,1.50
2011.11.23 06:18:16.197,0.74482,0.745,2.44,1.50
2011.11.23 06:18:16.315,0.74484,0.74502,2.25,2.25
2011.11.23 06:18:17.682,0.74484,0.74502,2.25,2.25
2011.11.23 06:18:17.805,0.74481,0.74499,2.44,2.25
2011.11.23 06:18:18.375,0.74482,0.74498,1.50,2.25
2011.11.23 06:18:20.364,0.74483,0.74499,1.50,2.25
2011.11.23 06:18:22.604,0.74481,0.74499,2.25,2.25
2011.11.23 06:18:23.193,0.74482,0.745,1.50,2.25
2011.11.23 06:18:29.204,0.74484,0.745,1.50,2.25
2011.11.23 06:18:30.735,0.74485,0.74501,1.50,2.25
2011.11.23 06:18:30.964,0.74483,0.74499,1.50,2.25
2011.11.23 06:18:32.175,0.74478,0.74496,2.25,1.50
2011.11.23 06:18:32.728,0.74479,0.74497,2.25,2.25
2011.11.23 06:18:33.005,0.74484,0.74502,1.50,3.00
2011.11.23 06:18:36.857,0.74483,0.74501,1.50,2.25
2011.11.23 06:18:39.580,0.74485,0.74501,1.50,2.25
2011.11.23 06:18:40.069,0.74483,0.74501,1.50,2.25
2011.11.23 06:18:40.717,0.74484,0.74502,1.50,3.00
2011.11.23 06:18:41.273,0.74483,0.74501,1.50,2.25
2011.11.23 06:18:44.514,0.74484,0.74502,1.50,3.00
2011.11.23 06:18:48.468,0.74483,0.74499,1.50,2.25
2011.11.23 06:18:49.325,0.74484,0.74502,1.50,3.00
2011.11.23 06:18:49.665,0.74479,0.74497,2.25,2.25
2011.11.23 06:18:50.698,0.7448,0.74496,2.25,1.50
2011.11.23 06:18:51.765,0.74482,0.74498,1.50,2.25
2011.11.23 06:18:51.885,0.74484,0.745,1.50,2.25
2011.11.23 06:18:52.486,0.74483,0.74501,1.50,2.25
2011.11.23 06:18:54.021,0.7448,0.74498,2.25,2.25
2011.11.23 06:18:55.085,0.74482,0.745,1.50,2.25
2011.11.23 06:18:56.816,0.74482,0.74491,1.50,1.13
2011.11.23 06:18:56.946,0.74471,0.74489,2.25,1.50
2011.11.23 06:18:57.073,0.74471,0.74489,2.25,1.50
2011.11.23 06:18:57.642,0.74468,0.74486,2.25,1.50
2011.11.23 06:18:57.763,0.74468,0.74486,2.25,1.50
2011.11.23 06:18:58.348,0.74469,0.74487,2.25,1.50
2011.11.23 06:18:59.500,0.74469,0.74487,2.25,1.50
2011.11.23 06:19:02.128,0.74472,0.74488,1.50,1.50
2011.11.23 06:19:02.478,0.7447,0.74486,2.25,1.50
2011.11.23 06:19:04.108,0.74472,0.74488,1.50,1.50
2011.11.23 06:19:05.558,0.74469,0.74487,2.25,1.50
2011.11.23 06:19:05.788,0.74469,0.74485,2.25,1.50
2011.11.23 06:19:06.224,0.74467,0.74483,2.25,1.50
2011.11.23 06:19:06.477,0.74459,0.7448,2.25,1.50
2011.11.23 06:19:06.603,0.74462,0.74478,2.25,1.50
2011.11.23 06:19:06.843,0.74465,0.74481,2.25,1.50
2011.11.23 06:19:12.404,0.74467,0.74483,1.50,1.50
2011.11.23 06:19:12.766,0.74465,0.74481,2.25,1.50
2011.11.23 06:19:14.248,0.74465,0.74481,1.50,1.50
2011.11.23 06:19:14.870,0.74464,0.7448,2.25,1.50
2011.11.23 06:19:15.209,0.74464,0.74482,2.25,1.50
2011.11.23 06:19:15.575,0.74464,0.7448,2.25,1.50
2011.11.23 06:19:15.818,0.74464,0.74482,2.25,1.50
2011.11.23 06:19:16.063,0.74467,0.74483,1.50,1.50
2011.11.23 06:19:16.745,0.74468,0.74484,1.50,1.50
2011.11.23 06:19:18.240,0.74469,0.74485,1.50,1.50
2011.11.23 06:19:18.873,0.74468,0.74486,1.50,2.25
2011.11.23 06:19:19.444,0.74469,0.74487,1.50,2.25
2011.11.23 06:19:20.062,0.74469,0.74485,1.50,1.50
2011.11.23 06:19:21.457,0.7447,0.74486,1.50,2.25
2011.11.23 06:19:22.014,0.74469,0.74485,1.50,1.50
2011.11.23 06:19:22.920,0.7447,0.74486,1.88,1.50
2011.11.23 06:19:25.638,0.74472,0.74488,1.88,1.50
2011.11.23 06:19:30.966,0.74468,0.74486,1.88,1.50
2011.11.23 06:19:32.340,0.74466,0.74484,1.50,1.50
2011.11.23 06:19:33.481,0.74467,0.74483,1.50,1.50
2011.11.23 06:19:34.747,0.74468,0.74484,1.50,1.50
2011.11.23 06:19:35.597,0.74465,0.74481,2.25,1.50
2011.11.23 06:19:38.548,0.74469,0.74486,1.50,1.50
2011.11.23 06:19:39.189,0.74468,0.74486,1.50,3.00
2011.11.23 06:19:39.477,0.74467,0.74483,1.50,2.25
2011.11.23 06:19:39.599,0.74464,0.7448,2.25,1.50
2011.11.23 06:19:41.247,0.74465,0.74481,2.25,1.50
2011.11.23 06:19:42.271,0.74465,0.74483,2.25,1.50
2011.11.23 06:19:42.689,0.74464,0.7448,2.25,1.50
2011.11.23 06:19:42.936,0.74458,0.74475,1.13,1.50
2011.11.23 06:19:43.182,0.74456,0.74473,1.50,1.50
2011.11.23 06:19:44.526,0.74456,0.7447,1.50,1.50
2011.11.23 06:19:45.360,0.74454,0.7447,1.88,1.50
2011.11.23 06:19:45.603,0.74456,0.74474,2.25,1.50
2011.11.23 06:19:45.940,0.74459,0.74477,3.00,1.50
2011.11.23 06:19:46.060,0.74465,0.74481,1.50,1.50
2011.11.23 06:19:46.849,0.74463,0.74481,2.25,1.50
2011.11.23 06:19:47.462,0.74465,0.74481,1.50,1.50
2011.11.23 06:19:51.083,0.74467,0.74483,1.50,2.25
2011.11.23 06:19:51.419,0.74464,0.74482,2.25,1.50
2011.11.23 06:19:57.989,0.74464,0.7448,2.25,1.50
2011.11.23 06:19:58.569,0.74462,0.74478,1.50,1.50
2011.11.23 06:19:58.691,0.74462,0.7448,1.50,1.50
2011.11.23 06:19:58.815,0.74462,0.74478,1.50,2.25
2011.11.23 06:19:58.945,0.74458,0.74476,1.50,1.50
2011.11.23 06:19:59.311,0.74461,0.74477,2.25,1.50
2011.11.23 06:19:59.851,0.7446,0.74475,1.50,1.50
2011.11.23 06:19:59.974,0.74464,0.7448,1.50,1.50
2011.11.23 06:20:00.104,0.74464,0.74482,1.50,1.50
2011.11.23 06:20:00.352,0.74463,0.74481,1.50,2.25
2011.11.23 06:20:00.700,0.74462,0.74478,1.50,1.50
2011.11.23 06:20:01.392,0.74463,0.74479,1.50,1.50
2011.11.23 06:20:02.599,0.74461,0.74479,2.44,1.50
2011.11.23 06:20:02.838,0.74464,0.74482,2.25,1.50
2011.11.23 06:20:03.361,0.74464,0.74482,3.75,1.50
2011.11.23 06:20:03.720,0.74461,0.74478,2.44,1.50
2011.11.23 06:20:03.952,0.74461,0.74476,1.50,1.50
2011.11.23 06:20:04.288,0.74461,0.74479,2.25,1.50
2011.11.23 06:20:04.409,0.74461,0.74476,1.69,1.50
2011.11.23 06:20:05.020,0.74461,0.74476,1.50,1.50
2011.11.23 06:20:05.481,0.74461,0.74478,1.50,1.50
2011.11.23 06:20:06.100,0.74463,0.74479,1.50,1.50
2011.11.23 06:20:06.226,0.7446,0.74479,1.50,3.15
2011.11.23 06:20:06.352,0.74449,0.74466,1.50,2.25
2011.11.23 06:20:06.473,0.74443,0.7446,1.91,1.50
2011.11.23 06:20:06.591,0.74443,0.74458,1.50,1.50
2011.11.23 06:20:06.715,0.74441,0.74458,1.13,1.50
2011.11.23 06:20:06.846,0.74435,0.7445,1.50,1.50
2011.11.23 06:20:07.093,0.74435,0.74451,1.50,1.50
2011.11.23 06:20:07.577,0.74435,0.74446,1.50,1.50
2011.11.23 06:20:07.703,0.7443,0.74445,1.50,1.50
2011.11.23 06:20:07.824,0.7443,0.74447,1.69,1.50
2011.11.23 06:20:08.364,0.74435,0.74448,1.13,1.50
2011.11.23 06:20:08.600,0.74435,0.7445,1.13,1.50
2011.11.23 06:20:11.511,0.74437,0.74455,1.50,2.25
2011.11.23 06:20:11.753,0.7444,0.74458,1.50,1.50
2011.11.23 06:20:12.447,0.74439,0.74457,1.88,1.50
2011.11.23 06:20:12.803,0.74436,0.74452,1.88,1.50
2011.11.23 06:20:12.922,0.74436,0.74452,2.63,1.50
2011.11.23 06:20:14.574,0.74434,0.74452,1.50,2.25
2011.11.23 06:20:14.942,0.74426,0.74441,1.50,1.50
2011.11.23 06:20:15.676,0.74426,0.74442,1.50,1.50
2011.11.23 06:20:15.810,0.74424,0.74436,1.50,1.50
2011.11.23 06:20:16.172,0.74428,0.74445,1.13,1.50
2011.11.23 06:20:16.761,0.74429,0.74444,1.13,1.50
2011.11.23 06:20:16.882,0.74429,0.74446,1.13,1.50
2011.11.23 06:20:17.528,0.74429,0.74445,1.13,1.50
2011.11.23 06:20:18.962,0.74429,0.74446,1.13,1.50
2011.11.23 06:20:20.399,0.74429,0.74444,1.13,1.50
2011.11.23 06:20:21.182,0.74429,0.74444,1.13,1.50
2011.11.23 06:20:23.357,0.74429,0.74444,1.13,1.50
2011.11.23 06:20:23.892,0.74428,0.74444,2.63,1.50
2011.11.23 06:20:24.444,0.74429,0.74445,1.88,1.50
2011.11.23 06:20:24.978,0.7443,0.74448,1.50,1.50
2011.11.23 06:20:25.321,0.7443,0.74446,2.25,1.50
2011.11.23 06:20:25.441,0.7443,0.74448,2.25,1.50
2011.11.23 06:20:26.680,0.74434,0.74452,1.88,2.25
2011.11.23 06:20:26.802,0.74434,0.74452,1.88,2.25
2011.11.23 06:20:26.918,0.74438,0.74456,1.50,2.25
2011.11.23 06:20:27.700,0.74438,0.74456,1.50,2.25
2011.11.23 06:20:28.271,0.74438,0.74454,1.50,2.25
2011.11.23 06:20:29.629,0.7444,0.74458,1.50,2.25
2011.11.23 06:20:29.968,0.74439,0.74455,1.50,2.25
2011.11.23 06:20:30.310,0.74435,0.74453,1.88,2.25
2011.11.23 06:20:31.472,0.74436,0.74453,1.13,1.50
2011.11.23 06:20:31.709,0.74442,0.7446,1.50,2.25
2011.11.23 06:20:32.337,0.74441,0.74459,1.88,2.25
2011.11.23 06:20:32.861,0.7444,0.74456,1.50,1.50
2011.11.23 06:20:33.232,0.74434,0.74452,1.88,1.50
2011.11.23 06:20:34.714,0.74435,0.74451,1.88,1.50
2011.11.23 06:20:35.227,0.74436,0.74452,1.88,1.50
2011.11.23 06:20:36.750,0.74435,0.74451,1.88,1.50
2011.11.23 06:20:36.870,0.74433,0.74449,2.25,1.50
2011.11.23 06:20:37.114,0.74432,0.74445,1.13,1.50
2011.11.23 06:20:37.245,0.74432,0.74448,1.13,1.50
2011.11.23 06:20:37.840,0.74433,0.74449,2.63,1.50
2011.11.23 06:20:38.749,0.74432,0.7445,3.38,1.50
2011.11.23 06:20:38.882,0.74436,0.74452,1.50,1.50
2011.11.23 06:20:39.481,0.74433,0.7445,1.13,1.50
2011.11.23 06:20:40.070,0.74432,0.7445,2.25,1.50
2011.11.23 06:20:40.967,0.74434,0.7445,1.50,1.50
2011.11.23 06:20:41.308,0.74437,0.74453,1.50,1.50
2011.11.23 06:20:43.491,0.74433,0.74449,1.50,1.50
2011.11.23 06:20:44.149,0.74434,0.74449,1.50,1.50
2011.11.23 06:20:44.270,0.74435,0.74452,1.50,1.50
2011.11.23 06:20:44.391,0.74436,0.74454,3.00,1.50
2011.11.23 06:20:45.260,0.74434,0.74449,1.88,1.50
2011.11.23 06:20:45.488,0.74433,0.74449,2.63,1.50
2011.11.23 06:20:46.060,0.74433,0.7445,1.13,1.50
2011.11.23 06:20:47.891,0.74431,0.7444,1.13,1.50
2011.11.23 06:20:48.120,0.74427,0.74442,1.50,1.50
2011.11.23 06:20:48.461,0.74426,0.74442,2.63,2.10
2011.11.23 06:20:48.580,0.74422,0.74435,2.25,1.50
2011.11.23 06:20:48.699,0.74422,0.74435,1.50,1.50
2011.11.23 06:20:48.939,0.74421,0.74439,2.63,1.50
2011.11.23 06:20:49.060,0.74424,0.7444,1.50,1.50
2011.11.23 06:20:50.339,0.74422,0.7444,2.25,1.50
2011.11.23 06:20:51.244,0.74424,0.7444,1.50,1.50
2011.11.23 06:20:51.748,0.74426,0.74442,1.50,1.50
2011.11.23 06:20:52.100,0.74431,0.74449,1.50,1.50
2011.11.23 06:20:52.220,0.74434,0.7445,1.50,2.25
2011.11.23 06:20:52.574,0.74432,0.7445,1.50,2.25
2011.11.23 06:20:52.822,0.74432,0.7445,1.50,2.25
2011.11.23 06:20:53.296,0.74426,0.74442,2.25,1.05
2011.11.23 06:20:53.541,0.74422,0.7444,2.63,1.50
2011.11.23 06:20:54.095,0.74424,0.7444,1.50,1.50
2011.11.23 06:20:55.975,0.74428,0.74445,1.50,2.15
2011.11.23 06:20:56.104,0.74428,0.74446,1.50,2.55
2011.11.23 06:20:56.232,0.74433,0.74448,1.50,1.05
2011.11.23 06:20:56.360,0.74435,0.74449,1.50,1.77
2011.11.23 06:20:56.482,0.74435,0.74448,1.50,1.05
2011.11.23 06:20:56.602,0.74431,0.74446,2.25,1.05
2011.11.23 06:20:56.726,0.74429,0.74445,1.50,2.40
2011.11.23 06:20:56.852,0.74428,0.74444,2.25,2.25
2011.11.23 06:20:57.618,0.74426,0.74442,2.63,1.50
2011.11.23 06:20:58.199,0.74428,0.74444,2.25,2.25
2011.11.23 06:21:05.110,0.74426,0.74442,2.63,1.50
2011.11.23 06:21:05.233,0.74425,0.74441,1.88,1.50
2011.11.23 06:21:06.042,0.74425,0.74441,1.88,2.25
2011.11.23 06:21:06.378,0.74415,0.74424,1.50,2.25
2011.11.23 06:21:06.729,0.74413,0.74425,0.75,2.25
2011.11.23 06:21:07.070,0.7439,0.74425,2.25,2.40
2011.11.23 06:21:07.751,0.74398,0.74422,2.25,1.65
2011.11.23 06:21:07.870,0.74404,0.74427,1.50,2.25
2011.11.23 06:21:08.412,0.74403,0.74426,1.50,2.25
2011.11.23 06:21:08.528,0.74401,0.74424,2.25,1.50
2011.11.23 06:21:10.620,0.744,0.74423,2.25,1.50
2011.11.23 06:21:10.741,0.744,0.74425,2.25,1.50
2011.11.23 06:21:11.309,0.74399,0.74424,2.25,1.50
2011.11.23 06:21:13.351,0.74398,0.7442,1.50,1.50
2011.11.23 06:21:13.689,0.74398,0.74423,3.00,1.50
2011.11.23 06:21:13.808,0.74398,0.74421,3.00,1.50
2011.11.23 06:21:14.040,0.74399,0.74424,2.25,1.50
2011.11.23 06:21:15.683,0.74398,0.74422,1.50,1.50
2011.11.23 06:21:16.022,0.74399,0.74421,2.25,1.50
2011.11.23 06:21:16.490,0.74398,0.74418,2.25,1.50
2011.11.23 06:21:16.818,0.744,0.7442,2.25,1.50
2011.11.23 06:21:17.626,0.74399,0.74421,2.25,1.50
2011.11.23 06:21:18.341,0.74397,0.74419,2.25,1.50
2011.11.23 06:21:20.197,0.74399,0.74421,2.25,1.50
2011.11.23 06:21:20.760,0.74399,0.74419,2.25,1.50
2011.11.23 06:21:22.164,0.74396,0.74418,2.25,1.50
2011.11.23 06:21:22.771,0.74396,0.74416,2.25,1.50
2011.11.23 06:21:22.889,0.74399,0.74421,2.25,1.50
2011.11.23 06:21:23.290,0.74401,0.74423,2.25,1.50
2011.11.23 06:21:23.520,0.74401,0.74423,2.25,1.50
2011.11.23 06:21:23.870,0.74404,0.74426,2.25,2.25
2011.11.23 06:21:24.536,0.74403,0.74425,2.25,1.50
2011.11.23 06:21:25.056,0.74404,0.74424,2.25,1.50
2011.11.23 06:21:25.596,0.74397,0.74418,1.50,1.50
2011.11.23 06:21:26.193,0.74393,0.74418,1.50,1.50
2011.11.23 06:21:26.312,0.74393,0.74418,1.50,1.50
2011.11.23 06:21:27.229,0.74393,0.74419,1.50,3.00
2011.11.23 06:21:27.475,0.74393,0.74417,1.50,1.50
2011.11.23 06:21:27.915,0.74393,0.74419,1.50,3.00
2011.11.23 06:21:28.166,0.74393,0.74419,1.50,1.50
2011.11.23 06:21:28.530,0.74393,0.74415,1.50,1.50
2011.11.23 06:21:29.105,0.74393,0.74417,1.50,1.50
2011.11.23 06:21:32.160,0.74393,0.74419,1.50,3.00
2011.11.23 06:21:32.699,0.74393,0.74418,1.50,1.50
2011.11.23 06:21:33.276,0.74393,0.74419,1.50,3.00
2011.11.23 06:21:35.563,0.74392,0.74419,1.13,3.00
2011.11.23 06:21:35.685,0.74392,0.74412,1.13,1.50
2011.11.23 06:21:35.810,0.74392,0.74412,1.13,1.50
2011.11.23 06:21:35.931,0.7439,0.74407,2.25,1.50
2011.11.23 06:21:36.292,0.74389,0.74407,1.50,1.50
2011.11.23 06:21:37.221,0.74389,0.74407,1.50,2.25
2011.11.23 06:21:37.455,0.74389,0.74407,1.50,1.50
2011.11.23 06:21:38.406,0.74389,0.74407,1.50,2.25
2011.11.23 06:21:39.062,0.74387,0.74405,2.25,2.25
2011.11.23 06:21:40.552,0.74385,0.74403,1.50,1.50
2011.11.23 06:21:41.251,0.74386,0.74404,1.50,1.50
2011.11.23 06:21:41.373,0.74386,0.74402,1.50,1.50
2011.11.23 06:21:41.938,0.74386,0.74404,1.50,1.50
2011.11.23 06:21:42.061,0.74384,0.74402,1.50,1.50
2011.11.23 06:21:42.662,0.74385,0.74401,1.50,1.50
2011.11.23 06:21:43.221,0.74387,0.74403,1.50,1.50
2011.11.23 06:21:44.461,0.74386,0.74402,1.50,1.50
2011.11.23 06:21:44.799,0.74389,0.74405,2.25,1.50
2011.11.23 06:21:44.924,0.74391,0.74409,1.50,2.25
2011.11.23 06:21:45.171,0.74388,0.74404,1.50,1.50
2011.11.23 06:21:45.289,0.74389,0.74407,1.50,1.50
2011.11.23 06:21:45.561,0.74389,0.74405,1.50,1.50
2011.11.23 06:21:46.471,0.7439,0.74406,1.50,1.50
2011.11.23 06:21:46.593,0.74391,0.74409,1.50,2.25
2011.11.23 06:21:47.073,0.74389,0.74405,2.25,1.50
2011.11.23 06:21:47.705,0.7439,0.74406,1.50,1.50
2011.11.23 06:21:47.829,0.7439,0.74408,1.50,2.25
2011.11.23 06:21:47.952,0.74392,0.74408,1.50,2.25
2011.11.23 06:21:48.103,0.7439,0.74408,1.50,2.25
2011.11.23 06:21:48.899,0.7439,0.74406,2.25,1.50
2011.11.23 06:21:49.255,0.74391,0.74409,2.25,1.50
2011.11.23 06:21:49.502,0.74391,0.74409,2.25,2.25
2011.11.23 06:21:50.010,0.74388,0.74406,2.40,1.50
2011.11.23 06:21:50.456,0.74386,0.74404,3.19,1.50
2011.11.23 06:21:51.007,0.74389,0.74405,2.25,1.50
2011.11.23 06:21:52.218,0.74389,0.74407,2.25,2.25
2011.11.23 06:21:52.925,0.74389,0.74407,2.25,2.25
2011.11.23 06:21:55.707,0.74391,0.74409,2.25,1.50
2011.11.23 06:21:56.708,0.74391,0.74409,2.25,2.25
2011.11.23 06:21:58.420,0.74391,0.74407,2.25,1.50
2011.11.23 06:21:59.401,0.74387,0.74405,3.04,1.50
2011.11.23 06:21:59.789,0.74392,0.74408,2.25,2.25
2011.11.23 06:22:01.014,0.74393,0.74408,1.50,1.50
2011.11.23 06:22:01.383,0.74404,0.7442,2.85,2.25
2011.11.23 06:22:01.502,0.74403,0.7442,1.35,2.25
2011.11.23 06:22:02.089,0.74403,0.74416,1.35,1.50
2011.11.23 06:22:03.579,0.74403,0.74419,1.35,2.25
2011.11.23 06:22:07.228,0.74404,0.7442,2.10,1.50
2011.11.23 06:22:07.789,0.74406,0.74422,1.50,1.50
2011.11.23 06:22:09.012,0.74403,0.74419,2.85,1.50
2011.11.23 06:22:09.127,0.74403,0.74421,2.85,1.50
2011.11.23 06:22:09.521,0.74402,0.7442,2.25,2.25
2011.11.23 06:22:10.260,0.744,0.74418,2.25,1.50
2011.11.23 06:22:10.985,0.74401,0.74419,2.25,1.50
2011.11.23 06:22:12.551,0.74405,0.74423,1.50,2.63
2011.11.23 06:22:13.152,0.74405,0.74423,1.50,2.25
2011.11.23 06:22:13.477,0.74402,0.7442,2.25,1.50
2011.11.23 06:22:13.598,0.74405,0.74423,1.50,2.25
2011.11.23 06:22:15.081,0.74404,0.7442,1.50,1.50
2011.11.23 06:22:15.199,0.74405,0.74423,1.50,2.25
2011.11.23 06:22:17.914,0.74409,0.74425,1.50,2.25
2011.11.23 06:22:18.849,0.74406,0.74422,2.25,1.50
2011.11.23 06:22:19.374,0.74405,0.74423,2.25,1.50
2011.11.23 06:22:20.394,0.74407,0.74423,1.50,1.50
2011.11.23 06:22:20.999,0.74406,0.74424,2.25,1.50
2011.11.23 06:22:21.652,0.74407,0.74425,1.50,1.50
2011.11.23 06:22:23.659,0.74408,0.74426,1.50,1.50
2011.11.23 06:22:23.779,0.74408,0.74424,1.50,1.50
2011.11.23 06:22:25.888,0.7441,0.74428,1.50,1.88
2011.11.23 06:22:26.169,0.74413,0.74429,1.50,1.88
2011.11.23 06:22:26.868,0.74411,0.74427,1.50,1.88
2011.11.23 06:22:29.188,0.74413,0.74429,1.50,1.88
2011.11.23 06:22:29.771,0.74412,0.7443,1.50,1.88
2011.11.23 06:22:30.447,0.74407,0.74423,1.50,1.50
2011.11.23 06:22:31.188,0.74405,0.74423,2.25,1.50
2011.11.23 06:22:31.854,0.74406,0.74422,2.25,1.50
2011.11.23 06:22:32.098,0.74406,0.74424,2.25,1.50
2011.11.23 06:22:35.170,0.74408,0.74426,1.50,1.50
2011.11.23 06:22:35.519,0.74405,0.74423,2.25,1.50
2011.11.23 06:22:35.870,0.74409,0.74425,1.50,1.50
2011.11.23 06:22:36.448,0.74408,0.74424,1.50,1.50
2011.11.23 06:22:40.435,0.74405,0.74423,2.25,1.50
2011.11.23 06:22:41.018,0.74406,0.74424,1.50,1.50
2011.11.23 06:22:41.679,0.74405,0.74423,2.25,2.25
2011.11.23 06:22:41.806,0.74405,0.74423,1.50,2.63
2011.11.23 06:22:41.932,0.74402,0.7442,2.25,1.88
2011.11.23 06:22:42.417,0.744,0.74418,1.50,1.88
2011.11.23 06:22:42.662,0.74392,0.7441,2.25,1.50
2011.11.23 06:22:43.181,0.74392,0.7441,2.25,1.50
2011.11.23 06:22:43.690,0.74392,0.74408,2.25,1.50
2011.11.23 06:22:44.534,0.74393,0.74411,1.50,1.50
2011.11.23 06:22:44.901,0.74391,0.74407,1.50,1.50
2011.11.23 06:22:45.478,0.74391,0.74409,1.50,1.50
2011.11.23 06:22:45.599,0.74391,0.74407,1.50,1.50
2011.11.23 06:22:48.322,0.74387,0.74405,2.25,1.50
2011.11.23 06:22:48.770,0.74391,0.74407,1.50,1.50
2011.11.23 06:22:50.578,0.74391,0.74407,2.25,1.50
2011.11.23 06:22:50.701,0.74393,0.74415,1.50,1.13
2011.11.23 06:22:52.172,0.74394,0.74415,1.50,1.13
2011.11.23 06:22:52.523,0.74392,0.74415,2.25,2.63
2011.11.23 06:22:53.410,0.74391,0.74414,2.25,1.50
2011.11.23 06:22:53.951,0.74392,0.74415,2.25,2.63
2011.11.23 06:22:54.263,0.74398,0.74414,1.50,1.50
2011.11.23 06:22:54.501,0.74401,0.74419,1.50,2.63
2011.11.23 06:22:54.861,0.74403,0.7442,1.50,1.50
2011.11.23 06:22:54.983,0.74405,0.74423,1.50,1.88
2011.11.23 06:22:55.610,0.74406,0.74424,1.50,2.63
2011.11.23 06:22:55.730,0.74409,0.74424,1.50,1.13
2011.11.23 06:22:56.647,0.7441,0.74427,1.50,1.13
2011.11.23 06:22:57.018,0.7441,0.74428,1.50,1.50
2011.11.23 06:22:57.144,0.74415,0.74433,1.50,2.25
2011.11.23 06:22:57.271,0.74415,0.74432,1.50,1.50
2011.11.23 06:22:57.499,0.74415,0.74432,1.50,1.50
2011.11.23 06:22:57.742,0.74406,0.74424,2.25,1.50
2011.11.23 06:22:58.532,0.74408,0.74425,1.50,1.50
2011.11.23 06:22:58.649,0.74404,0.74422,1.50,1.50
2011.11.23 06:22:59.937,0.74403,0.74419,1.50,1.50
2011.11.23 06:23:00.443,0.74403,0.74421,1.50,2.25
2011.11.23 06:23:00.567,0.74401,0.74419,2.25,1.88
2011.11.23 06:23:00.814,0.74394,0.74413,2.25,1.50
2011.11.23 06:23:02.210,0.74397,0.74414,1.50,1.50
2011.11.23 06:23:02.331,0.74394,0.74417,2.25,2.63
2011.11.23 06:23:03.669,0.74396,0.74417,1.50,1.13
2011.11.23 06:23:06.491,0.74399,0.74417,1.50,1.88
2011.11.23 06:23:07.048,0.74398,0.74416,1.50,1.88
2011.11.23 06:23:09.419,0.74396,0.74414,2.25,1.50
2011.11.23 06:23:10.024,0.74399,0.74417,2.25,1.88
2011.11.23 06:23:10.153,0.74404,0.7442,1.50,2.25
2011.11.23 06:23:10.274,0.74405,0.74423,1.50,2.63
2011.11.23 06:23:10.500,0.74402,0.7442,1.50,1.50
2011.11.23 06:23:11.752,0.74402,0.7442,3.00,1.50
2011.11.23 06:23:11.874,0.74406,0.74422,1.50,1.50
2011.11.23 06:23:12.393,0.7441,0.74428,2.25,1.50
2011.11.23 06:23:12.968,0.74411,0.74427,2.25,1.50
2011.11.23 06:23:13.547,0.74412,0.74428,1.50,1.50
2011.11.23 06:23:16.174,0.7441,0.74428,2.25,1.50
2011.11.23 06:23:16.717,0.74411,0.74429,2.25,1.50
2011.11.23 06:23:17.797,0.74411,0.74427,2.25,1.50
2011.11.23 06:23:18.361,0.74412,0.74428,1.50,1.50
2011.11.23 06:23:18.724,0.74412,0.74423,1.50,1.13
2011.11.23 06:23:18.844,0.74403,0.74415,1.50,1.50
2011.11.23 06:23:18.971,0.74399,0.74415,3.00,1.50
2011.11.23 06:23:19.090,0.74401,0.74419,1.50,1.50
2011.11.23 06:23:19.538,0.74403,0.74419,1.50,1.50
2011.11.23 06:23:20.473,0.74399,0.74417,3.00,1.50
2011.11.23 06:23:20.830,0.74404,0.7442,1.50,1.50
2011.11.23 06:23:21.191,0.74402,0.74418,1.50,1.50
2011.11.23 06:23:22.603,0.74399,0.74416,1.50,1.50
2011.11.23 06:23:22.719,0.74402,0.74418,1.50,1.50
2011.11.23 06:23:23.311,0.74401,0.74417,2.25,1.50
2011.11.23 06:23:23.435,0.74403,0.74419,1.50,1.50
2011.11.23 06:23:23.830,0.74401,0.74417,1.50,1.50
2011.11.23 06:23:24.354,0.74404,0.7442,1.50,1.50
2011.11.23 06:23:24.577,0.74401,0.74419,1.50,1.50
2011.11.23 06:23:25.330,0.74401,0.74417,1.50,1.50
2011.11.23 06:23:25.455,0.74398,0.74416,2.25,1.50
2011.11.23 06:23:25.579,0.74402,0.74418,1.50,1.50
2011.11.23 06:23:25.861,0.74398,0.74416,2.25,1.50
2011.11.23 06:23:28.968,0.74398,0.74416,2.25,1.50
2011.11.23 06:23:29.089,0.74396,0.74413,1.50,1.50
2011.11.23 06:23:30.613,0.74396,0.74412,3.75,1.50
2011.11.23 06:23:30.951,0.74396,0.74414,3.75,1.50
2011.11.23 06:23:32.880,0.74399,0.74417,1.50,1.50
2011.11.23 06:23:33.288,0.74399,0.74415,1.50,1.50
2011.11.23 06:23:34.211,0.74396,0.74412,3.00,1.50
2011.11.23 06:23:35.088,0.74396,0.74412,3.00,2.25
2011.11.23 06:23:35.535,0.74385,0.74395,1.69,1.50
2011.11.23 06:23:35.664,0.74385,0.744,1.50,1.50
2011.11.23 06:23:36.239,0.74385,0.74401,3.00,1.50
2011.11.23 06:23:36.749,0.74385,0.74401,1.50,1.50
2011.11.23 06:23:37.331,0.74387,0.74403,2.25,1.50
2011.11.23 06:23:37.668,0.74389,0.74405,1.50,1.50
2011.11.23 06:23:38.649,0.7439,0.74406,1.50,1.50
2011.11.23 06:23:39.193,0.74389,0.74405,1.50,1.50
2011.11.23 06:23:43.993,0.74389,0.74407,1.50,1.88
2011.11.23 06:23:46.805,0.74387,0.74405,2.25,1.50
2011.11.23 06:23:50.817,0.74389,0.74407,1.50,1.50
2011.11.23 06:23:52.523,0.74388,0.74404,2.25,1.50
2011.11.23 06:23:52.759,0.74388,0.74406,2.25,1.50
2011.11.23 06:23:55.554,0.74386,0.74404,2.25,1.50
2011.11.23 06:23:55.912,0.74383,0.74401,2.25,1.50
2011.11.23 06:23:56.511,0.74385,0.744,1.50,1.50
2011.11.23 06:23:58.631,0.74384,0.744,2.25,1.50
2011.11.23 06:24:00.589,0.74385,0.74403,2.25,1.88
2011.11.23 06:24:01.367,0.74383,0.74401,2.25,1.50
2011.11.23 06:24:02.597,0.74383,0.74401,1.50,1.50
2011.11.23 06:24:02.829,0.74381,0.74397,2.25,1.50
2011.11.23 06:24:05.001,0.74378,0.74396,3.00,1.50
2011.11.23 06:24:05.341,0.7438,0.74396,2.25,1.50
2011.11.23 06:24:05.922,0.7438,0.74396,2.25,1.50
2011.11.23 06:24:06.270,0.7438,0.74396,2.25,1.50
2011.11.23 06:24:07.691,0.74383,0.74399,2.25,1.88
2011.11.23 06:24:08.255,0.74382,0.74398,2.25,1.50
2011.11.23 06:24:08.745,0.74393,0.74407,2.25,1.50
2011.11.23 06:24:09.210,0.74391,0.74409,1.50,2.25
2011.11.23 06:24:09.330,0.74391,0.74409,2.25,1.88
2011.11.23 06:24:09.996,0.74394,0.74412,1.50,1.88
2011.11.23 06:24:10.578,0.74393,0.74411,2.25,1.88
2011.11.23 06:24:11.049,0.74391,0.74409,1.50,1.88
2011.11.23 06:24:11.758,0.74391,0.74407,1.50,1.50
2011.11.23 06:24:13.913,0.74387,0.74403,2.25,1.50
2011.11.23 06:24:14.560,0.7439,0.74406,1.50,1.50
2011.11.23 06:24:15.668,0.7439,0.74408,1.50,1.88
2011.11.23 06:24:16.752,0.7439,0.74408,2.25,1.88
2011.11.23 06:24:17.564,0.7439,0.74408,2.25,1.50
2011.11.23 06:24:18.204,0.74388,0.74406,3.00,1.50
2011.11.23 06:24:18.564,0.74391,0.74407,1.50,2.63
2011.11.23 06:24:19.878,0.74388,0.74406,1.50,1.88
2011.11.23 06:24:20.948,0.74389,0.74407,1.50,2.63
2011.11.23 06:24:21.294,0.74394,0.74407,1.50,1.13
2011.11.23 06:24:21.872,0.74395,0.74408,1.50,1.13
2011.11.23 06:24:22.110,0.74393,0.74411,1.50,2.63
2011.11.23 06:24:22.230,0.74398,0.74411,1.50,1.13
2011.11.23 06:24:22.891,0.74397,0.74412,1.50,1.13
2011.11.23 06:24:23.569,0.74396,0.74412,1.50,1.88
2011.11.23 06:24:24.260,0.74393,0.74411,1.50,1.88
2011.11.23 06:24:24.845,0.74388,0.74406,1.50,1.50
2011.11.23 06:24:24.974,0.74389,0.74405,1.50,1.88
2011.11.23 06:24:30.257,0.74383,0.74399,1.50,1.88
2011.11.23 06:24:31.482,0.74381,0.74399,1.50,1.50
2011.11.23 06:24:31.602,0.74383,0.74399,1.50,1.50
2011.11.23 06:24:35.889,0.74382,0.74398,1.50,1.50
2011.11.23 06:24:37.099,0.74379,0.74397,2.25,1.50
2011.11.23 06:24:37.767,0.74382,0.74398,1.50,1.50
2011.11.23 06:24:38.569,0.74383,0.74399,1.50,1.50
2011.11.23 06:24:38.910,0.74387,0.74403,1.50,1.50
2011.11.23 06:24:41.078,0.74385,0.74403,2.25,1.50
2011.11.23 06:24:45.679,0.74385,0.74403,2.25,2.25
2011.11.23 06:24:46.381,0.74385,0.74403,2.25,1.50
2011.11.23 06:24:47.800,0.74386,0.74404,2.25,1.88
2011.11.23 06:24:48.263,0.74386,0.74399,2.25,1.50
2011.11.23 06:24:48.852,0.74383,0.74399,2.25,1.50
2011.11.23 06:24:49.921,0.74383,0.74399,1.50,1.50
2011.11.23 06:24:50.160,0.74378,0.74394,2.44,1.50
2011.11.23 06:24:50.500,0.74376,0.74392,3.75,1.50
2011.11.23 06:24:50.850,0.74373,0.74389,2.25,1.50
2011.11.23 06:24:51.541,0.74373,0.74389,1.50,1.88
2011.11.23 06:24:51.660,0.7437,0.74386,2.25,1.50
2011.11.23 06:24:55.620,0.74373,0.74389,2.25,1.88
2011.11.23 06:25:01.498,0.74369,0.74387,2.25,1.50
2011.11.23 06:25:07.991,0.74373,0.74389,2.25,2.63
2011.11.23 06:25:11.032,0.74375,0.74393,2.25,2.25
2011.11.23 06:25:11.149,0.74375,0.74393,2.25,1.50
2011.11.23 06:25:11.830,0.74377,0.74395,3.00,2.25
2011.11.23 06:25:11.955,0.74381,0.74396,1.88,1.35
2011.11.23 06:25:12.436,0.74391,0.74401,2.25,1.85
2011.11.23 06:25:12.565,0.74395,0.74413,1.50,2.25
2011.11.23 06:25:13.542,0.74394,0.7441,1.50,1.50
2011.11.23 06:25:13.779,0.74394,0.74412,1.50,2.63
2011.11.23 06:25:14.388,0.74393,0.74411,1.50,1.50
2011.11.23 06:25:18.780,0.74394,0.74412,1.50,1.50
2011.11.23 06:25:18.901,0.74394,0.7441,1.50,1.50
2011.11.23 06:25:19.250,0.74397,0.74413,1.50,1.50
2011.11.23 06:25:20.080,0.74395,0.74413,1.50,1.50
2011.11.23 06:25:26.558,0.74394,0.7441,1.50,1.50
2011.11.23 06:25:27.020,0.74391,0.74407,1.50,1.50
2011.11.23 06:25:27.369,0.74391,0.74409,1.50,1.88
2011.11.23 06:25:30.591,0.74391,0.74409,1.50,1.88
2011.11.23 06:25:32.928,0.74393,0.74411,1.50,1.88
2011.11.23 06:25:33.774,0.74395,0.74413,1.50,2.63
2011.11.23 06:25:33.898,0.74395,0.74413,1.50,2.63
2011.11.23 06:25:34.961,0.74397,0.74413,1.50,2.25
2011.11.23 06:25:35.321,0.74401,0.74419,1.50,2.63
2011.11.23 06:25:35.780,0.74398,0.74414,1.50,1.50
2011.11.23 06:25:36.131,0.74393,0.7441,2.25,1.50
2011.11.23 06:25:36.253,0.74392,0.7441,1.50,1.50
2011.11.23 06:25:36.371,0.74391,0.74407,1.50,1.50
2011.11.23 06:25:36.492,0.74391,0.74409,1.50,1.50
2011.11.23 06:25:37.931,0.74392,0.74409,1.50,1.50
2011.11.23 06:25:38.171,0.74395,0.74411,1.50,2.25
2011.11.23 06:25:38.530,0.74388,0.74404,3.00,1.50
2011.11.23 06:25:42.883,0.7439,0.74406,2.25,1.50
2011.11.23 06:25:45.140,0.74389,0.74405,2.25,1.50
2011.11.23 06:25:46.542,0.74389,0.74405,1.50,1.50
2011.11.23 06:25:47.191,0.74389,0.74405,1.50,1.88
2011.11.23 06:25:49.521,0.74387,0.74403,1.50,1.50
2011.11.23 06:25:50.807,0.74386,0.74402,2.25,1.50
2011.11.23 06:25:51.369,0.74383,0.74398,1.50,1.50
2011.11.23 06:25:51.489,0.74382,0.74398,2.25,1.50
2011.11.23 06:25:51.952,0.74378,0.74393,1.50,1.50
2011.11.23 06:25:52.499,0.74382,0.74398,2.25,1.50
2011.11.23 06:25:53.062,0.7438,0.74395,1.50,1.50
2011.11.23 06:25:53.291,0.7438,0.74397,1.50,1.50
2011.11.23 06:25:53.530,0.74383,0.74395,1.50,1.50
2011.11.23 06:25:53.651,0.74383,0.74397,1.50,1.50
2011.11.23 06:25:54.311,0.74381,0.74397,3.38,1.50
2011.11.23 06:25:54.430,0.74381,0.74395,3.38,1.50
2011.11.23 06:25:54.793,0.74381,0.74397,3.38,1.50
2011.11.23 06:25:54.912,0.74381,0.74399,4.88,1.50
2011.11.23 06:25:55.144,0.74383,0.74399,1.50,1.50
2011.11.23 06:25:57.356,0.74384,0.74398,1.50,1.50
2011.11.23 06:25:58.462,0.74381,0.74396,3.38,1.50
2011.11.23 06:25:58.816,0.74377,0.74393,1.50,1.50
2011.11.23 06:25:59.214,0.74374,0.74388,1.50,1.50
2011.11.23 06:25:59.356,0.74367,0.74385,3.00,1.50
2011.11.23 06:26:00.243,0.74373,0.74385,1.50,1.50
2011.11.23 06:26:00.486,0.74374,0.7439,1.50,1.50
2011.11.23 06:26:00.613,0.74375,0.7439,1.50,1.50
2011.11.23 06:26:00.850,0.74375,0.74394,1.50,1.50
2011.11.23 06:26:01.853,0.74377,0.74396,1.50,2.25
2011.11.23 06:26:02.095,0.74376,0.74394,1.50,1.50
2011.11.23 06:26:02.226,0.74376,0.74394,1.50,2.25
2011.11.23 06:26:02.359,0.74372,0.7439,3.00,1.50
2011.11.23 06:26:02.724,0.74372,0.74387,1.50,1.50
2011.11.23 06:26:02.858,0.74375,0.74391,1.50,1.50
2011.11.23 06:26:02.984,0.74373,0.74389,1.50,1.50
2011.11.23 06:26:03.573,0.74371,0.74389,3.00,1.50
2011.11.23 06:26:05.039,0.74371,0.74387,1.50,1.50
2011.11.23 06:26:05.414,0.74371,0.74384,1.50,1.50
2011.11.23 06:26:06.119,0.7437,0.74383,1.50,1.50
2011.11.23 06:26:07.177,0.74368,0.74383,1.13,1.50
2011.11.23 06:26:07.938,0.7437,0.74384,1.50,1.50
2011.11.23 06:26:08.059,0.74368,0.74383,1.13,1.50
2011.11.23 06:26:08.625,0.74368,0.74384,2.63,1.50
2011.11.23 06:26:08.752,0.7437,0.74384,1.50,1.50
2011.11.23 06:26:08.982,0.74368,0.74384,2.63,1.50
2011.11.23 06:26:09.446,0.74375,0.74391,1.50,1.50
2011.11.23 06:26:09.681,0.74371,0.74389,1.50,2.63
2011.11.23 06:26:09.800,0.74369,0.74385,1.50,1.88
2011.11.23 06:26:09.923,0.74366,0.74382,2.25,1.50
2011.11.23 06:26:10.422,0.74369,0.74387,1.50,1.88
2011.11.23 06:26:10.550,0.74369,0.74387,1.50,1.50
2011.11.23 06:26:10.939,0.74372,0.74388,1.50,1.50
2011.11.23 06:26:11.752,0.74371,0.74389,1.50,1.50
2011.11.23 06:26:12.315,0.74371,0.74389,1.50,2.25
2011.11.23 06:26:12.841,0.74369,0.74387,2.25,1.50
2011.11.23 06:26:13.411,0.7437,0.74386,2.25,1.50
2011.11.23 06:26:15.372,0.74369,0.74385,2.25,1.50
2011.11.23 06:26:16.368,0.7437,0.74386,2.25,1.50
2011.11.23 06:26:17.126,0.74368,0.74384,3.00,1.50
2011.11.23 06:26:17.359,0.74369,0.74387,2.25,1.50
2011.11.23 06:26:17.924,0.74368,0.74386,3.00,1.50
2011.11.23 06:26:19.365,0.74369,0.74385,2.25,1.50
2011.11.23 06:26:20.439,0.74369,0.74387,2.25,1.50
2011.11.23 06:26:20.669,0.74375,0.74393,1.50,3.00
2011.11.23 06:26:21.278,0.74373,0.74389,1.50,1.50
2011.11.23 06:26:21.618,0.7437,0.74384,1.50,1.50
2011.11.23 06:26:22.190,0.7437,0.74387,1.50,1.50
2011.11.23 06:26:22.711,0.74372,0.74388,2.25,1.50
2011.11.23 06:26:23.188,0.74372,0.74388,2.25,1.50
2011.11.23 06:26:23.310,0.74372,0.7439,2.25,1.50
2011.11.23 06:26:25.401,0.7437,0.74388,3.00,1.50
2011.11.23 06:26:27.226,0.74375,0.74391,2.25,1.50
2011.11.23 06:26:27.791,0.7437,0.74388,3.00,1.50
2011.11.23 06:26:27.909,0.74375,0.74391,2.25,1.50
2011.11.23 06:26:30.661,0.74373,0.74391,1.50,1.50
2011.11.23 06:26:30.901,0.74371,0.74389,2.25,1.50
2011.11.23 06:26:31.657,0.74368,0.74384,3.00,1.50
2011.11.23 06:26:31.781,0.74371,0.74389,2.25,1.50
2011.11.23 06:26:35.607,0.74373,0.74389,1.50,1.50
2011.11.23 06:26:38.523,0.74375,0.74391,1.50,1.50
2011.11.23 06:26:38.641,0.74373,0.74391,1.50,1.50
2011.11.23 06:26:41.538,0.74371,0.74389,2.25,1.50
2011.11.23 06:26:42.391,0.74374,0.7439,1.50,1.50
2011.11.23 06:26:43.900,0.74371,0.74389,2.25,1.50
2011.11.23 06:26:44.018,0.74375,0.74393,1.50,3.00
2011.11.23 06:26:45.477,0.74375,0.74393,1.50,2.25
2011.11.23 06:26:45.819,0.74375,0.74393,2.25,1.50
2011.11.23 06:26:45.942,0.74375,0.74393,1.50,1.50
2011.11.23 06:26:46.319,0.74375,0.74393,2.25,2.63
2011.11.23 06:26:46.907,0.74375,0.74393,2.25,1.50
2011.11.23 06:26:47.561,0.74376,0.74394,2.25,1.50
2011.11.23 06:26:50.820,0.74378,0.74394,1.50,1.50
2011.11.23 06:26:52.312,0.74376,0.74394,2.25,1.50
2011.11.23 06:26:52.859,0.74378,0.74394,1.50,1.50
2011.11.23 06:26:55.556,0.7438,0.74396,1.50,2.25
2011.11.23 06:26:56.120,0.74379,0.74395,1.50,2.25
2011.11.23 06:26:58.269,0.74376,0.74392,2.25,1.50
2011.11.23 06:27:00.771,0.74373,0.74391,3.00,1.50
2011.11.23 06:27:03.630,0.74377,0.74393,2.25,1.50
2011.11.23 06:27:04.174,0.74378,0.74394,1.50,1.50
2011.11.23 06:27:04.400,0.74379,0.74397,1.50,2.25
2011.11.23 06:27:05.079,0.74382,0.74398,1.50,2.25
2011.11.23 06:27:07.511,0.74379,0.74397,1.50,3.00
2011.11.23 06:27:08.072,0.74378,0.74396,2.25,2.25
2011.11.23 06:27:08.315,0.74383,0.74399,2.25,2.63
2011.11.23 06:27:24.750,0.74382,0.74398,2.25,1.50
2011.11.23 06:27:25.294,0.74377,0.74393,2.25,1.50
2011.11.23 06:27:25.861,0.74378,0.74394,3.00,1.50
2011.11.23 06:27:25.980,0.74381,0.74397,2.25,1.50
2011.11.23 06:27:26.211,0.74383,0.74399,2.25,1.50
2011.11.23 06:27:28.313,0.74385,0.74402,2.25,1.13
2011.11.23 06:27:28.433,0.7439,0.74402,2.25,1.13
2011.11.23 06:27:28.793,0.74392,0.74408,2.25,4.35
2011.11.23 06:27:28.915,0.74392,0.74408,2.25,2.25
2011.11.23 06:27:29.162,0.74396,0.74412,2.25,1.50
2011.11.23 06:27:29.281,0.74396,0.74412,2.25,1.50
2011.11.23 06:27:29.510,0.74395,0.74412,2.25,1.35
2011.11.23 06:27:31.460,0.74391,0.74407,2.25,1.50
2011.11.23 06:27:31.589,0.74391,0.74407,2.25,1.50
2011.11.23 06:27:31.713,0.74391,0.74409,2.25,1.50
2011.11.23 06:27:32.436,0.7439,0.74406,2.63,1.50
2011.11.23 06:27:33.051,0.7439,0.74404,1.13,1.50
2011.11.23 06:27:33.410,0.74386,0.74402,2.25,1.50
2011.11.23 06:27:34.482,0.74387,0.74403,2.25,1.50
2011.11.23 06:27:35.988,0.74387,0.74403,2.25,1.50
2011.11.23 06:27:36.485,0.74389,0.74405,2.25,1.50
2011.11.23 06:27:37.820,0.74389,0.74407,2.25,1.50
2011.11.23 06:27:38.284,0.74387,0.74403,1.13,1.50
2011.11.23 06:27:41.515,0.74387,0.74404,1.13,1.50
2011.11.23 06:27:49.513,0.74389,0.74405,2.25,1.50
2011.11.23 06:27:49.634,0.74389,0.74407,2.25,1.50
2011.11.23 06:27:50.212,0.74388,0.74406,2.25,1.50
2011.11.23 06:27:51.140,0.74392,0.74408,2.25,2.25
2011.11.23 06:27:51.672,0.74389,0.74407,2.25,1.50
2011.11.23 06:27:52.882,0.74393,0.74409,2.25,1.50
2011.11.23 06:27:53.008,0.74398,0.74414,2.25,1.65
2011.11.23 06:27:53.253,0.74402,0.74418,2.25,3.00
2011.11.23 06:27:53.900,0.74397,0.74415,2.25,1.50
2011.11.23 06:27:56.031,0.74396,0.74412,2.25,1.50
2011.11.23 06:27:56.599,0.74397,0.74413,2.25,1.50
2011.11.23 06:27:56.938,0.74398,0.74416,2.25,2.25
2011.11.23 06:27:57.813,0.74398,0.74416,2.25,2.25
2011.11.23 06:27:57.936,0.74396,0.74414,2.25,1.50
2011.11.23 06:27:58.571,0.74396,0.74414,2.25,1.50
2011.11.23 06:27:58.695,0.74396,0.74414,2.25,1.50
2011.11.23 06:27:58.823,0.74396,0.74414,2.25,1.50
2011.11.23 06:27:58.942,0.74398,0.74416,2.25,2.25
2011.11.23 06:28:00.071,0.74399,0.74417,2.25,2.25
2011.11.23 06:28:00.680,0.74399,0.74415,1.50,1.50
2011.11.23 06:28:00.805,0.74399,0.74415,2.25,1.50
2011.11.23 06:28:01.202,0.74397,0.74413,2.25,1.50
2011.11.23 06:28:02.529,0.74397,0.74413,1.50,1.50
2011.11.23 06:28:03.119,0.74396,0.74414,2.25,1.50
2011.11.23 06:28:04.235,0.74396,0.74414,2.25,1.50
2011.11.23 06:28:04.368,0.744,0.74416,2.25,1.50
2011.11.23 06:28:07.241,0.74399,0.74415,2.25,1.50
2011.11.23 06:28:07.860,0.74396,0.74414,2.25,1.50
2011.11.23 06:28:16.271,0.74396,0.74412,2.25,1.50
2011.11.23 06:28:16.512,0.74396,0.74412,1.50,1.50
2011.11.23 06:28:17.146,0.74395,0.74413,2.25,1.50
2011.11.23 06:28:17.562,0.74397,0.74413,1.50,1.50
2011.11.23 06:28:17.680,0.74394,0.74412,1.50,1.88
2011.11.23 06:28:20.049,0.74397,0.74412,1.50,1.13
2011.11.23 06:28:22.419,0.74396,0.74412,1.50,2.25
2011.11.23 06:28:22.543,0.74389,0.74407,2.25,1.50
2011.11.23 06:28:22.992,0.74389,0.74407,2.25,1.50
2011.11.23 06:28:32.800,0.74392,0.74408,2.25,2.25
2011.11.23 06:28:35.580,0.74391,0.74407,2.25,1.50
2011.11.23 06:28:36.262,0.74391,0.74409,2.25,2.25
2011.11.23 06:28:36.941,0.74391,0.74407,2.25,1.50
2011.11.23 06:28:37.611,0.74391,0.74409,2.25,2.25
2011.11.23 06:28:39.376,0.74399,0.74414,1.50,1.50
2011.11.23 06:28:39.891,0.74401,0.74414,1.50,1.50
2011.11.23 06:28:42.569,0.744,0.74415,1.50,1.50
2011.11.23 06:28:45.619,0.74401,0.74416,1.50,1.50
2011.11.23 06:28:46.582,0.74403,0.74416,1.50,1.50
2011.11.23 06:28:47.182,0.74402,0.74418,1.50,2.25
2011.11.23 06:28:47.630,0.74404,0.74418,1.50,1.50
2011.11.23 06:28:48.179,0.74403,0.74418,1.50,1.50
2011.11.23 06:28:49.092,0.74401,0.74418,1.50,1.50
2011.11.23 06:28:51.388,0.744,0.74418,1.50,3.00
2011.11.23 06:28:52.512,0.74402,0.74418,2.25,3.00
2011.11.23 06:28:52.861,0.74405,0.74418,2.25,1.13
2011.11.23 06:28:53.661,0.74405,0.74421,2.25,2.63
2011.11.23 06:28:54.747,0.74407,0.74421,1.50,1.13
2011.11.23 06:28:54.871,0.74405,0.74421,2.25,1.13
2011.11.23 06:28:56.224,0.74406,0.74421,1.50,1.13
2011.11.23 06:28:56.992,0.74405,0.74421,2.25,1.13
2011.11.23 06:28:58.133,0.74407,0.74421,1.50,1.13
2011.11.23 06:28:58.494,0.74407,0.74421,2.25,1.13
2011.11.23 06:29:04.059,0.74412,0.74421,1.50,1.13
2011.11.23 06:29:05.186,0.74411,0.74421,2.25,1.13
2011.11.23 06:29:08.553,0.74411,0.74424,2.25,1.50
2011.11.23 06:29:10.353,0.74415,0.74427,2.25,1.50
2011.11.23 06:29:10.470,0.74415,0.74427,2.25,1.50
2011.11.23 06:29:12.013,0.74423,0.74435,1.50,1.13
2011.11.23 06:29:12.252,0.74429,0.74438,1.50,1.13
2011.11.23 06:29:12.481,0.74423,0.74438,1.50,1.13
2011.11.23 06:29:12.930,0.74423,0.74438,1.50,1.88
2011.11.23 06:29:13.745,0.74421,0.74437,1.50,1.88
2011.11.23 06:29:14.597,0.74422,0.74438,1.50,4.13
2011.11.23 06:29:15.279,0.74422,0.74438,1.50,2.63
2011.11.23 06:29:15.519,0.74422,0.74438,1.50,2.63
2011.11.23 06:29:16.091,0.74421,0.74438,1.50,1.13
2011.11.23 06:29:17.739,0.74421,0.74438,2.25,1.13
2011.11.23 06:29:18.184,0.74425,0.74438,1.50,1.13
2011.11.23 06:29:18.423,0.74422,0.74438,1.50,1.13
2011.11.23 06:29:18.650,0.74424,0.74438,1.50,1.13
2011.11.23 06:29:19.449,0.74423,0.74438,1.50,1.13
2011.11.23 06:29:19.788,0.74423,0.7444,1.50,1.50
2011.11.23 06:29:20.019,0.74432,0.74448,1.50,2.25
2011.11.23 06:29:20.251,0.7443,0.74444,2.25,0.75
2011.11.23 06:29:20.370,0.74433,0.74444,1.67,0.75
2011.11.23 06:29:20.713,0.7447,0.74514,1.50,1.50
2011.11.23 06:29:21.277,0.74462,0.74501,2.25,1.05
2011.11.23 06:29:21.524,0.7446,0.74491,1.50,0.75
2011.11.23 06:29:21.761,0.74464,0.74496,1.50,1.50
2011.11.23 06:29:21.882,0.74455,0.74488,2.25,1.50
2011.11.23 06:29:22.001,0.74456,0.74474,1.50,2.25
2011.11.23 06:29:22.355,0.74451,0.74469,1.50,2.25
2011.11.23 06:29:22.603,0.74451,0.74469,2.25,1.50
2011.11.23 06:29:22.721,0.74461,0.74479,1.50,3.24
2011.11.23 06:29:23.083,0.7446,0.7449,2.25,2.25
2011.11.23 06:29:23.202,0.74459,0.74482,1.50,0.75
2011.11.23 06:29:23.323,0.74459,0.74507,2.25,1.10
2011.11.23 06:29:23.443,0.74486,0.74511,0.75,1.10
2011.11.23 06:29:23.857,0.74461,0.74486,2.25,1.50
2011.11.23 06:29:23.987,0.74461,0.74486,2.25,2.25
2011.11.23 06:29:24.224,0.74461,0.74484,2.25,1.50
2011.11.23 06:29:24.579,0.7446,0.74476,1.50,1.50
2011.11.23 06:29:24.925,0.7446,0.74478,1.50,1.50
2011.11.23 06:29:25.160,0.74462,0.7448,1.50,1.50
2011.11.23 06:29:25.511,0.74459,0.74478,1.69,1.50
2011.11.23 06:29:25.635,0.74457,0.74478,1.50,1.50
2011.11.23 06:29:25.760,0.74453,0.74475,1.50,1.50
2011.11.23 06:29:26.338,0.74454,0.74476,1.50,2.25
2011.11.23 06:29:30.088,0.74458,0.7448,1.50,2.25
2011.11.23 06:29:30.727,0.74458,0.7448,1.50,1.50
2011.11.23 06:29:30.860,0.74465,0.74481,1.50,1.50
2011.11.23 06:29:31.223,0.74464,0.7448,1.50,2.25
2011.11.23 06:29:32.081,0.7446,0.7448,1.50,2.25
2011.11.23 06:29:32.200,0.74456,0.74479,1.88,1.50
2011.11.23 06:29:32.319,0.74454,0.74477,1.88,1.50
2011.11.23 06:29:33.718,0.74456,0.74477,1.50,1.88
2011.11.23 06:29:34.062,0.74456,0.74476,1.50,1.13
2011.11.23 06:29:34.412,0.74454,0.74476,1.50,1.13
2011.11.23 06:29:35.499,0.74456,0.74476,1.50,1.13
2011.11.23 06:29:40.740,0.74454,0.74476,1.50,1.13
2011.11.23 06:29:41.741,0.74452,0.74475,2.63,2.25
2011.11.23 06:29:42.240,0.74454,0.74475,1.50,2.25
2011.11.23 06:29:44.111,0.74453,0.74476,1.50,2.63
2011.11.23 06:29:44.564,0.74456,0.74476,1.50,1.13
2011.11.23 06:29:45.128,0.74458,0.74476,1.50,1.13
2011.11.23 06:29:45.253,0.74458,0.74476,1.50,1.13
2011.11.23 06:29:45.373,0.7446,0.74476,1.50,1.13
2011.11.23 06:29:45.496,0.74461,0.74481,1.50,1.50
2011.11.23 06:29:46.141,0.74461,0.74481,1.50,1.50
2011.11.23 06:29:48.360,0.7446,0.74481,1.50,1.50
2011.11.23 06:29:50.561,0.74462,0.74481,1.50,1.50
2011.11.23 06:29:51.010,0.74464,0.74481,1.50,1.50
2011.11.23 06:29:51.586,0.74464,0.74481,1.50,1.50
2011.11.23 06:29:52.763,0.74461,0.74483,1.50,2.25
2011.11.23 06:29:53.559,0.74461,0.74483,1.50,2.25
2011.11.23 06:29:53.682,0.74463,0.74485,1.50,3.00
2011.11.23 06:29:54.500,0.74461,0.74483,1.50,2.25
2011.11.23 06:29:54.729,0.74461,0.74483,1.50,2.25
2011.11.23 06:29:55.480,0.74462,0.74484,1.50,3.38
2011.11.23 06:29:55.845,0.74462,0.74484,1.50,3.38
2011.11.23 06:29:56.093,0.74467,0.74484,1.50,1.88
2011.11.23 06:29:56.670,0.74466,0.74484,1.50,2.25
2011.11.23 06:29:57.082,0.74461,0.74482,1.50,2.25
2011.11.23 06:29:57.433,0.74461,0.74482,1.50,2.25
2011.11.23 06:29:58.263,0.74462,0.74483,1.50,1.50
2011.11.23 06:29:58.393,0.74462,0.74485,1.50,2.25
2011.11.23 06:29:58.513,0.7447,0.74486,1.50,2.25
2011.11.23 06:29:59.922,0.74466,0.74482,1.50,2.25
2011.11.23 06:30:00.773,0.74467,0.74485,1.50,2.25
2011.11.23 06:30:01.421,0.74466,0.74484,1.50,2.25
2011.11.23 06:30:01.541,0.74466,0.74484,1.50,2.25
2011.11.23 06:30:02.149,0.74466,0.74484,1.50,2.25
2011.11.23 06:30:02.502,0.74466,0.74484,1.50,2.25
2011.11.23 06:30:03.082,0.74464,0.74482,1.50,2.25
2011.11.23 06:30:03.474,0.74469,0.74487,1.50,3.00
2011.11.23 06:30:03.590,0.74471,0.74487,1.50,1.50
2011.11.23 06:30:04.050,0.74469,0.74487,1.50,2.25
2011.11.23 06:30:06.050,0.74471,0.74487,1.50,2.25
2011.11.23 06:30:07.861,0.74468,0.74486,1.50,2.25
2011.11.23 06:30:08.320,0.74462,0.7448,2.63,1.50
2011.11.23 06:30:08.659,0.74462,0.7448,1.50,2.25
2011.11.23 06:30:10.052,0.7447,0.74488,1.50,3.75
2011.11.23 06:30:10.174,0.7447,0.74488,1.50,3.00
2011.11.23 06:30:10.520,0.7447,0.74488,1.50,2.25
2011.11.23 06:30:11.643,0.74468,0.74486,1.50,2.25
2011.11.23 06:30:11.767,0.74468,0.74486,1.50,2.25
2011.11.23 06:30:12.011,0.74465,0.74481,1.50,2.25
2011.11.23 06:30:12.135,0.74463,0.74481,1.50,2.25
2011.11.23 06:30:13.155,0.74463,0.74481,1.50,2.25
2011.11.23 06:30:14.461,0.74465,0.74481,1.50,2.25
2011.11.23 06:30:15.840,0.74464,0.74482,1.50,2.25
2011.11.23 06:30:16.438,0.74465,0.74481,1.50,2.25
2011.11.23 06:30:18.097,0.74467,0.74483,1.50,2.25
2011.11.23 06:30:19.031,0.74467,0.74485,1.50,2.25
2011.11.23 06:30:20.189,0.74469,0.74487,1.50,2.25
2011.11.23 06:30:20.311,0.74467,0.74485,1.50,2.25
2011.11.23 06:30:25.100,0.74468,0.74484,1.50,2.25
2011.11.23 06:30:28.091,0.74468,0.74484,1.50,2.25
2011.11.23 06:30:28.553,0.74461,0.74479,1.50,3.60
2011.11.23 06:30:28.672,0.74458,0.74471,1.50,1.50
2011.11.23 06:30:29.020,0.74457,0.74475,1.50,2.25
2011.11.23 06:30:29.371,0.74457,0.74475,1.50,2.25
2011.11.23 06:30:30.393,0.74457,0.74475,1.50,2.25
2011.11.23 06:30:30.922,0.74453,0.74461,2.25,1.50
2011.11.23 06:30:31.045,0.74453,0.74469,2.25,2.25
2011.11.23 06:30:32.704,0.74453,0.74466,2.25,1.02
2011.11.23 06:30:32.941,0.74453,0.74466,1.50,1.02
2011.11.23 06:30:33.280,0.74453,0.74466,2.25,1.02
2011.11.23 06:30:35.065,0.74453,0.74466,2.25,1.02
2011.11.23 06:30:37.370,0.74453,0.74466,2.25,1.02
2011.11.23 06:30:43.691,0.74453,0.74466,2.25,1.02
2011.11.23 06:30:44.375,0.74453,0.74466,2.25,1.02
2011.11.23 06:30:47.509,0.74453,0.74466,2.25,1.20
2011.11.23 06:30:47.849,0.74451,0.74461,2.25,1.32
2011.11.23 06:30:50.519,0.7445,0.74461,2.25,2.63
2011.11.23 06:30:50.640,0.74449,0.74461,2.25,2.44
2011.11.23 06:30:52.570,0.7445,0.74461,2.25,1.88
2011.11.23 06:30:52.811,0.7445,0.74464,2.25,1.50
2011.11.23 06:30:52.935,0.74455,0.74471,2.25,1.88
2011.11.23 06:30:53.502,0.74455,0.74463,1.50,1.13
2011.11.23 06:30:53.623,0.74445,0.74463,1.50,1.13
2011.11.23 06:30:53.863,0.74445,0.74464,1.50,1.13
2011.11.23 06:30:57.739,0.74445,0.74464,3.00,1.13
2011.11.23 06:30:58.319,0.74437,0.74461,4.13,1.88
2011.11.23 06:30:58.969,0.7444,0.74461,2.25,1.88
2011.11.23 06:30:59.529,0.7444,0.74461,2.25,1.88
2011.11.23 06:30:59.920,0.7444,0.74461,2.25,1.88
2011.11.23 06:31:08.565,0.74443,0.7446,2.25,1.13
2011.11.23 06:31:13.500,0.74443,0.7446,2.25,1.13
2011.11.23 06:31:13.950,0.74445,0.74464,2.25,3.38
2011.11.23 06:31:18.793,0.74445,0.74464,2.25,3.38
2011.11.23 06:31:20.501,0.74443,0.74464,2.25,3.38
2011.11.23 06:31:20.732,0.74444,0.74464,2.25,3.38
2011.11.23 06:31:21.291,0.74443,0.74464,2.25,3.38
2011.11.23 06:31:30.224,0.74444,0.74464,2.25,1.88
2011.11.23 06:31:30.696,0.74457,0.74479,2.25,1.13
2011.11.23 06:31:31.050,0.74462,0.74479,1.50,1.13
2011.11.23 06:31:31.636,0.74461,0.74481,1.50,1.13
2011.11.23 06:31:32.256,0.74462,0.74484,1.50,1.50
2011.11.23 06:31:32.809,0.74463,0.74484,1.50,1.50
2011.11.23 06:31:33.347,0.74462,0.74484,1.50,1.50
2011.11.23 06:31:34.617,0.74465,0.74484,1.50,1.50
2011.11.23 06:31:34.740,0.74463,0.74484,1.50,1.50
2011.11.23 06:31:35.091,0.74465,0.74485,1.50,1.13
2011.11.23 06:31:35.654,0.74465,0.7449,1.50,1.50
2011.11.23 06:31:35.778,0.74467,0.7449,1.50,1.50
2011.11.23 06:31:36.230,0.74468,0.7449,1.50,1.50
2011.11.23 06:31:37.314,0.7447,0.7449,1.50,1.50
2011.11.23 06:31:37.975,0.74469,0.7449,1.50,1.50
2011.11.23 06:31:38.221,0.74467,0.74488,1.50,1.50
2011.11.23 06:31:38.791,0.74462,0.7448,1.50,1.13
2011.11.23 06:31:40.090,0.74462,0.7448,1.50,1.13
2011.11.23 06:31:40.646,0.74461,0.7448,1.50,1.13
2011.11.23 06:31:42.328,0.74462,0.7448,1.50,1.13
2011.11.23 06:31:43.118,0.74459,0.7448,1.50,1.13
2011.11.23 06:31:43.685,0.74462,0.7448,1.50,1.13
2011.11.23 06:31:44.050,0.74458,0.7448,1.50,1.13
2011.11.23 06:31:45.438,0.74463,0.7448,1.50,1.13
2011.11.23 06:31:46.646,0.74465,0.7448,1.50,1.13
2011.11.23 06:31:47.150,0.74466,0.7448,1.50,1.13
2011.11.23 06:31:49.030,0.74466,0.7448,1.50,1.13
2011.11.23 06:31:49.591,0.74467,0.74479,1.50,1.13
2011.11.23 06:31:50.186,0.7447,0.74483,1.50,1.50
2011.11.23 06:31:50.795,0.74473,0.74489,1.50,2.25
2011.11.23 06:31:50.916,0.74475,0.7449,1.50,1.50
2011.11.23 06:31:51.164,0.74477,0.74495,1.50,2.25
2011.11.23 06:31:51.282,0.7448,0.74496,1.50,1.50
2011.11.23 06:31:51.641,0.74479,0.74489,1.50,1.13
2011.11.23 06:31:52.409,0.74476,0.74489,1.50,1.13
2011.11.23 06:31:54.539,0.74478,0.74489,1.50,1.13
2011.11.23 06:31:55.071,0.74479,0.74489,1.50,1.13
2011.11.23 06:31:55.786,0.74479,0.74497,1.50,1.50
2011.11.23 06:31:57.021,0.74479,0.74489,1.50,1.13
2011.11.23 06:31:57.600,0.74479,0.74492,1.50,1.13
2011.11.23 06:31:57.951,0.74475,0.7449,1.50,1.13
2011.11.23 06:31:58.072,0.74473,0.7449,1.50,1.13
2011.11.23 06:31:58.642,0.74471,0.7449,1.50,1.13
2011.11.23 06:31:59.270,0.74474,0.7449,1.50,1.13
2011.11.23 06:31:59.773,0.74475,0.7449,1.50,1.13
2011.11.23 06:32:00.453,0.74474,0.7449,1.50,1.13
2011.11.23 06:32:01.361,0.74475,0.7449,1.50,1.13
2011.11.23 06:32:04.203,0.74475,0.7449,1.50,1.13
2011.11.23 06:32:04.551,0.74475,0.7449,1.50,1.13
2011.11.23 06:32:05.572,0.74473,0.7449,1.50,1.88
2011.11.23 06:32:05.697,0.74471,0.74489,1.50,2.25
2011.11.23 06:32:06.052,0.74469,0.74484,1.50,1.13
2011.11.23 06:32:06.291,0.74467,0.74481,1.50,1.13
2011.11.23 06:32:07.189,0.74468,0.74481,1.50,1.13
2011.11.23 06:32:08.664,0.74467,0.74481,1.50,1.13
2011.11.23 06:32:09.930,0.74467,0.74481,1.50,1.13
2011.11.23 06:32:10.174,0.74463,0.74481,1.50,2.63
2011.11.23 06:32:11.648,0.74465,0.74481,1.50,2.63
2011.11.23 06:32:11.899,0.74462,0.7448,1.50,2.25
2011.11.23 06:32:15.545,0.74462,0.7448,1.50,2.25
2011.11.23 06:32:16.013,0.74462,0.7448,1.50,2.25
2011.11.23 06:32:16.133,0.74464,0.74481,1.50,1.13
2011.11.23 06:32:19.212,0.74463,0.74481,1.50,2.63
2011.11.23 06:32:20.853,0.74461,0.74479,1.50,2.25
2011.11.23 06:32:21.593,0.7446,0.74476,1.50,1.50
2011.11.23 06:32:22.045,0.74458,0.74474,1.50,1.50
2011.11.23 06:32:22.178,0.74454,0.74472,1.50,1.50
2011.11.23 06:32:22.772,0.74455,0.74473,1.50,2.25
2011.11.23 06:32:22.893,0.74455,0.74473,1.50,2.25
2011.11.23 06:32:23.309,0.7445,0.74471,3.38,2.25
2011.11.23 06:32:25.981,0.7445,0.74466,3.38,1.50
2011.11.23 06:32:26.345,0.7444,0.74456,2.25,1.50
2011.11.23 06:32:26.793,0.74442,0.74458,2.25,1.50
2011.11.23 06:32:26.912,0.74442,0.74458,1.50,1.50
2011.11.23 06:32:29.432,0.7444,0.74456,1.50,1.50
2011.11.23 06:32:29.798,0.74436,0.74451,2.25,1.50
2011.11.23 06:32:30.045,0.74425,0.74444,1.50,2.25
2011.11.23 06:32:30.292,0.74425,0.74444,2.25,1.50
2011.11.23 06:32:30.912,0.74425,0.74445,1.50,1.13
2011.11.23 06:32:31.045,0.74424,0.74445,1.50,1.88
2011.11.23 06:32:31.412,0.74455,0.74465,1.50,1.13
2011.11.23 06:32:31.777,0.74451,0.74458,1.65,1.50
2011.11.23 06:32:31.905,0.74447,0.74458,1.88,1.50
2011.11.23 06:32:32.540,0.74447,0.7446,1.88,1.50
2011.11.23 06:32:33.248,0.74447,0.74461,1.88,1.50
2011.11.23 06:32:33.851,0.74447,0.74462,2.07,1.50
2011.11.23 06:32:34.441,0.74447,0.74462,2.07,1.50
2011.11.23 06:32:34.682,0.74448,0.74462,2.07,1.50
2011.11.23 06:32:34.801,0.74448,0.74465,2.07,1.50
2011.11.23 06:32:34.922,0.74448,0.74465,2.29,1.50
2011.11.23 06:32:35.275,0.74454,0.74472,1.50,1.50
2011.11.23 06:32:35.501,0.74456,0.74472,1.50,1.50
2011.11.23 06:32:36.234,0.74455,0.74471,1.88,1.50
2011.11.23 06:32:36.799,0.74456,0.74472,1.50,1.50
2011.11.23 06:32:37.169,0.74461,0.74477,1.50,1.50
2011.11.23 06:32:37.872,0.74463,0.74481,1.50,2.25
2011.11.23 06:32:38.450,0.74463,0.74481,1.50,2.25
2011.11.23 06:32:39.035,0.74462,0.7448,1.50,2.25
2011.11.23 06:32:39.513,0.74468,0.74486,1.50,2.77
2011.11.23 06:32:39.641,0.74469,0.74487,1.50,2.25
2011.11.23 06:32:39.887,0.74478,0.74494,1.50,2.25
2011.11.23 06:32:40.242,0.74482,0.74501,1.50,2.25
2011.11.23 06:32:40.362,0.7448,0.74499,1.50,2.25
2011.11.23 06:32:40.700,0.7448,0.74499,1.50,2.25
2011.11.23 06:32:42.302,0.7448,0.74499,1.50,2.25
2011.11.23 06:32:42.424,0.7448,0.74496,1.50,1.50
2011.11.23 06:32:42.654,0.74478,0.74495,1.50,1.50
2011.11.23 06:32:43.352,0.74478,0.74497,1.50,2.25
2011.11.23 06:32:43.940,0.74479,0.74498,1.50,3.00
2011.11.23 06:32:44.283,0.74483,0.745,1.50,1.50
2011.11.23 06:32:44.872,0.74484,0.74502,1.50,2.25
2011.11.23 06:32:45.496,0.74485,0.74501,1.50,2.25
2011.11.23 06:32:46.130,0.74485,0.74501,1.50,2.25
2011.11.23 06:32:46.369,0.74487,0.74503,1.50,2.25
2011.11.23 06:32:46.988,0.74486,0.74502,1.50,2.25
2011.11.23 06:32:50.569,0.74487,0.74505,1.50,2.25
2011.11.23 06:32:52.212,0.74486,0.74502,1.50,2.25
2011.11.23 06:32:52.761,0.74486,0.74501,1.50,1.50
2011.11.23 06:32:52.887,0.74483,0.74501,1.50,3.00
2011.11.23 06:32:53.251,0.74481,0.74499,1.50,3.00
2011.11.23 06:32:53.823,0.74481,0.74499,1.50,3.00
2011.11.23 06:32:55.432,0.7448,0.74496,1.50,2.25
2011.11.23 06:32:55.552,0.7448,0.74496,1.50,2.25
2011.11.23 06:32:56.101,0.7448,0.74496,1.50,2.25
2011.11.23 06:32:56.340,0.7448,0.74496,1.50,2.25
2011.11.23 06:33:00.038,0.74481,0.74499,1.50,3.00
2011.11.23 06:33:01.845,0.74484,0.745,1.50,2.25
2011.11.23 06:33:02.382,0.74484,0.745,1.50,2.25
2011.11.23 06:33:05.258,0.74485,0.74501,1.50,2.25
2011.11.23 06:33:05.490,0.74483,0.74501,1.50,2.25
2011.11.23 06:33:05.611,0.74483,0.74501,1.50,2.25
2011.11.23 06:33:06.811,0.74482,0.74498,1.50,3.00
2011.11.23 06:33:08.690,0.74479,0.74497,1.50,2.25
2011.11.23 06:33:10.933,0.74482,0.74498,1.50,3.00
2011.11.23 06:33:11.525,0.74481,0.74494,1.50,1.50
2011.11.23 06:33:11.883,0.7448,0.74494,1.50,1.50
2011.11.23 06:33:12.002,0.74478,0.74496,1.50,2.25
2011.11.23 06:33:12.530,0.74478,0.74496,1.50,2.25
2011.11.23 06:33:13.854,0.74476,0.74491,1.50,1.50
2011.11.23 06:33:17.191,0.74478,0.74492,1.50,1.50
2011.11.23 06:33:17.859,0.74476,0.74491,1.50,1.50
2011.11.23 06:33:18.555,0.74475,0.74491,1.50,1.50
2011.11.23 06:33:19.579,0.74478,0.74491,1.50,1.50
2011.11.23 06:33:20.206,0.74478,0.74491,1.50,1.50
2011.11.23 06:33:20.742,0.74477,0.74491,1.50,1.50
2011.11.23 06:33:25.181,0.74479,0.74491,1.50,1.50
2011.11.23 06:33:25.906,0.74481,0.74494,1.50,1.50
2011.11.23 06:33:26.041,0.74481,0.74492,1.50,1.50
2011.11.23 06:33:26.284,0.74482,0.74495,1.50,1.50
2011.11.23 06:33:26.960,0.74482,0.74495,1.50,1.50
2011.11.23 06:33:27.425,0.7448,0.74498,1.50,2.63
2011.11.23 06:33:27.552,0.7448,0.74498,1.50,2.63
2011.11.23 06:33:28.014,0.74479,0.74495,2.25,2.25
2011.11.23 06:33:28.132,0.74482,0.74499,1.50,1.50
2011.11.23 06:33:28.721,0.74481,0.74496,1.50,1.50
2011.11.23 06:33:29.252,0.74481,0.74496,1.50,1.50
2011.11.23 06:33:29.705,0.74483,0.74496,1.50,1.50
2011.11.23 06:33:30.065,0.74471,0.74479,1.50,2.07
2011.11.23 06:33:30.196,0.74458,0.74474,1.50,2.25
2011.11.23 06:33:30.322,0.74452,0.74468,2.25,2.25
2011.11.23 06:33:30.662,0.74451,0.74467,1.50,1.50
2011.11.23 06:33:31.343,0.74452,0.7447,2.25,2.25
2011.11.23 06:33:31.686,0.74455,0.74473,1.50,2.25
2011.11.23 06:33:32.267,0.74455,0.74473,1.50,2.25
2011.11.23 06:33:32.393,0.74455,0.74473,1.91,1.50
2011.11.23 06:33:32.515,0.74458,0.74473,1.35,1.50
2011.11.23 06:33:32.970,0.74469,0.74484,1.50,1.50
2011.11.23 06:33:33.440,0.74467,0.74483,1.50,2.25
2011.11.23 06:33:33.891,0.74463,0.74481,1.50,2.25
2011.11.23 06:33:34.834,0.74464,0.74485,1.50,2.25
2011.11.23 06:33:35.421,0.74464,0.74485,1.50,2.25
2011.11.23 06:33:35.872,0.74464,0.7448,1.50,1.50
2011.11.23 06:33:36.963,0.74464,0.7448,2.25,1.50
2011.11.23 06:33:37.082,0.74468,0.74491,1.50,3.00
2011.11.23 06:33:37.201,0.74468,0.74491,1.50,3.00
2011.11.23 06:33:38.300,0.74473,0.74491,1.50,3.00
2011.11.23 06:33:39.520,0.74471,0.74489,1.50,2.25
2011.11.23 06:33:39.639,0.74471,0.74488,1.50,1.50
2011.11.23 06:33:39.872,0.74465,0.74481,1.50,1.50
2011.11.23 06:33:40.111,0.74462,0.74478,1.50,1.50
2011.11.23 06:33:40.460,0.74468,0.74484,1.50,2.25
2011.11.23 06:33:41.029,0.74468,0.74484,1.50,2.25
2011.11.23 06:33:41.153,0.74466,0.74484,1.50,2.25
2011.11.23 06:33:42.970,0.74471,0.74487,1.50,2.25
2011.11.23 06:33:43.792,0.74463,0.74486,2.25,1.69
2011.11.23 06:33:43.913,0.74458,0.74476,1.88,2.25
2011.11.23 06:33:44.033,0.74458,0.74476,1.88,1.50
2011.11.23 06:33:44.466,0.74456,0.74472,1.50,1.50
2011.11.23 06:33:44.597,0.7446,0.74476,1.50,1.50
2011.11.23 06:33:44.724,0.74458,0.74474,1.50,1.50
2011.11.23 06:33:45.059,0.74456,0.74474,3.38,1.50
2011.11.23 06:33:46.359,0.74457,0.74475,1.50,1.50
2011.11.23 06:33:46.931,0.74456,0.74474,3.38,1.50
2011.11.23 06:33:47.384,0.74456,0.74467,1.88,2.25
2011.11.23 06:33:47.724,0.74452,0.74465,2.03,1.50
2011.11.23 06:33:48.286,0.74447,0.74465,2.25,1.50
2011.11.23 06:33:50.471,0.7445,0.74466,1.50,1.50
2011.11.23 06:33:51.393,0.74448,0.74464,1.50,1.50
2011.11.23 06:33:52.371,0.74448,0.74464,1.50,2.25
2011.11.23 06:33:52.611,0.74435,0.74451,2.25,1.50
2011.11.23 06:33:52.730,0.74435,0.74451,1.50,1.50
2011.11.23 06:33:52.851,0.7443,0.74448,2.25,1.50
2011.11.23 06:33:54.811,0.74433,0.74448,1.50,1.50
2011.11.23 06:33:54.937,0.74441,0.74457,2.25,2.10
2011.11.23 06:33:55.063,0.74444,0.7446,1.50,2.25
2011.11.23 06:33:55.291,0.74445,0.74463,1.50,1.50
2011.11.23 06:33:55.803,0.74444,0.74462,1.50,2.25
2011.11.23 06:33:56.786,0.74445,0.74463,1.50,2.25
2011.11.23 06:33:57.022,0.74445,0.74463,2.25,2.25
2011.11.23 06:33:57.580,0.74445,0.74463,2.25,1.50
2011.11.23 06:33:57.942,0.7445,0.74468,1.50,2.25
2011.11.23 06:33:58.503,0.74448,0.74466,2.25,2.25
2011.11.23 06:33:58.731,0.74448,0.74466,1.50,2.25
2011.11.23 06:33:58.853,0.7444,0.74456,2.25,1.50
2011.11.23 06:33:58.975,0.7444,0.74456,3.00,1.50
2011.11.23 06:33:59.356,0.74441,0.74454,1.50,1.50
2011.11.23 06:33:59.479,0.74447,0.74465,1.50,2.25
2011.11.23 06:34:01.199,0.74447,0.74465,1.50,2.25
2011.11.23 06:34:03.295,0.74446,0.74464,2.25,1.50
2011.11.23 06:34:03.869,0.74447,0.74465,2.25,2.25
2011.11.23 06:34:09.698,0.74447,0.74465,2.25,2.25
2011.11.23 06:34:12.558,0.74447,0.74463,2.25,2.25
2011.11.23 06:34:15.279,0.74447,0.74465,2.25,2.25
2011.11.23 06:34:15.921,0.74447,0.74465,2.25,2.25
2011.11.23 06:34:16.049,0.74444,0.74462,1.50,1.50
2011.11.23 06:34:16.291,0.74444,0.74462,1.50,2.25
2011.11.23 06:34:16.645,0.74423,0.7443,1.16,1.50
2011.11.23 06:34:16.762,0.74406,0.74432,1.69,1.50
2011.11.23 06:34:17.001,0.74402,0.74432,2.25,2.25
2011.11.23 06:34:17.243,0.74403,0.74432,2.25,1.50
2011.11.23 06:34:17.721,0.74411,0.74438,2.25,1.50
2011.11.23 06:34:17.951,0.74415,0.74439,1.50,2.25
2011.11.23 06:34:18.400,0.74415,0.74439,2.25,1.50
2011.11.23 06:34:18.642,0.74423,0.74439,1.50,1.50
2011.11.23 06:34:18.990,0.74423,0.74439,2.25,1.50
2011.11.23 06:34:19.511,0.74433,0.74449,1.50,2.25
2011.11.23 06:34:19.865,0.74441,0.74455,1.50,1.13
