2009.05.26 16:00:04.521,0.6216,0.62205,7.20,4.00
2009.05.26 16:00:04.871,0.62175,0.6221,2.40,1.00
2009.05.26 16:00:06.041,0.6218,0.62205,2.40,7.20
2009.05.26 16:00:06.321,0.6216,0.62205,7.20,7.20
2009.05.26 16:00:07.821,0.6216,0.622,7.20,1.60
2009.05.26 16:00:11.310,0.62175,0.622,2.40,1.60
2009.05.26 16:00:11.700,0.62175,0.6221,2.40,1.00
2009.05.26 16:00:13.999,0.62185,0.6221,2.40,1.40
2009.05.26 16:00:16.099,0.62185,0.6221,2.40,1.20
2009.05.26 16:00:19.148,0.62185,0.6221,2.40,1.40
2009.05.26 16:00:19.648,0.62185,0.6221,2.40,1.20
2009.05.26 16:00:20.788,0.6218,0.6221,8.60,1.20
2009.05.26 16:00:21.238,0.6218,0.6221,8.60,1.00
2009.05.26 16:00:21.407,0.62185,0.6221,4.80,1.00
2009.05.26 16:00:22.937,0.62185,0.62205,2.40,1.00
2009.05.26 16:00:24.007,0.62185,0.622,2.40,1.00
2009.05.26 16:00:24.127,0.62185,0.622,2.40,2.40
2009.05.26 16:00:24.597,0.62185,0.622,4.80,2.40
2009.05.26 16:00:24.876,0.62185,0.622,4.80,1.60
2009.05.26 16:00:25.177,0.62185,0.62205,4.80,1.40
2009.05.26 16:00:29.255,0.62185,0.62205,4.80,1.00
2009.05.26 16:00:31.225,0.62185,0.62205,4.80,8.60
2009.05.26 16:00:31.625,0.62185,0.6221,4.80,1.20
2009.05.26 16:00:34.254,0.62185,0.6221,4.80,1.00
2009.05.26 16:00:39.213,0.62195,0.6223,2.40,3.20
2009.05.26 16:00:48.881,0.62195,0.6223,2.40,1.40
2009.05.26 16:00:49.061,0.62195,0.6223,2.40,1.20
2009.05.26 16:01:07.356,0.62195,0.6223,3.80,1.20
2009.05.26 16:01:07.476,0.622,0.6223,7.20,3.40
2009.05.26 16:01:07.526,0.622,0.6223,7.20,3.60
2009.05.26 16:01:08.146,0.622,0.6223,7.20,5.00
2009.05.26 16:01:09.176,0.622,0.6223,7.20,4.60
2009.05.26 16:01:19.074,0.622,0.6223,7.20,3.20
2009.05.26 16:01:19.183,0.622,0.6223,7.20,1.20
2009.05.26 16:01:20.143,0.6222,0.6223,3.40,1.20
2009.05.26 16:01:20.603,0.6222,0.6223,3.40,3.20
2009.05.26 16:01:20.893,0.6222,0.6223,3.40,3.60
2009.05.26 16:01:21.193,0.6222,0.6223,2.40,3.60
2009.05.26 16:01:21.423,0.6222,0.6223,2.40,3.20
2009.05.26 16:01:21.713,0.6222,0.6223,1.60,3.20
2009.05.26 16:01:21.823,0.6222,0.6223,1.00,3.20
2009.05.26 16:01:26.262,0.6222,0.6223,1.00,3.20
2009.05.26 16:01:26.492,0.622,0.6223,7.20,3.20
2009.05.26 16:01:29.121,0.622,0.6223,7.20,3.60
2009.05.26 16:01:32.610,0.62215,0.6223,1.40,3.60
2009.05.26 16:01:32.900,0.62215,0.6223,3.00,3.60
2009.05.26 16:01:34.040,0.62215,0.6223,3.00,3.80
2009.05.26 16:01:35.170,0.6222,0.6223,1.60,3.80
2009.05.26 16:01:35.409,0.62215,0.6223,9.60,3.80
2009.05.26 16:01:36.729,0.62215,0.6223,9.60,2.40
2009.05.26 16:01:40.098,0.62215,0.6223,9.60,2.80
2009.05.26 16:01:40.438,0.62215,0.6223,9.60,2.40
2009.05.26 16:01:40.828,0.62215,0.6223,9.60,2.60
2009.05.26 16:01:42.868,0.62215,0.6223,4.80,2.60
2009.05.26 16:01:43.158,0.62215,0.6223,4.80,2.20
2009.05.26 16:01:43.847,0.62215,0.6223,4.80,2.20
2009.05.26 16:01:44.317,0.62215,0.6223,4.80,3.80
2009.05.26 16:01:44.537,0.6221,0.6223,14.40,3.80
2009.05.26 16:01:46.377,0.6221,0.6223,14.40,3.60
2009.05.26 16:01:46.777,0.6221,0.6223,14.40,3.00
2009.05.26 16:01:47.727,0.62215,0.6223,4.80,1.60
2009.05.26 16:01:47.957,0.6222,0.6223,4.80,1.60
2009.05.26 16:01:48.287,0.6222,0.6223,4.80,1.20
2009.05.26 16:01:54.965,0.6222,0.6223,4.80,1.60
2009.05.26 16:01:57.124,0.6222,0.6223,4.80,1.60
2009.05.26 16:01:57.304,0.6222,0.6223,4.80,1.20
2009.05.26 16:01:57.724,0.6222,0.6223,4.80,2.20
2009.05.26 16:01:57.944,0.62215,0.62225,4.80,5.40
2009.05.26 16:01:58.364,0.6222,0.62225,6.20,4.80
2009.05.26 16:01:58.484,0.6222,0.6223,6.20,1.60
2009.05.26 16:02:03.123,0.6222,0.6223,6.20,2.20
2009.05.26 16:02:07.502,0.6222,0.6223,6.20,2.40
2009.05.26 16:02:09.892,0.62215,0.6223,6.20,2.40
2009.05.26 16:02:17.440,0.62215,0.6223,6.20,2.40
2009.05.26 16:02:17.619,0.62215,0.6223,6.20,1.20
2009.05.26 16:02:19.349,0.62215,0.6223,6.20,2.00
2009.05.26 16:02:19.469,0.62215,0.6223,6.20,2.20
2009.05.26 16:02:21.188,0.62215,0.6223,6.20,1.60
2009.05.26 16:02:22.568,0.62215,0.6223,6.20,1.60
2009.05.26 16:02:22.848,0.62215,0.6223,6.20,1.20
2009.05.26 16:02:28.297,0.62215,0.6223,6.20,1.40
2009.05.26 16:02:28.357,0.62215,0.6223,6.20,1.60
2009.05.26 16:02:30.606,0.62215,0.6223,8.40,1.60
2009.05.26 16:02:30.726,0.6223,0.6224,6.20,2.30
2009.05.26 16:02:30.846,0.6224,0.6225,8.00,1.60
2009.05.26 16:02:31.116,0.6224,0.6225,10.40,3.20
2009.05.26 16:02:31.226,0.62235,0.6224,8.00,1.00
2009.05.26 16:02:31.396,0.6223,0.6224,11.00,1.00
2009.05.26 16:02:31.666,0.6223,0.6224,6.20,1.00
2009.05.26 16:02:32.816,0.6223,0.6224,4.80,1.00
2009.05.26 16:02:33.116,0.6222,0.6224,9.60,1.00
2009.05.26 16:02:33.565,0.6222,0.6224,11.20,1.40
2009.05.26 16:02:33.965,0.6222,0.6224,11.20,1.80
2009.05.26 16:02:34.425,0.6222,0.6224,11.20,1.20
2009.05.26 16:02:36.965,0.6222,0.6224,13.60,1.20
2009.05.26 16:02:38.134,0.6222,0.6223,13.60,1.00
2009.05.26 16:02:38.244,0.6222,0.6223,13.60,1.00
2009.05.26 16:02:39.544,0.6222,0.6223,13.60,1.20
2009.05.26 16:02:41.704,0.6222,0.6223,13.60,1.00
2009.05.26 16:02:42.004,0.6222,0.6223,13.60,1.00
2009.05.26 16:02:43.423,0.6222,0.6223,5.50,1.00
2009.05.26 16:02:46.922,0.6223,0.6224,2.40,1.00
2009.05.26 16:02:46.972,0.6223,0.6224,2.40,1.00
2009.05.26 16:02:47.152,0.6222,0.6223,5.50,1.40
2009.05.26 16:02:47.262,0.62225,0.6223,2.40,1.40
2009.05.26 16:02:47.432,0.62225,0.6223,2.40,1.00
2009.05.26 16:02:47.612,0.6224,0.6227,2.60,4.60
2009.05.26 16:02:48.292,0.6224,0.6227,2.60,3.20
2009.05.26 16:02:48.582,0.6224,0.6228,1.60,2.20
2009.05.26 16:02:48.752,0.62225,0.6227,2.40,5.20
2009.05.26 16:02:49.042,0.6223,0.62275,2.40,5.20
2009.05.26 16:02:51.741,0.62225,0.6226,2.40,1.40
2009.05.26 16:02:53.951,0.62225,0.62255,2.40,1.00
2009.05.26 16:02:54.121,0.62225,0.62255,2.40,1.00
2009.05.26 16:03:05.908,0.6224,0.62255,1.40,1.00
2009.05.26 16:03:06.468,0.62245,0.6227,2.80,3.00
2009.05.26 16:03:06.808,0.62245,0.6227,1.00,3.20
2009.05.26 16:03:07.268,0.6226,0.6227,1.00,3.00
2009.05.26 16:03:07.497,0.6226,0.6227,1.00,2.00
2009.05.26 16:03:07.618,0.6226,0.6227,1.00,3.00
2009.05.26 16:03:08.197,0.62245,0.6227,7.80,3.20
2009.05.26 16:03:08.317,0.6224,0.62255,7.20,1.00
2009.05.26 16:03:08.477,0.6224,0.6225,1.60,1.40
2009.05.26 16:03:08.777,0.62235,0.6224,8.00,1.40
2009.05.26 16:03:09.047,0.62225,0.6224,2.40,1.40
2009.05.26 16:03:09.227,0.62225,0.6224,1.60,4.60
2009.05.26 16:03:11.517,0.6222,0.6224,4.80,3.20
2009.05.26 16:03:11.806,0.6222,0.6225,4.80,4.60
2009.05.26 16:03:12.716,0.6222,0.6224,4.80,1.40
2009.05.26 16:03:13.006,0.6222,0.6224,4.80,4.60
2009.05.26 16:03:26.393,0.6222,0.6224,4.80,3.20
2009.05.26 16:03:26.623,0.6222,0.6224,4.80,1.60
2009.05.26 16:03:26.913,0.6222,0.6225,4.80,4.60
2009.05.26 16:03:27.082,0.6222,0.6224,3.20,1.40
2009.05.26 16:03:27.253,0.6222,0.6224,4.80,3.20
2009.05.26 16:03:27.363,0.6222,0.6224,4.80,1.60
2009.05.26 16:03:27.593,0.6222,0.6225,4.80,6.20
2009.05.26 16:03:27.763,0.6222,0.6225,4.80,4.60
2009.05.26 16:03:29.452,0.6223,0.6225,4.80,3.20
2009.05.26 16:03:29.632,0.62235,0.6226,2.40,4.60
2009.05.26 16:03:29.862,0.6223,0.6226,4.80,4.60
2009.05.26 16:03:35.730,0.62225,0.62275,3.00,2.00
2009.05.26 16:03:40.199,0.62225,0.62275,2.40,2.00
2009.05.26 16:03:41.409,0.62225,0.6226,2.40,1.40
2009.05.26 16:03:41.649,0.62215,0.6225,2.40,3.00
2009.05.26 16:03:41.929,0.62215,0.6225,2.40,4.60
2009.05.26 16:03:42.439,0.6222,0.6225,4.80,4.60
2009.05.26 16:03:44.368,0.62215,0.62265,7.20,2.00
2009.05.26 16:03:46.268,0.62215,0.6226,2.40,4.60
2009.05.26 16:03:46.498,0.6221,0.6226,2.40,5.20
2009.05.26 16:03:47.818,0.62215,0.6226,2.40,5.20
2009.05.26 16:03:47.937,0.62215,0.6226,3.60,5.20
2009.05.26 16:03:48.108,0.62215,0.6226,3.40,5.20
2009.05.26 16:03:48.278,0.62215,0.6226,3.00,5.20
2009.05.26 16:03:49.267,0.62215,0.6226,4.60,5.20
2009.05.26 16:03:49.567,0.6223,0.6226,2.40,1.60
2009.05.26 16:03:49.797,0.6223,0.6227,2.40,4.60
2009.05.26 16:03:50.087,0.6223,0.6227,2.40,6.40
2009.05.26 16:03:50.317,0.6223,0.6226,2.40,3.00
2009.05.26 16:03:50.617,0.6223,0.6226,2.40,4.60
2009.05.26 16:03:50.847,0.6223,0.6227,2.40,6.20
2009.05.26 16:03:54.156,0.6223,0.6227,2.40,5.60
2009.05.26 16:03:54.336,0.6223,0.6227,2.40,5.20
2009.05.26 16:03:56.496,0.6223,0.6226,2.40,1.40
2009.05.26 16:03:56.665,0.6223,0.6226,2.40,4.60
2009.05.26 16:03:56.846,0.6223,0.6226,2.40,1.60
2009.05.26 16:03:57.125,0.6223,0.6227,2.40,6.20
2009.05.26 16:03:57.305,0.6223,0.6227,2.40,5.20
2009.05.26 16:03:57.485,0.6223,0.6227,2.40,5.60
2009.05.26 16:03:57.646,0.6223,0.6227,2.40,6.20
2009.05.26 16:03:57.815,0.6223,0.6226,2.40,1.40
2009.05.26 16:03:58.176,0.6223,0.6227,2.40,6.20
2009.05.26 16:03:58.985,0.6223,0.6227,2.40,6.40
2009.05.26 16:03:59.165,0.6223,0.6226,2.40,1.40
2009.05.26 16:03:59.455,0.6223,0.6226,2.40,3.00
2009.05.26 16:03:59.575,0.6223,0.6226,2.40,4.60
2009.05.26 16:04:01.855,0.6223,0.6226,2.40,3.20
2009.05.26 16:04:02.194,0.6223,0.6226,2.40,1.60
2009.05.26 16:04:02.254,0.6223,0.6227,2.40,6.80
2009.05.26 16:04:04.184,0.6223,0.6227,2.40,6.40
2009.05.26 16:04:04.654,0.6224,0.6227,1.40,6.40
2009.05.26 16:04:04.884,0.6224,0.6227,10.40,5.00
2009.05.26 16:04:04.943,0.6224,0.6227,10.40,4.60
2009.05.26 16:04:05.243,0.6224,0.6227,8.00,1.80
2009.05.26 16:04:10.122,0.6225,0.6228,6.20,9.40
2009.05.26 16:04:10.542,0.6225,0.6227,6.20,1.40
2009.05.26 16:04:11.312,0.6225,0.6227,6.20,1.00
2009.05.26 16:04:11.472,0.6225,0.6228,6.20,12.60
2009.05.26 16:04:11.852,0.6225,0.6228,4.80,14.20
2009.05.26 16:04:12.082,0.6225,0.6227,1.60,2.20
2009.05.26 16:04:12.352,0.62245,0.6227,8.00,3.00
2009.05.26 16:04:12.412,0.6225,0.6227,6.20,4.80
2009.05.26 16:04:12.642,0.6225,0.6227,6.20,3.20
2009.05.26 16:04:12.752,0.6225,0.6227,6.20,1.60
2009.05.26 16:04:13.142,0.6225,0.6228,6.20,9.40
2009.05.26 16:04:16.831,0.6225,0.6228,4.80,9.40
2009.05.26 16:04:17.121,0.6225,0.6228,1.60,9.00
2009.05.26 16:04:17.470,0.6224,0.6228,9.60,12.20
2009.05.26 16:04:17.860,0.62235,0.62265,4.20,1.00
2009.05.26 16:04:18.200,0.62235,0.6228,2.40,13.00
2009.05.26 16:04:18.600,0.62235,0.6228,2.40,16.20
2009.05.26 16:04:18.830,0.6224,0.6227,1.60,1.40
2009.05.26 16:04:19.111,0.6223,0.6227,12.00,4.60
2009.05.26 16:04:19.990,0.6225,0.6227,1.40,3.20
2009.05.26 16:04:20.340,0.6225,0.62275,1.40,1.00
2009.05.26 16:04:20.620,0.6224,0.62275,4.80,1.00
2009.05.26 16:04:21.010,0.6224,0.6227,1.60,4.60
2009.05.26 16:04:21.400,0.6223,0.6227,12.00,4.60
2009.05.26 16:04:22.609,0.6223,0.6227,12.00,1.40
2009.05.26 16:04:24.719,0.62235,0.6228,2.40,11.40
2009.05.26 16:04:24.839,0.62235,0.6228,2.40,14.60
2009.05.26 16:04:25.129,0.6223,0.6227,12.00,1.40
2009.05.26 16:04:25.369,0.6223,0.6227,12.00,4.60
2009.05.26 16:04:26.219,0.6223,0.6227,10.40,4.60
2009.05.26 16:04:27.738,0.6223,0.6227,12.00,4.60
2009.05.26 16:04:28.088,0.62245,0.6227,4.60,3.20
2009.05.26 16:04:28.378,0.62245,0.6228,9.40,11.40
2009.05.26 16:04:28.598,0.62245,0.62275,9.40,1.00
2009.05.26 16:04:29.048,0.62245,0.6228,9.40,11.40
2009.05.26 16:04:29.268,0.62255,0.6228,9.40,11.60
2009.05.26 16:04:29.618,0.62255,0.6228,9.40,11.40
2009.05.26 16:04:30.058,0.62255,0.6228,9.40,10.00
2009.05.26 16:04:30.348,0.6226,0.6228,1.40,6.80
2009.05.26 16:04:32.627,0.6226,0.6228,3.00,6.80
2009.05.26 16:04:33.457,0.6226,0.6228,1.40,6.80
2009.05.26 16:04:33.697,0.6226,0.6228,3.20,6.80
2009.05.26 16:04:33.967,0.6226,0.6228,3.20,7.40
2009.05.26 16:04:34.357,0.6226,0.6228,3.20,1.40
2009.05.26 16:04:35.007,0.6226,0.6229,3.20,1.40
2009.05.26 16:04:35.346,0.62285,0.6231,1.40,1.60
2009.05.26 16:04:35.706,0.62285,0.6233,1.40,5.40
2009.05.26 16:04:36.056,0.62305,0.6233,2.40,3.80
2009.05.26 16:04:36.416,0.6231,0.6233,2.40,1.40
2009.05.26 16:04:36.656,0.6232,0.6233,2.40,1.40
2009.05.26 16:04:36.886,0.62325,0.6233,2.40,1.00
2009.05.26 16:04:37.106,0.62325,0.6233,2.40,1.00
2009.05.26 16:04:38.396,0.62315,0.6233,2.40,1.00
2009.05.26 16:04:39.105,0.6231,0.6233,2.40,1.00
2009.05.26 16:04:39.555,0.6231,0.6233,2.40,1.40
2009.05.26 16:04:40.785,0.6231,0.6233,2.40,1.00
2009.05.26 16:04:41.675,0.6231,0.6233,2.40,1.40
2009.05.26 16:04:41.965,0.6231,0.6233,2.40,1.80
2009.05.26 16:04:42.424,0.6231,0.6233,4.40,1.80
2009.05.26 16:04:42.654,0.62315,0.6233,2.40,1.80
2009.05.26 16:04:42.874,0.62315,0.6233,7.40,1.80
2009.05.26 16:04:43.104,0.62335,0.6237,2.40,1.60
2009.05.26 16:04:43.344,0.62305,0.62335,4.80,1.00
2009.05.26 16:04:43.524,0.623,0.6235,4.80,1.20
2009.05.26 16:04:43.854,0.623,0.6234,4.80,1.60
2009.05.26 16:04:44.034,0.623,0.6235,4.80,6.20
2009.05.26 16:04:44.375,0.6231,0.6234,4.80,5.20
2009.05.26 16:04:44.824,0.62305,0.62335,11.00,2.20
2009.05.26 16:04:45.184,0.62305,0.62335,4.80,2.20
2009.05.26 16:04:45.654,0.62305,0.6233,4.80,1.40
2009.05.26 16:04:46.014,0.62305,0.62325,4.80,1.60
2009.05.26 16:04:46.294,0.62295,0.6232,7.80,4.60
2009.05.26 16:04:46.943,0.62305,0.6232,4.80,4.60
2009.05.26 16:04:47.293,0.623,0.62315,2.40,2.20
2009.05.26 16:04:47.473,0.62305,0.62315,2.20,2.20
2009.05.26 16:04:47.763,0.62305,0.6235,1.60,1.40
2009.05.26 16:04:47.943,0.623,0.6235,4.80,4.60
2009.05.26 16:04:50.983,0.623,0.62325,1.60,2.00
2009.05.26 16:04:51.213,0.6229,0.6232,1.20,5.20
2009.05.26 16:04:51.712,0.62295,0.6232,8.60,4.60
2009.05.26 16:04:51.942,0.62295,0.6232,8.60,3.20
2009.05.26 16:04:52.232,0.62295,0.6234,8.60,4.60
2009.05.26 16:04:52.412,0.6231,0.62335,1.40,1.00
2009.05.26 16:04:52.692,0.62315,0.62335,4.80,1.00
2009.05.26 16:04:52.862,0.6232,0.62345,1.60,3.00
2009.05.26 16:04:59.460,0.6232,0.6234,1.60,1.40
2009.05.26 16:04:59.630,0.62315,0.6234,6.40,4.60
2009.05.26 16:05:01.380,0.62315,0.6234,6.40,3.20
2009.05.26 16:05:01.660,0.62315,0.62345,6.40,3.00
2009.05.26 16:05:01.830,0.62315,0.62345,4.80,3.00
2009.05.26 16:05:02.500,0.62315,0.6234,4.80,1.40
2009.05.26 16:05:02.610,0.62315,0.6234,4.80,3.00
2009.05.26 16:05:02.960,0.62315,0.6234,4.80,4.60
2009.05.26 16:05:04.689,0.62315,0.6233,6.40,1.60
2009.05.26 16:05:05.039,0.6231,0.6233,1.60,4.60
2009.05.26 16:05:05.329,0.623,0.6233,4.80,4.60
2009.05.26 16:05:08.978,0.6231,0.6233,2.20,4.60
2009.05.26 16:05:09.038,0.6231,0.6233,2.20,3.20
2009.05.26 16:05:09.218,0.6231,0.6233,4.80,3.20
2009.05.26 16:05:09.268,0.62315,0.6233,2.40,4.60
2009.05.26 16:05:09.508,0.62315,0.6233,1.60,1.40
2009.05.26 16:05:09.628,0.62315,0.6233,1.60,4.60
2009.05.26 16:05:10.508,0.62325,0.6233,4.80,3.20
2009.05.26 16:05:10.808,0.62325,0.6239,2.40,2.00
2009.05.26 16:05:11.158,0.6232,0.62355,4.80,1.40
2009.05.26 16:05:11.398,0.6232,0.62365,4.80,4.40
2009.05.26 16:05:11.618,0.6232,0.62365,4.80,1.20
2009.05.26 16:05:11.838,0.62325,0.6235,4.80,1.20
2009.05.26 16:05:12.527,0.6232,0.6235,7.00,1.20
2009.05.26 16:05:13.087,0.62315,0.6235,3.80,1.20
2009.05.26 16:05:13.317,0.62315,0.6235,2.20,1.00
2009.05.26 16:05:14.527,0.62315,0.6234,2.20,1.00
2009.05.26 16:05:14.757,0.62315,0.6234,2.20,1.00
2009.05.26 16:05:15.576,0.6232,0.6234,1.60,2.00
2009.05.26 16:05:15.867,0.62315,0.6234,1.60,5.20
2009.05.26 16:05:17.316,0.62315,0.6234,1.60,4.60
2009.05.26 16:05:23.704,0.62325,0.6234,3.20,3.20
2009.05.26 16:05:23.985,0.62325,0.6235,3.20,4.60
2009.05.26 16:05:24.164,0.62325,0.6235,4.80,4.60
2009.05.26 16:05:24.854,0.62325,0.62355,4.80,2.20
2009.05.26 16:05:25.544,0.62325,0.6235,4.80,4.80
2009.05.26 16:05:25.834,0.62325,0.6235,4.80,5.20
2009.05.26 16:05:26.694,0.6233,0.6235,4.80,3.80
2009.05.26 16:05:26.814,0.62325,0.6234,8.80,1.40
2009.05.26 16:05:26.924,0.62325,0.6234,7.20,1.40
2009.05.26 16:05:27.044,0.62325,0.6234,4.80,4.60
2009.05.26 16:05:27.913,0.62325,0.6233,4.80,1.00
2009.05.26 16:05:28.143,0.62325,0.6233,4.80,1.00
2009.05.26 16:05:28.203,0.62315,0.6232,3.60,1.00
2009.05.26 16:05:28.254,0.62315,0.6232,2.40,1.00
2009.05.26 16:05:28.313,0.6231,0.6232,4.80,1.00
2009.05.26 16:05:28.423,0.6231,0.6232,6.40,1.00
2009.05.26 16:05:28.953,0.6231,0.6233,6.40,1.00
2009.05.26 16:05:29.063,0.62315,0.6233,1.60,1.00
2009.05.26 16:05:29.243,0.6231,0.6233,4.80,2.00
2009.05.26 16:05:29.353,0.6231,0.6233,3.20,5.20
2009.05.26 16:05:29.453,0.6231,0.6232,3.20,1.40
2009.05.26 16:05:29.513,0.62305,0.6232,7.20,1.40
2009.05.26 16:05:29.633,0.62305,0.6232,7.20,3.00
2009.05.26 16:05:29.753,0.62305,0.6232,7.20,4.60
2009.05.26 16:05:30.643,0.62305,0.6232,7.20,5.20
2009.05.26 16:05:31.513,0.62305,0.6232,7.20,4.60
2009.05.26 16:05:32.312,0.6231,0.6232,2.40,4.60
2009.05.26 16:05:32.372,0.6231,0.6232,7.00,4.60
2009.05.26 16:05:32.553,0.62315,0.6232,2.40,3.20
2009.05.26 16:05:32.672,0.62315,0.6233,2.40,2.00
2009.05.26 16:05:32.782,0.62315,0.6233,4.60,2.00
2009.05.26 16:05:33.082,0.6232,0.6233,2.40,4.80
2009.05.26 16:05:33.202,0.6232,0.6233,9.40,1.60
2009.05.26 16:05:33.432,0.6232,0.6234,8.80,1.00
2009.05.26 16:05:33.772,0.6232,0.6234,7.20,1.00
2009.05.26 16:05:35.951,0.6232,0.6234,4.80,1.00
2009.05.26 16:05:37.051,0.62315,0.6232,5.50,1.00
2009.05.26 16:05:37.281,0.62315,0.6232,5.50,1.00
2009.05.26 16:05:39.171,0.62315,0.6232,5.50,1.00
2009.05.26 16:05:39.521,0.6232,0.6233,4.80,1.00
2009.05.26 16:05:40.251,0.6232,0.62365,4.80,2.00
2009.05.26 16:05:40.880,0.6232,0.6235,4.80,1.00
2009.05.26 16:05:41.500,0.6232,0.6234,4.80,1.20
2009.05.26 16:05:41.961,0.6232,0.6234,7.20,1.20
2009.05.26 16:05:42.140,0.6232,0.6234,7.20,1.00
2009.05.26 16:05:42.360,0.6232,0.6234,7.20,1.00
2009.05.26 16:05:42.480,0.6232,0.6235,7.20,5.20
2009.05.26 16:05:42.590,0.6232,0.6234,7.20,1.00
2009.05.26 16:05:42.700,0.6232,0.6234,7.20,1.00
2009.05.26 16:05:49.988,0.6232,0.6235,7.20,4.60
2009.05.26 16:05:52.508,0.6232,0.6235,7.20,5.00
2009.05.26 16:05:52.617,0.6232,0.6235,7.20,5.40
2009.05.26 16:05:52.788,0.62325,0.6235,1.40,5.40
2009.05.26 16:05:52.898,0.6233,0.6234,4.80,1.00
2009.05.26 16:05:53.947,0.6233,0.6234,4.80,1.00
2009.05.26 16:05:54.247,0.6233,0.6234,4.80,1.20
2009.05.26 16:05:58.646,0.62325,0.6234,11.80,1.20
2009.05.26 16:05:58.696,0.62325,0.6234,4.80,1.00
2009.05.26 16:05:58.756,0.62325,0.6234,4.80,1.00
2009.05.26 16:05:59.806,0.6233,0.6234,4.80,1.00
2009.05.26 16:05:59.966,0.6233,0.6234,4.80,1.20
2009.05.26 16:06:00.196,0.62325,0.6234,4.80,5.20
2009.05.26 16:06:00.696,0.6233,0.6234,4.80,3.80
2009.05.26 16:06:00.926,0.6233,0.6234,4.80,1.20
2009.05.26 16:06:01.695,0.6233,0.6235,4.80,1.20
2009.05.26 16:06:04.645,0.6233,0.6234,4.80,1.00
2009.05.26 16:06:05.065,0.6233,0.6234,4.80,1.00
2009.05.26 16:06:05.235,0.6233,0.6235,4.80,1.00
2009.05.26 16:06:05.514,0.6233,0.6235,3.20,3.60
2009.05.26 16:06:05.904,0.62325,0.6234,4.80,1.00
2009.05.26 16:06:06.255,0.62325,0.6235,4.80,1.40
2009.05.26 16:06:06.594,0.6232,0.6235,7.20,2.20
2009.05.26 16:06:06.884,0.6232,0.6233,4.80,1.20
2009.05.26 16:06:07.334,0.6232,0.6233,4.80,1.20
2009.05.26 16:06:08.324,0.62315,0.6232,1.60,1.00
2009.05.26 16:06:08.544,0.6231,0.6232,4.80,1.00
2009.05.26 16:06:09.484,0.6231,0.6232,2.40,1.00
2009.05.26 16:06:10.223,0.6231,0.6232,2.40,1.00
2009.05.26 16:06:10.393,0.6231,0.62325,2.40,1.00
2009.05.26 16:06:11.553,0.6231,0.6232,2.40,1.40
2009.05.26 16:06:11.723,0.6231,0.6232,2.40,4.60
2009.05.26 16:06:11.943,0.6231,0.6232,2.40,5.40
2009.05.26 16:06:12.123,0.6231,0.6232,1.60,5.40
2009.05.26 16:06:12.243,0.6231,0.6232,1.60,4.00
2009.05.26 16:06:12.473,0.6231,0.6232,1.60,2.40
2009.05.26 16:06:12.933,0.6231,0.6232,1.60,1.60
2009.05.26 16:06:13.163,0.6231,0.6236,1.60,6.00
2009.05.26 16:06:13.223,0.62315,0.62345,2.40,1.60
2009.05.26 16:06:13.402,0.62315,0.6233,2.40,4.60
2009.05.26 16:06:13.453,0.6231,0.6233,1.60,4.60
2009.05.26 16:06:16.822,0.6231,0.6232,1.20,4.60
2009.05.26 16:06:17.412,0.6229,0.62295,3.60,1.40
2009.05.26 16:06:17.811,0.6231,0.62335,1.00,4.00
2009.05.26 16:06:17.991,0.6231,0.62335,1.00,1.40
2009.05.26 16:06:18.161,0.6231,0.62315,1.00,4.60
2009.05.26 16:06:18.341,0.623,0.62305,1.80,1.40
2009.05.26 16:06:18.581,0.6231,0.6232,1.00,1.00
2009.05.26 16:06:19.061,0.623,0.6231,1.20,1.00
2009.05.26 16:06:19.331,0.623,0.6231,1.20,2.00
2009.05.26 16:06:19.621,0.6229,0.623,1.70,1.00
2009.05.26 16:06:20.191,0.6231,0.62315,1.00,4.00
2009.05.26 16:06:21.401,0.6229,0.62295,1.20,1.00
2009.05.26 16:06:21.571,0.623,0.62305,1.00,1.00
2009.05.26 16:06:21.810,0.6228,0.62285,1.20,1.00
2009.05.26 16:06:22.141,0.62225,0.62285,2.20,1.00
2009.05.26 16:06:22.370,0.62255,0.62285,4.00,1.00
2009.05.26 16:06:22.900,0.62255,0.62295,4.00,1.00
2009.05.26 16:06:23.070,0.62255,0.6227,4.00,1.40
2009.05.26 16:06:23.471,0.6227,0.6228,4.00,1.00
2009.05.26 16:06:23.750,0.6221,0.62285,4.60,1.00
2009.05.26 16:06:24.030,0.6221,0.6228,2.40,3.20
2009.05.26 16:06:24.310,0.6221,0.6226,2.40,1.40
2009.05.26 16:06:24.430,0.622,0.6225,2.80,1.40
2009.05.26 16:06:24.550,0.6221,0.6225,2.20,1.40
2009.05.26 16:06:24.720,0.6222,0.6225,2.40,3.20
2009.05.26 16:06:25.070,0.62215,0.62265,4.60,1.00
2009.05.26 16:06:25.410,0.6222,0.62265,1.00,1.00
2009.05.26 16:06:25.750,0.62215,0.62265,5.40,1.00
2009.05.26 16:06:25.970,0.62225,0.62265,3.80,1.00
2009.05.26 16:06:26.200,0.6224,0.62285,2.20,1.00
2009.05.26 16:06:26.440,0.6224,0.6229,4.60,4.60
2009.05.26 16:06:26.670,0.62245,0.6229,1.60,3.00
2009.05.26 16:06:27.259,0.6227,0.6229,2.20,3.00
2009.05.26 16:06:27.439,0.6227,0.6229,2.20,1.60
2009.05.26 16:06:27.669,0.6226,0.6228,7.40,1.40
2009.05.26 16:06:27.899,0.6226,0.6228,2.20,6.20
2009.05.26 16:06:27.959,0.6225,0.6226,2.20,1.40
2009.05.26 16:06:28.059,0.6225,0.6226,1.60,3.00
2009.05.26 16:06:28.169,0.6224,0.6226,3.20,4.60
2009.05.26 16:06:28.339,0.62225,0.6226,3.00,4.60
2009.05.26 16:06:28.739,0.6223,0.6226,1.00,4.60
2009.05.26 16:06:28.849,0.62235,0.6226,2.20,3.20
2009.05.26 16:06:29.019,0.6222,0.62235,3.20,1.60
2009.05.26 16:06:29.259,0.6222,0.6223,7.40,1.40
2009.05.26 16:06:29.309,0.6222,0.62235,6.40,4.60
2009.05.26 16:06:29.429,0.6222,0.62235,1.60,4.60
2009.05.26 16:06:29.599,0.62225,0.6224,2.40,3.20
2009.05.26 16:06:29.719,0.6221,0.6222,7.40,1.40
2009.05.26 16:06:29.879,0.6221,0.6222,7.20,1.40
2009.05.26 16:06:29.989,0.6223,0.62235,2.60,3.60
2009.05.26 16:06:30.159,0.6223,0.6228,3.00,1.00
2009.05.26 16:06:30.379,0.6223,0.6228,5.00,1.00
2009.05.26 16:06:30.609,0.6223,0.6228,1.00,1.00
2009.05.26 16:06:30.848,0.6223,0.6229,2.40,1.00
2009.05.26 16:06:31.069,0.6225,0.6229,1.00,1.00
2009.05.26 16:06:31.988,0.6223,0.6228,2.40,1.00
2009.05.26 16:06:32.268,0.62235,0.62285,2.40,1.00
2009.05.26 16:06:32.388,0.62225,0.62265,7.20,1.00
2009.05.26 16:06:32.568,0.6223,0.62265,3.20,1.00
2009.05.26 16:06:32.688,0.62235,0.62275,2.40,1.00
2009.05.26 16:06:32.808,0.62235,0.6228,2.40,9.60
2009.05.26 16:06:32.928,0.62235,0.6228,2.40,3.20
2009.05.26 16:06:33.268,0.6224,0.62285,2.20,1.40
2009.05.26 16:06:33.388,0.62255,0.62285,2.40,1.00
2009.05.26 16:06:33.498,0.62255,0.6229,2.40,1.60
2009.05.26 16:06:33.618,0.62255,0.6228,2.40,1.40
2009.05.26 16:06:33.788,0.62255,0.6228,2.40,1.60
2009.05.26 16:06:33.908,0.6225,0.6227,1.00,1.00
2009.05.26 16:06:34.078,0.6223,0.6227,1.00,1.00
2009.05.26 16:06:34.298,0.62225,0.6227,3.00,1.00
2009.05.26 16:06:34.877,0.62235,0.6227,2.20,1.00
2009.05.26 16:06:35.177,0.62245,0.6228,2.40,6.20
2009.05.26 16:06:35.297,0.6223,0.6228,2.40,3.60
2009.05.26 16:06:35.467,0.62235,0.6228,2.40,3.80
2009.05.26 16:06:35.797,0.62235,0.6228,2.40,1.00
2009.05.26 16:06:36.217,0.6224,0.6228,2.20,1.00
2009.05.26 16:06:36.447,0.6224,0.62285,2.40,1.00
2009.05.26 16:06:36.677,0.6223,0.62265,1.60,1.00
2009.05.26 16:06:36.977,0.6222,0.62265,2.40,1.00
2009.05.26 16:06:37.607,0.6223,0.62265,2.20,1.00
2009.05.26 16:06:37.947,0.6223,0.62265,1.60,1.00
2009.05.26 16:06:38.067,0.62215,0.62265,4.60,1.00
2009.05.26 16:06:39.596,0.62225,0.62265,2.20,1.00
2009.05.26 16:06:39.646,0.62225,0.62265,2.80,1.00
2009.05.26 16:06:39.826,0.62225,0.62275,5.00,1.40
2009.05.26 16:06:39.886,0.62225,0.62275,4.60,1.00
2009.05.26 16:06:40.056,0.6223,0.6227,2.40,4.00
2009.05.26 16:06:40.226,0.62195,0.62255,12.60,1.00
2009.05.26 16:06:40.396,0.62195,0.62255,4.60,1.00
2009.05.26 16:06:41.136,0.6222,0.62255,2.20,1.00
2009.05.26 16:06:41.306,0.6222,0.6227,1.60,1.00
2009.05.26 16:06:41.476,0.62205,0.62265,4.60,1.00
2009.05.26 16:06:42.156,0.62235,0.62275,2.40,1.00
2009.05.26 16:06:42.276,0.62235,0.6228,4.60,1.60
2009.05.26 16:06:42.395,0.62235,0.62285,4.60,1.00
2009.05.26 16:06:42.565,0.6224,0.62285,2.40,1.00
2009.05.26 16:06:42.625,0.62255,0.62285,2.20,1.00
2009.05.26 16:06:42.915,0.6226,0.623,2.40,4.80
2009.05.26 16:06:42.975,0.6226,0.623,2.40,1.60
2009.05.26 16:06:43.035,0.6226,0.623,2.40,4.00
2009.05.26 16:06:43.155,0.62245,0.62295,2.40,3.80
2009.05.26 16:06:51.004,0.62245,0.62295,3.00,3.80
2009.05.26 16:06:52.093,0.62255,0.62305,2.40,3.80
2009.05.26 16:06:52.213,0.62255,0.62305,7.20,1.00
2009.05.26 16:06:52.383,0.62255,0.62305,7.20,4.80
2009.05.26 16:06:52.433,0.6226,0.62305,2.40,5.40
2009.05.26 16:06:52.493,0.6225,0.6229,1.20,1.00
2009.05.26 16:06:52.603,0.6225,0.62285,1.00,3.20
2009.05.26 16:06:52.653,0.6225,0.62285,1.00,3.20
2009.05.26 16:06:52.893,0.6224,0.6228,1.20,1.00
2009.05.26 16:06:53.123,0.6224,0.62275,1.20,1.00
2009.05.26 16:06:53.423,0.62235,0.62275,3.20,1.00
2009.05.26 16:06:53.643,0.6224,0.6228,2.40,4.00
2009.05.26 16:06:53.763,0.6224,0.62265,1.20,1.00
2009.05.26 16:06:57.672,0.6224,0.62265,1.00,1.00
2009.05.26 16:06:57.902,0.6224,0.62265,1.00,1.00
2009.05.26 16:06:58.082,0.6224,0.62265,1.00,3.80
2009.05.26 16:06:58.262,0.6224,0.62255,1.00,1.00
2009.05.26 16:06:58.732,0.6224,0.6227,1.00,5.20
2009.05.26 16:06:58.912,0.6224,0.6227,1.00,3.80
2009.05.26 16:06:59.022,0.6224,0.62255,1.00,1.00
2009.05.26 16:07:01.181,0.62195,0.62255,4.60,1.00
2009.05.26 16:07:01.871,0.6221,0.62255,1.00,1.00
2009.05.26 16:07:02.101,0.6221,0.62255,1.20,1.00
2009.05.26 16:07:04.140,0.6222,0.6226,1.20,1.00
2009.05.26 16:07:04.380,0.6223,0.6227,4.60,1.00
2009.05.26 16:07:04.670,0.62235,0.62285,5.40,8.60
2009.05.26 16:07:05.020,0.6224,0.6227,1.00,1.00
2009.05.26 16:07:06.000,0.6224,0.62285,2.40,3.20
2009.05.26 16:07:08.499,0.6224,0.6228,2.20,1.00
2009.05.26 16:07:08.679,0.62245,0.6229,2.40,1.00
2009.05.26 16:07:08.839,0.62245,0.62295,2.40,3.80
2009.05.26 16:07:08.999,0.62245,0.6229,2.40,4.00
2009.05.26 16:07:09.219,0.6224,0.62275,1.80,1.00
2009.05.26 16:07:09.449,0.6224,0.62275,1.00,1.00
2009.05.26 16:07:09.799,0.6224,0.6227,1.00,1.40
2009.05.26 16:07:09.969,0.6224,0.62265,1.00,1.00
2009.05.26 16:07:10.199,0.62225,0.62265,2.80,1.00
2009.05.26 16:07:10.489,0.6223,0.62255,1.00,1.00
2009.05.26 16:07:10.729,0.6223,0.6226,1.00,1.00
2009.05.26 16:07:11.639,0.62225,0.62275,3.00,1.00
2009.05.26 16:07:11.808,0.6223,0.62255,1.00,1.00
2009.05.26 16:07:12.789,0.6223,0.62255,1.00,1.00
2009.05.26 16:07:12.958,0.6222,0.62265,2.40,1.00
2009.05.26 16:07:13.068,0.6222,0.6227,2.40,10.00
2009.05.26 16:07:13.368,0.62215,0.62255,1.60,1.00
2009.05.26 16:07:13.488,0.62205,0.62255,9.40,1.00
2009.05.26 16:07:13.728,0.62215,0.62265,2.40,1.00
2009.05.26 16:07:14.608,0.62225,0.62265,2.20,1.00
2009.05.26 16:07:14.778,0.62235,0.62275,4.60,3.80
2009.05.26 16:07:14.888,0.62245,0.62295,2.40,4.60
2009.05.26 16:07:14.998,0.6221,0.6228,4.60,1.00
2009.05.26 16:07:15.907,0.62225,0.6228,2.20,1.00
2009.05.26 16:07:16.307,0.62235,0.62285,2.40,10.20
2009.05.26 16:07:16.578,0.62225,0.62275,4.60,1.00
2009.05.26 16:07:17.627,0.6224,0.6229,2.40,1.60
2009.05.26 16:07:17.797,0.6224,0.6229,2.40,3.20
2009.05.26 16:07:17.957,0.6223,0.6228,1.00,1.00
2009.05.26 16:07:18.407,0.6223,0.6228,1.00,1.00
2009.05.26 16:07:18.627,0.6223,0.6228,4.60,1.00
2009.05.26 16:07:18.867,0.6224,0.6228,2.20,1.00
2009.05.26 16:07:19.157,0.62245,0.62285,2.40,3.20
2009.05.26 16:07:19.437,0.62225,0.62275,4.60,1.00
2009.05.26 16:07:20.337,0.62235,0.62285,4.60,1.00
2009.05.26 16:07:20.676,0.62225,0.62275,5.40,1.00
2009.05.26 16:07:20.966,0.62225,0.62275,4.60,1.00
2009.05.26 16:07:21.656,0.62235,0.62285,2.40,1.40
2009.05.26 16:07:21.776,0.62235,0.62285,4.60,1.40
2009.05.26 16:07:21.946,0.62235,0.62285,4.60,1.00
2009.05.26 16:07:24.356,0.62235,0.62275,2.80,1.00
2009.05.26 16:07:24.585,0.62245,0.6229,2.40,7.80
2009.05.26 16:07:24.866,0.62235,0.62275,3.00,1.00
2009.05.26 16:07:25.045,0.6224,0.6227,1.00,1.00
2009.05.26 16:07:25.945,0.6224,0.6228,2.40,2.20
2009.05.26 16:07:26.396,0.6224,0.6229,2.40,4.80
2009.05.26 16:07:26.865,0.6224,0.62275,1.20,1.00
2009.05.26 16:07:27.165,0.6224,0.62275,1.00,1.00
2009.05.26 16:07:27.505,0.62235,0.62275,2.80,1.00
2009.05.26 16:07:27.685,0.6224,0.6229,4.60,1.00
2009.05.26 16:07:27.855,0.6224,0.62275,2.00,1.00
2009.05.26 16:07:28.195,0.6224,0.62275,1.00,1.00
2009.05.26 16:07:28.484,0.6224,0.62275,1.20,1.00
2009.05.26 16:07:28.884,0.62235,0.62275,3.20,1.00
2009.05.26 16:07:29.174,0.6224,0.6228,1.40,1.00
2009.05.26 16:07:29.284,0.6224,0.6228,1.20,1.00
2009.05.26 16:07:29.644,0.6224,0.6228,1.20,1.00
2009.05.26 16:07:30.224,0.6224,0.6229,2.40,2.80
2009.05.26 16:07:30.464,0.6224,0.6229,2.40,5.20
2009.05.26 16:07:30.754,0.6224,0.62275,1.00,1.00
2009.05.26 16:07:31.324,0.62225,0.62275,5.40,1.00
2009.05.26 16:07:31.494,0.62225,0.62275,5.60,1.00
2009.05.26 16:07:31.794,0.62235,0.62275,2.60,1.00
2009.05.26 16:07:32.014,0.6224,0.62285,2.40,3.20
2009.05.26 16:07:32.244,0.62225,0.62275,5.80,1.00
2009.05.26 16:07:32.474,0.62225,0.62245,3.40,1.40
2009.05.26 16:07:32.694,0.6223,0.62265,1.20,3.00
2009.05.26 16:07:32.923,0.62225,0.62245,3.40,1.60
2009.05.26 16:07:33.104,0.62225,0.62275,3.00,3.20
2009.05.26 16:07:33.394,0.62225,0.6229,5.40,1.00
2009.05.26 16:07:33.753,0.62235,0.62285,2.40,1.40
2009.05.26 16:07:34.153,0.62235,0.62285,4.60,1.00
2009.05.26 16:07:34.553,0.6224,0.62275,1.40,1.00
2009.05.26 16:07:34.723,0.6224,0.62275,3.20,1.00
2009.05.26 16:07:35.073,0.62245,0.62275,2.20,1.00
2009.05.26 16:07:35.253,0.6225,0.6229,2.40,3.00
2009.05.26 16:07:35.483,0.6226,0.6229,2.40,2.00
2009.05.26 16:07:35.653,0.6224,0.6229,9.20,5.20
2009.05.26 16:07:36.233,0.6223,0.6227,2.20,1.00
2009.05.26 16:07:36.513,0.6224,0.6229,2.40,3.80
2009.05.26 16:07:36.803,0.6224,0.6229,2.40,1.00
2009.05.26 16:07:37.212,0.62235,0.62285,2.40,1.00
2009.05.26 16:07:37.373,0.62245,0.6229,2.40,3.20
2009.05.26 16:07:37.702,0.6225,0.623,2.40,8.60
2009.05.26 16:07:37.882,0.62235,0.62285,3.00,1.00
2009.05.26 16:07:38.112,0.6224,0.62285,1.00,1.00
2009.05.26 16:07:39.012,0.62235,0.62275,2.80,1.00
2009.05.26 16:07:39.132,0.62245,0.6229,2.40,2.00
2009.05.26 16:07:39.482,0.6224,0.62285,2.40,3.20
2009.05.26 16:07:39.652,0.62235,0.6228,2.40,1.00
2009.05.26 16:07:40.972,0.62235,0.6228,2.60,1.00
2009.05.26 16:07:41.322,0.62235,0.62275,1.60,1.00
2009.05.26 16:07:41.612,0.6223,0.62275,2.40,3.80
2009.05.26 16:07:42.011,0.6223,0.6227,1.20,1.00
2009.05.26 16:07:42.301,0.6223,0.6227,1.00,1.00
2009.05.26 16:07:42.691,0.6223,0.62255,1.00,1.00
2009.05.26 16:07:43.141,0.6223,0.62275,1.20,1.00
2009.05.26 16:07:44.251,0.6223,0.62275,2.40,3.20
2009.05.26 16:07:44.431,0.6223,0.62265,1.20,1.00
2009.05.26 16:07:47.040,0.6223,0.6227,1.20,1.00
2009.05.26 16:07:47.270,0.6224,0.6228,2.40,3.80
2009.05.26 16:07:47.500,0.6224,0.6229,2.40,5.20
2009.05.26 16:07:47.680,0.6224,0.62275,1.00,1.00
2009.05.26 16:07:48.660,0.62235,0.62275,2.80,1.00
2009.05.26 16:07:48.770,0.6224,0.6229,2.40,5.40
2009.05.26 16:07:48.940,0.6224,0.62285,2.40,3.20
2009.05.26 16:07:49.120,0.6224,0.62275,1.00,1.00
2009.05.26 16:07:49.939,0.6224,0.62285,2.40,1.00
2009.05.26 16:07:50.059,0.6224,0.6229,2.40,8.40
2009.05.26 16:07:50.239,0.6224,0.6229,2.40,5.20
2009.05.26 16:07:50.349,0.6224,0.62285,2.40,3.20
2009.05.26 16:07:50.509,0.6224,0.62275,1.00,1.00
2009.05.26 16:07:57.517,0.62225,0.62275,4.60,1.00
2009.05.26 16:08:20.182,0.6224,0.62275,1.00,1.00
2009.05.26 16:08:20.942,0.62235,0.62285,3.00,1.40
2009.05.26 16:08:21.352,0.6224,0.6227,1.00,1.00
2009.05.26 16:08:21.762,0.6223,0.6227,1.00,1.00
2009.05.26 16:08:28.380,0.6223,0.6227,1.00,1.00
2009.05.26 16:08:28.490,0.6222,0.6227,4.60,1.00
2009.05.26 16:08:29.470,0.6224,0.62275,2.40,1.00
2009.05.26 16:08:37.308,0.62235,0.62275,2.40,1.00
2009.05.26 16:08:42.107,0.62235,0.62285,5.40,1.00
2009.05.26 16:08:46.236,0.6225,0.62295,8.80,4.20
2009.05.26 16:08:46.406,0.6225,0.62295,7.80,2.80
2009.05.26 16:08:46.746,0.6226,0.6229,2.40,2.20
2009.05.26 16:08:46.926,0.6226,0.6229,2.40,3.60
2009.05.26 16:08:47.146,0.6225,0.6229,7.20,2.20
2009.05.26 16:08:47.485,0.62255,0.6229,2.40,2.20
2009.05.26 16:08:49.375,0.62255,0.623,2.40,8.60
2009.05.26 16:08:49.615,0.62255,0.6229,2.40,1.40
2009.05.26 16:08:49.905,0.6226,0.6229,2.40,3.20
2009.05.26 16:08:50.135,0.6226,0.623,2.40,7.20
2009.05.26 16:08:50.305,0.6225,0.6229,13.60,3.00
2009.05.26 16:08:50.655,0.62255,0.623,2.40,8.60
2009.05.26 16:08:53.555,0.6226,0.623,4.80,8.60
2009.05.26 16:08:53.614,0.6226,0.623,8.00,8.60
2009.05.26 16:08:53.664,0.6226,0.623,10.40,7.80
2009.05.26 16:08:53.844,0.6226,0.623,12.00,7.80
2009.05.26 16:08:54.174,0.6226,0.6229,13.60,2.20
2009.05.26 16:08:54.344,0.6226,0.6229,16.00,2.20
2009.05.26 16:08:54.404,0.62265,0.6229,2.40,2.20
2009.05.26 16:08:56.443,0.6226,0.6229,10.20,2.20
2009.05.26 16:08:57.013,0.6226,0.6229,12.60,2.20
2009.05.26 16:08:57.243,0.62265,0.6229,2.40,2.20
2009.05.26 16:08:58.513,0.62265,0.6229,2.40,2.20
2009.05.26 16:08:58.743,0.62265,0.6229,1.60,2.20
2009.05.26 16:08:59.363,0.6226,0.6229,10.20,2.20
2009.05.26 16:08:59.653,0.6226,0.6229,12.60,2.20
2009.05.26 16:08:59.943,0.62265,0.6229,2.40,2.00
2009.05.26 16:09:00.642,0.62265,0.6229,2.40,2.20
2009.05.26 16:09:02.192,0.62265,0.6229,1.60,2.20
2009.05.26 16:09:02.832,0.62265,0.6229,1.60,2.00
2009.05.26 16:09:03.062,0.62265,0.6229,2.40,2.20
2009.05.26 16:09:06.971,0.62265,0.6229,2.40,2.00
2009.05.26 16:09:07.871,0.62265,0.6229,2.40,2.20
2009.05.26 16:09:09.040,0.62265,0.6229,1.60,2.20
2009.05.26 16:09:13.819,0.62265,0.6229,2.40,2.20
2009.05.26 16:09:30.266,0.62265,0.6229,2.40,2.20
2009.05.26 16:09:31.065,0.62265,0.6229,1.60,2.20
2009.05.26 16:09:31.815,0.62265,0.6229,2.40,2.20
2009.05.26 16:09:32.395,0.6226,0.6228,3.20,1.40
2009.05.26 16:09:32.625,0.6226,0.6228,1.60,1.40
2009.05.26 16:09:32.915,0.6226,0.6228,1.60,4.60
2009.05.26 16:09:33.585,0.62255,0.6228,6.20,4.60
2009.05.26 16:10:04.537,0.62255,0.62285,7.80,2.20
2009.05.26 16:10:04.657,0.6226,0.62285,1.40,2.20
2009.05.26 16:10:04.717,0.62275,0.6228,2.40,3.20
2009.05.26 16:10:04.997,0.62275,0.6228,2.40,1.60
2009.05.26 16:10:05.177,0.6227,0.6229,2.40,1.60
2009.05.26 16:10:05.237,0.6227,0.623,2.40,1.20
2009.05.26 16:10:05.987,0.62275,0.623,2.20,1.00
2009.05.26 16:10:06.317,0.6228,0.62335,2.40,2.60
2009.05.26 16:10:06.536,0.62275,0.6233,2.40,3.80
2009.05.26 16:10:06.706,0.62275,0.6233,2.40,1.00
2009.05.26 16:10:07.346,0.62275,0.623,2.40,1.00
2009.05.26 16:10:07.526,0.6228,0.623,2.40,1.00
2009.05.26 16:10:07.646,0.6228,0.62335,2.40,6.60
2009.05.26 16:10:07.766,0.6228,0.6231,2.40,1.00
2009.05.26 16:10:07.936,0.6228,0.6231,2.40,1.00
2009.05.26 16:10:10.106,0.62275,0.6231,7.00,1.00
2009.05.26 16:10:10.286,0.6227,0.6231,2.40,1.00
2009.05.26 16:10:11.215,0.62285,0.6231,2.40,1.00
2009.05.26 16:10:11.625,0.62285,0.62325,2.40,1.00
2009.05.26 16:10:11.795,0.62275,0.6232,2.40,1.00
2009.05.26 16:10:12.535,0.62275,0.623,9.40,1.00
2009.05.26 16:10:12.925,0.62285,0.623,2.40,1.00
2009.05.26 16:10:13.205,0.6227,0.623,2.40,1.00
2009.05.26 16:10:13.495,0.6227,0.623,2.40,1.00
2009.05.26 16:10:13.785,0.6226,0.6229,9.60,1.40
2009.05.26 16:10:14.064,0.6226,0.6229,11.20,1.40
2009.05.26 16:10:14.414,0.6226,0.6229,7.80,1.40
2009.05.26 16:10:14.704,0.6226,0.6229,6.20,1.40
2009.05.26 16:10:16.404,0.6226,0.62295,6.20,2.20
2009.05.26 16:10:16.524,0.6227,0.62295,7.00,2.20
2009.05.26 16:10:16.704,0.6228,0.623,2.40,1.60
2009.05.26 16:10:16.934,0.62285,0.6232,2.40,1.00
2009.05.26 16:10:17.174,0.62275,0.6231,2.40,1.00
2009.05.26 16:10:19.204,0.62275,0.6232,2.40,1.00
2009.05.26 16:10:19.324,0.62275,0.6231,2.40,1.00
2009.05.26 16:10:20.353,0.62275,0.6231,2.40,3.80
2009.05.26 16:10:20.523,0.6227,0.6229,3.20,1.40
2009.05.26 16:10:20.873,0.6226,0.6229,11.20,4.60
2009.05.26 16:10:21.103,0.6226,0.6229,12.80,4.60
2009.05.26 16:10:21.333,0.6226,0.6229,7.80,4.60
2009.05.26 16:10:23.122,0.6226,0.6229,7.80,3.20
2009.05.26 16:10:23.304,0.62275,0.6229,2.20,1.60
2009.05.26 16:10:23.413,0.6228,0.623,2.40,1.60
2009.05.26 16:10:23.472,0.6228,0.6231,2.40,1.00
2009.05.26 16:10:23.692,0.6228,0.623,2.40,1.00
2009.05.26 16:10:23.802,0.62275,0.623,2.40,1.00
2009.05.26 16:10:23.922,0.62275,0.6231,2.40,1.00
2009.05.26 16:10:24.782,0.62275,0.6231,9.40,1.00
2009.05.26 16:10:24.952,0.6228,0.6231,2.40,1.00
2009.05.26 16:10:25.122,0.6228,0.623,2.40,1.00
2009.05.26 16:10:25.302,0.62285,0.623,2.40,1.00
2009.05.26 16:10:25.462,0.62265,0.623,2.40,1.00
2009.05.26 16:10:25.922,0.62275,0.623,7.00,1.00
2009.05.26 16:10:26.222,0.62285,0.6231,2.40,1.00
2009.05.26 16:10:26.461,0.6228,0.623,2.40,1.00
2009.05.26 16:10:26.642,0.62275,0.6232,2.40,5.20
2009.05.26 16:10:27.241,0.62275,0.6232,2.40,1.00
2009.05.26 16:10:27.941,0.62275,0.6232,2.40,1.20
2009.05.26 16:10:27.991,0.62275,0.6232,2.40,1.20
2009.05.26 16:10:28.331,0.62275,0.6232,2.40,1.00
2009.05.26 16:10:29.861,0.62275,0.6232,2.40,1.20
2009.05.26 16:10:30.331,0.62275,0.6232,2.40,1.20
2009.05.26 16:10:30.491,0.62275,0.6232,2.40,1.00
2009.05.26 16:10:31.480,0.62275,0.6232,2.40,1.20
2009.05.26 16:10:32.500,0.62275,0.6232,2.40,1.00
2009.05.26 16:10:33.150,0.62275,0.6231,2.40,3.00
2009.05.26 16:10:33.310,0.62275,0.6231,2.40,4.60
2009.05.26 16:10:33.840,0.6227,0.62315,2.40,2.00
2009.05.26 16:10:34.070,0.6227,0.62315,2.40,1.00
2009.05.26 16:10:34.770,0.6228,0.6232,2.40,6.20
2009.05.26 16:10:35.100,0.6228,0.6231,2.40,1.40
2009.05.26 16:10:35.210,0.6227,0.6231,3.20,2.00
2009.05.26 16:10:35.320,0.62265,0.6231,2.40,2.00
2009.05.26 16:10:35.430,0.62265,0.623,2.40,1.40
2009.05.26 16:10:35.489,0.62265,0.623,2.40,4.60
2009.05.26 16:10:37.030,0.62265,0.6231,2.40,3.80
2009.05.26 16:10:37.190,0.62265,0.623,2.40,4.60
2009.05.26 16:10:37.410,0.62265,0.623,2.40,1.40
2009.05.26 16:10:43.619,0.62275,0.6231,2.20,1.00
2009.05.26 16:10:43.729,0.62285,0.6231,2.40,1.60
2009.05.26 16:10:43.839,0.62285,0.623,2.40,1.40
2009.05.26 16:10:43.949,0.6225,0.62305,16.60,2.00
2009.05.26 16:10:44.069,0.6225,0.62305,11.80,2.00
2009.05.26 16:10:44.289,0.6225,0.62305,10.20,2.00
2009.05.26 16:10:44.739,0.62265,0.62305,4.80,2.00
2009.05.26 16:10:44.849,0.62265,0.62305,4.80,3.00
2009.05.26 16:10:44.959,0.62275,0.6231,9.40,1.60
2009.05.26 16:10:45.068,0.62285,0.6231,2.40,1.60
2009.05.26 16:10:45.179,0.6228,0.62325,2.40,1.00
2009.05.26 16:10:45.648,0.6228,0.6232,2.40,1.00
2009.05.26 16:10:46.168,0.62285,0.6233,2.40,5.80
2009.05.26 16:10:46.568,0.62275,0.6232,2.40,1.00
2009.05.26 16:10:47.868,0.62275,0.6232,2.40,2.00
2009.05.26 16:10:50.037,0.62285,0.6233,3.00,5.20
2009.05.26 16:10:50.667,0.6229,0.62325,1.00,1.00
2009.05.26 16:10:52.237,0.62285,0.6233,3.00,5.20
2009.05.26 16:10:52.467,0.6229,0.6233,1.00,6.00
2009.05.26 16:10:53.267,0.6229,0.6233,1.00,5.20
2009.05.26 16:10:53.446,0.6229,0.6233,2.40,4.60
2009.05.26 16:10:53.626,0.6229,0.6232,2.40,1.40
2009.05.26 16:10:53.856,0.6229,0.62325,1.00,2.00
2009.05.26 16:10:59.505,0.6229,0.62325,1.00,2.00
2009.05.26 16:10:59.725,0.62285,0.62325,1.60,2.00
2009.05.26 16:10:59.835,0.6229,0.62325,1.00,2.00
2009.05.26 16:11:02.284,0.62285,0.62325,1.60,2.00
2009.05.26 16:11:02.644,0.62285,0.6232,1.60,1.40
2009.05.26 16:11:03.654,0.62285,0.6232,1.60,2.20
2009.05.26 16:11:05.394,0.6229,0.6232,1.00,2.20
2009.05.26 16:11:05.454,0.6229,0.6232,1.00,2.20
2009.05.26 16:11:06.973,0.62285,0.6232,1.60,2.20
2009.05.26 16:11:07.323,0.6229,0.6232,1.00,2.20
2009.05.26 16:11:14.132,0.6228,0.6229,1.60,1.40
2009.05.26 16:11:14.311,0.62275,0.6229,8.60,4.60
2009.05.26 16:11:14.551,0.62275,0.6229,2.20,4.60
2009.05.26 16:11:14.821,0.6227,0.6229,5.20,5.40
2009.05.26 16:11:14.981,0.6227,0.6229,5.60,5.40
2009.05.26 16:11:15.091,0.6227,0.6229,5.40,5.40
2009.05.26 16:11:15.251,0.6227,0.6229,2.20,5.40
2009.05.26 16:11:15.541,0.6227,0.6229,1.00,5.40
2009.05.26 16:11:16.491,0.6227,0.6229,1.00,4.00
2009.05.26 16:11:16.731,0.62285,0.62295,2.40,2.20
2009.05.26 16:11:16.961,0.62285,0.623,2.40,1.60
2009.05.26 16:11:17.251,0.62275,0.6232,10.20,1.00
2009.05.26 16:11:17.491,0.62275,0.6232,3.00,1.00
2009.05.26 16:11:18.360,0.62285,0.6233,2.40,6.00
2009.05.26 16:11:18.411,0.62285,0.6233,2.40,9.20
2009.05.26 16:11:18.590,0.6228,0.62325,2.40,1.00
2009.05.26 16:11:19.530,0.62285,0.6233,2.40,5.20
2009.05.26 16:11:19.880,0.62285,0.62325,2.40,1.00
2009.05.26 16:11:19.940,0.62275,0.6232,3.00,1.00
2009.05.26 16:11:20.870,0.62275,0.6232,7.80,1.00
2009.05.26 16:11:20.980,0.62285,0.6233,2.40,5.20
2009.05.26 16:11:21.270,0.62285,0.6233,2.40,4.60
2009.05.26 16:11:21.430,0.6228,0.62325,2.40,1.00
2009.05.26 16:11:22.460,0.62285,0.6233,2.40,5.20
2009.05.26 16:11:22.689,0.62285,0.62325,2.40,1.00
2009.05.26 16:11:22.859,0.62275,0.6232,3.00,1.00
2009.05.26 16:11:23.669,0.6228,0.6232,2.20,1.00
2009.05.26 16:11:23.839,0.62285,0.6233,2.40,6.00
2009.05.26 16:11:26.428,0.62275,0.6232,7.80,1.00
2009.05.26 16:11:26.649,0.6228,0.6232,2.20,1.00
2009.05.26 16:11:26.828,0.62285,0.6233,2.40,5.20
2009.05.26 16:11:27.118,0.62285,0.6233,2.40,4.60
2009.05.26 16:11:27.288,0.6228,0.62325,2.40,1.00
2009.05.26 16:11:28.258,0.62285,0.62325,2.40,1.00
2009.05.26 16:11:28.428,0.62275,0.6232,2.40,1.00
2009.05.26 16:11:29.238,0.62275,0.6232,8.80,1.00
2009.05.26 16:11:29.348,0.62285,0.6233,2.40,5.20
2009.05.26 16:11:29.648,0.62285,0.62325,2.40,1.00
2009.05.26 16:11:29.768,0.62275,0.6232,4.00,1.00
2009.05.26 16:11:29.878,0.62275,0.6232,2.40,1.00
2009.05.26 16:11:30.698,0.6228,0.6232,2.20,1.00
2009.05.26 16:11:31.038,0.62285,0.6233,2.40,5.20
2009.05.26 16:11:31.328,0.62285,0.6233,2.40,4.60
2009.05.26 16:11:31.557,0.6228,0.62325,2.40,1.00
2009.05.26 16:11:31.737,0.62285,0.6233,2.40,7.80
2009.05.26 16:11:31.977,0.62285,0.6233,2.40,4.60
2009.05.26 16:11:32.277,0.6229,0.6233,2.40,4.60
2009.05.26 16:11:32.577,0.6229,0.6232,2.40,1.40
2009.05.26 16:11:32.857,0.6228,0.62325,7.80,2.00
2009.05.26 16:11:38.146,0.6228,0.623,8.60,3.00
2009.05.26 16:11:38.326,0.6228,0.623,9.80,4.60
2009.05.26 16:11:38.556,0.62275,0.623,8.00,4.60
2009.05.26 16:11:39.935,0.6228,0.623,1.00,4.60
2009.05.26 16:11:40.805,0.6228,0.623,10.40,3.20
2009.05.26 16:11:41.085,0.6229,0.6231,2.40,1.60
2009.05.26 16:11:41.435,0.62285,0.6232,8.20,2.00
2009.05.26 16:11:41.785,0.6229,0.6232,2.40,2.00
2009.05.26 16:11:49.874,0.6229,0.62315,2.40,1.60
2009.05.26 16:11:50.043,0.6228,0.623,3.40,3.00
2009.05.26 16:11:50.223,0.6228,0.623,1.60,4.60
2009.05.26 16:11:54.802,0.62275,0.6229,7.00,4.80
2009.05.26 16:11:55.092,0.62275,0.6229,9.40,3.40
2009.05.26 16:11:55.312,0.62285,0.6229,2.40,1.00
2009.05.26 16:12:10.168,0.62275,0.62285,4.80,3.80
2009.05.26 16:12:10.408,0.6227,0.6228,7.00,1.40
2009.05.26 16:12:10.518,0.6226,0.6228,1.80,4.60
2009.05.26 16:12:10.688,0.6226,0.6228,3.20,4.60
2009.05.26 16:12:12.318,0.6226,0.6228,3.00,4.60
2009.05.26 16:12:12.497,0.6226,0.6228,3.20,4.60
2009.05.26 16:12:13.067,0.6226,0.6228,3.00,4.60
2009.05.26 16:12:19.106,0.6227,0.6228,1.00,4.60
2009.05.26 16:12:20.036,0.6226,0.6228,3.00,4.60
2009.05.26 16:12:20.335,0.6226,0.62285,3.00,2.20
2009.05.26 16:12:36.212,0.6226,0.62285,3.00,3.00
2009.05.26 16:12:52.278,0.6226,0.6228,1.40,3.00
2009.05.26 16:12:52.498,0.6226,0.62275,1.40,1.60
2009.05.26 16:12:52.618,0.6226,0.6227,1.40,1.40
2009.05.26 16:12:52.738,0.62255,0.6227,7.80,1.40
2009.05.26 16:12:52.858,0.62255,0.6227,7.00,3.00
2009.05.26 16:12:52.968,0.62255,0.6227,3.80,4.60
2009.05.26 16:12:53.138,0.62255,0.6228,3.80,6.20
2009.05.26 16:12:53.377,0.62255,0.6228,3.80,4.60
2009.05.26 16:12:53.438,0.62255,0.6228,3.80,3.00
2009.05.26 16:12:53.778,0.6226,0.6228,1.40,2.40
2009.05.26 16:12:53.948,0.6226,0.6228,1.40,7.00
2009.05.26 16:12:54.187,0.6226,0.6227,1.40,1.40
2009.05.26 16:12:54.307,0.6226,0.6227,1.40,4.60
2009.05.26 16:12:55.127,0.62255,0.6227,4.80,4.60
2009.05.26 16:12:55.238,0.62255,0.6227,4.80,3.20
2009.05.26 16:12:55.347,0.62255,0.6227,6.40,3.20
2009.05.26 16:12:55.517,0.6225,0.6227,4.80,11.20
2009.05.26 16:12:55.727,0.6225,0.62275,4.80,2.00
2009.05.26 16:12:55.847,0.6223,0.62255,2.40,2.20
2009.05.26 16:12:56.017,0.6222,0.62255,3.60,2.20
2009.05.26 16:12:56.197,0.6223,0.6226,2.40,1.60
2009.05.26 16:12:56.467,0.6223,0.62285,2.40,2.00
2009.05.26 16:12:58.206,0.6223,0.62255,2.40,8.00
2009.05.26 16:12:58.316,0.6223,0.6224,2.40,1.40
2009.05.26 16:12:58.376,0.6222,0.6224,1.60,1.40
2009.05.26 16:12:58.496,0.62215,0.6224,15.00,1.40
2009.05.26 16:12:58.606,0.62235,0.62245,1.40,2.20
2009.05.26 16:12:58.716,0.62235,0.6225,1.40,1.60
2009.05.26 16:12:58.996,0.62235,0.6227,1.40,4.60
2009.05.26 16:12:59.766,0.6224,0.6226,2.40,4.60
2009.05.26 16:12:59.886,0.62255,0.6226,1.40,3.20
2009.05.26 16:13:00.166,0.62255,0.6226,1.40,1.60
2009.05.26 16:13:00.336,0.62255,0.6227,1.40,4.60
2009.05.26 16:13:57.952,0.6225,0.62275,1.40,2.20
2009.05.26 16:14:01.032,0.62245,0.62275,4.80,2.20
2009.05.26 16:14:01.321,0.6224,0.6226,1.60,4.60
2009.05.26 16:14:01.671,0.62225,0.6226,3.80,4.60
2009.05.26 16:14:03.001,0.6223,0.62275,2.40,2.00
2009.05.26 16:14:12.679,0.62225,0.62255,3.00,2.20
2009.05.26 16:14:12.849,0.62225,0.6224,3.00,1.40
2009.05.26 16:14:13.029,0.6223,0.6224,2.40,3.20
2009.05.26 16:14:13.199,0.6223,0.6226,2.40,1.60
2009.05.26 16:14:13.428,0.6223,0.62275,2.40,2.00
2009.05.26 16:14:19.977,0.6224,0.62275,1.00,2.00
2009.05.26 16:14:23.476,0.6224,0.62275,1.00,2.00
2009.05.26 16:14:23.596,0.6224,0.62275,1.60,2.00
2009.05.26 16:14:25.766,0.6224,0.62275,1.20,2.00
2009.05.26 16:14:26.465,0.6224,0.62275,1.20,2.00
2009.05.26 16:14:26.995,0.6224,0.62275,1.00,2.00
2009.05.26 16:14:27.225,0.6224,0.62275,1.00,2.00
2009.05.26 16:14:27.465,0.6223,0.62275,2.40,2.00
2009.05.26 16:14:27.695,0.6224,0.62275,1.00,2.00
2009.05.26 16:14:28.085,0.6224,0.62275,1.00,2.00
2009.05.26 16:14:48.810,0.6223,0.6226,2.40,2.00
2009.05.26 16:15:10.275,0.62225,0.6226,1.60,3.40
2009.05.26 16:15:10.505,0.62225,0.6226,2.00,3.40
2009.05.26 16:15:10.615,0.62225,0.6226,2.00,5.00
2009.05.26 16:15:13.404,0.62225,0.6226,3.60,5.00
2009.05.26 16:15:13.574,0.62245,0.62265,1.40,5.80
2009.05.26 16:15:13.805,0.62245,0.6226,1.40,3.60
2009.05.26 16:15:13.974,0.62245,0.6226,1.40,2.00
2009.05.26 16:15:31.939,0.62235,0.6226,1.40,2.00
2009.05.26 16:15:35.529,0.62235,0.6226,1.40,3.40
2009.05.26 16:15:35.868,0.62235,0.6226,1.40,5.00
2009.05.26 16:15:35.928,0.62235,0.6226,1.40,6.60
2009.05.26 16:16:10.090,0.6223,0.6226,2.40,2.00
2009.05.26 16:16:10.880,0.6224,0.6226,1.00,2.00
2009.05.26 16:16:10.930,0.6224,0.6226,1.00,2.00
2009.05.26 16:16:11.170,0.6224,0.6226,1.20,2.00
2009.05.26 16:16:13.999,0.6224,0.6226,1.00,2.00
2009.05.26 16:16:14.059,0.6224,0.6226,1.00,2.00
2009.05.26 16:16:14.849,0.6224,0.6226,1.00,3.40
2009.05.26 16:16:15.179,0.62235,0.6226,1.40,5.00
2009.05.26 16:16:15.509,0.62235,0.6226,1.40,6.60
2009.05.26 16:16:18.098,0.6224,0.6226,1.00,6.60
2009.05.26 16:16:21.877,0.6224,0.6226,1.00,6.60
2009.05.26 16:16:22.117,0.62235,0.6226,1.40,6.60
2009.05.26 16:16:22.977,0.6224,0.6226,1.20,6.60
2009.05.26 16:16:33.265,0.62235,0.6226,1.40,6.60
2009.05.26 16:16:42.342,0.6224,0.6226,1.00,6.60
2009.05.26 16:16:42.462,0.6224,0.6226,1.00,6.60
2009.05.26 16:16:43.392,0.6224,0.6226,1.00,6.60
2009.05.26 16:16:43.562,0.62235,0.6226,1.40,6.60
2009.05.26 16:16:46.741,0.6224,0.6226,1.00,6.60
2009.05.26 16:16:47.081,0.6224,0.6226,1.20,6.60
2009.05.26 16:16:56.269,0.6224,0.6226,1.20,6.60
2009.05.26 16:16:59.608,0.6224,0.6226,1.60,6.60
2009.05.26 16:17:08.866,0.6226,0.6228,1.60,6.30
2009.05.26 16:17:09.036,0.6226,0.6228,3.20,6.30
2009.05.26 16:17:09.096,0.6226,0.6228,3.20,5.70
2009.05.26 16:17:10.945,0.6226,0.6228,1.20,5.70
2009.05.26 16:17:11.385,0.62235,0.6226,1.50,4.60
2009.05.26 16:17:11.565,0.62225,0.6226,1.40,4.60
2009.05.26 16:17:14.105,0.62235,0.6226,1.40,1.60
2009.05.26 16:17:14.165,0.62235,0.6227,1.40,4.60
2009.05.26 16:17:14.285,0.6225,0.6227,1.20,4.60
2009.05.26 16:17:17.354,0.6225,0.6227,1.40,4.60
2009.05.26 16:17:17.474,0.6225,0.6227,1.60,4.60
2009.05.26 16:17:24.073,0.6225,0.6226,1.00,4.60
2009.05.26 16:17:25.902,0.6225,0.6226,1.00,4.60
2009.05.26 16:17:26.022,0.6225,0.6226,1.00,4.60
2009.05.26 16:17:29.141,0.6225,0.6226,1.00,4.60
2009.05.26 16:17:29.261,0.6224,0.6226,1.00,4.60
2009.05.26 16:17:29.371,0.6225,0.6226,1.00,4.60
2009.05.26 16:17:29.551,0.6225,0.6226,1.00,4.60
2009.05.26 16:17:39.469,0.6225,0.6226,1.00,4.60
2009.05.26 16:17:39.579,0.62235,0.6226,1.40,4.60
2009.05.26 16:17:42.588,0.6224,0.6226,1.00,4.60
2009.05.26 16:17:43.568,0.6225,0.6226,1.00,4.60
2009.05.26 16:17:43.688,0.6225,0.6226,1.00,4.60
2009.05.26 16:17:44.558,0.6224,0.6226,1.00,4.60
2009.05.26 16:17:46.277,0.6225,0.6226,1.00,4.60
2009.05.26 16:17:46.847,0.6225,0.6226,1.00,4.60
2009.05.26 16:17:47.147,0.6225,0.6226,1.00,4.60
2009.05.26 16:17:48.347,0.6224,0.6226,1.00,4.60
2009.05.26 16:17:48.757,0.6225,0.6226,1.00,4.60
2009.05.26 16:17:52.595,0.6225,0.6226,1.00,4.60
2009.05.26 16:17:52.886,0.62235,0.6226,1.40,4.60
2009.05.26 16:18:07.962,0.6224,0.6226,1.00,4.60
2009.05.26 16:18:08.082,0.6224,0.6226,1.00,4.60
2009.05.26 16:18:12.931,0.6224,0.6227,1.00,4.60
2009.05.26 16:18:16.280,0.6225,0.6227,1.00,4.60
2009.05.26 16:18:17.290,0.6224,0.6227,1.00,4.60
2009.05.26 16:18:18.029,0.6224,0.6227,1.00,4.60
2009.05.26 16:18:18.199,0.6223,0.6227,11.20,4.60
2009.05.26 16:18:20.419,0.6225,0.6227,1.00,4.60
2009.05.26 16:18:20.469,0.6225,0.6227,1.00,4.60
2009.05.26 16:18:20.589,0.6223,0.6227,11.20,4.60
2009.05.26 16:18:21.809,0.6225,0.6227,1.00,4.60
2009.05.26 16:18:22.518,0.6225,0.6227,1.00,4.60
2009.05.26 16:18:22.688,0.6223,0.6227,11.20,4.60
2009.05.26 16:18:23.208,0.6224,0.6227,1.00,4.60
2009.05.26 16:18:23.658,0.6225,0.6227,1.00,4.60
2009.05.26 16:18:33.436,0.6225,0.6227,1.00,4.60
2009.05.26 16:18:33.606,0.6223,0.6227,11.20,4.60
2009.05.26 16:18:38.904,0.6224,0.6227,8.60,4.60
2009.05.26 16:18:39.084,0.6224,0.6227,12.40,3.20
2009.05.26 16:18:39.204,0.6224,0.6228,14.00,6.20
2009.05.26 16:18:43.503,0.62255,0.6228,2.20,6.20
2009.05.26 16:18:43.863,0.6227,0.6229,2.40,1.00
2009.05.26 16:18:43.973,0.6226,0.6229,4.80,1.00
2009.05.26 16:18:44.153,0.6227,0.6229,1.00,1.00
2009.05.26 16:18:44.263,0.6227,0.6229,1.20,1.00
2009.05.26 16:18:44.674,0.6228,0.6229,1.00,1.00
2009.05.26 16:18:44.793,0.6228,0.6229,1.00,1.00
2009.05.26 16:18:44.903,0.62275,0.6229,3.00,1.00
2009.05.26 16:18:50.432,0.6225,0.6228,9.40,3.20
2009.05.26 16:18:50.541,0.62265,0.6228,4.60,3.20
2009.05.26 16:18:50.662,0.62265,0.6228,2.40,3.00
2009.05.26 16:18:50.832,0.62265,0.6228,1.00,3.00
2009.05.26 16:18:50.952,0.6225,0.6228,9.40,4.60
2009.05.26 16:18:51.071,0.6225,0.6228,7.80,4.60
2009.05.26 16:18:51.312,0.6225,0.6228,3.00,4.60
2009.05.26 16:19:22.034,0.62275,0.62335,2.40,1.00
2009.05.26 16:19:56.236,0.6227,0.6233,7.00,8.60
2009.05.26 16:20:02.005,0.6229,0.6233,1.20,9.20
2009.05.26 16:20:02.284,0.6229,0.6233,1.00,9.20
2009.05.26 16:20:02.574,0.6229,0.6232,1.00,1.40
2009.05.26 16:20:02.964,0.6229,0.6232,1.00,4.60
2009.05.26 16:20:03.294,0.6229,0.6231,1.00,1.40
2009.05.26 16:20:03.634,0.62275,0.623,2.40,1.40
2009.05.26 16:20:03.854,0.62275,0.623,2.40,3.00
2009.05.26 16:20:04.144,0.6229,0.623,1.00,4.60
2009.05.26 16:20:04.374,0.6229,0.623,1.00,4.60
2009.05.26 16:20:04.844,0.6229,0.623,1.00,1.60
2009.05.26 16:20:05.084,0.6229,0.6231,1.00,4.60
2009.05.26 16:20:06.843,0.6229,0.6231,1.20,4.60
2009.05.26 16:20:13.702,0.6229,0.6231,1.00,4.60
2009.05.26 16:20:23.749,0.62275,0.6231,2.40,4.60
2009.05.26 16:20:30.068,0.6229,0.62325,1.00,2.00
2009.05.26 16:20:33.167,0.623,0.62325,1.40,2.00
2009.05.26 16:20:33.567,0.623,0.6232,6.60,3.20
2009.05.26 16:20:33.847,0.623,0.6233,6.60,4.60
2009.05.26 16:20:34.577,0.623,0.6233,6.80,4.60
2009.05.26 16:20:36.866,0.623,0.6233,6.60,4.60
2009.05.26 16:20:37.036,0.623,0.6233,6.80,4.60
2009.05.26 16:20:38.315,0.6231,0.6233,1.40,3.20
2009.05.26 16:20:38.676,0.6231,0.6234,3.20,4.60
2009.05.26 16:20:40.445,0.62325,0.6234,9.60,3.20
2009.05.26 16:20:40.565,0.62325,0.62355,9.60,5.40
2009.05.26 16:20:40.855,0.6232,0.6234,1.60,1.40
2009.05.26 16:20:41.255,0.623,0.6234,4.60,1.40
2009.05.26 16:20:41.595,0.62315,0.6234,3.20,1.40
2009.05.26 16:20:42.455,0.6231,0.6234,3.20,1.40
2009.05.26 16:20:43.554,0.6231,0.6234,8.00,1.40
2009.05.26 16:20:45.934,0.62315,0.6234,1.60,1.40
2009.05.26 16:20:46.104,0.62335,0.6234,1.40,1.40
2009.05.26 16:20:46.164,0.62335,0.6235,3.00,6.40
2009.05.26 16:20:46.214,0.62335,0.6235,9.40,1.60
2009.05.26 16:20:46.504,0.62335,0.6236,9.40,1.00
2009.05.26 16:20:46.564,0.62335,0.6236,11.00,1.00
2009.05.26 16:20:46.834,0.62335,0.6236,14.20,1.00
2009.05.26 16:20:51.043,0.62335,0.6234,8.80,1.40
2009.05.26 16:20:51.272,0.6234,0.62355,1.60,2.00
2009.05.26 16:20:51.502,0.623,0.6235,2.40,4.60
2009.05.26 16:20:52.022,0.623,0.6235,2.40,5.40
2009.05.26 16:20:52.312,0.623,0.62345,1.00,2.00
2009.05.26 16:20:52.552,0.623,0.6234,2.40,4.60
2009.05.26 16:20:52.782,0.62295,0.62345,5.40,1.00
2009.05.26 16:20:53.292,0.62295,0.62345,5.40,2.00
2009.05.26 16:20:53.922,0.6231,0.62345,1.60,2.00
2009.05.26 16:20:54.192,0.62325,0.6234,2.40,4.60
2009.05.26 16:20:54.252,0.62325,0.6234,2.40,3.20
2009.05.26 16:20:54.372,0.62325,0.6236,2.40,5.20
2009.05.26 16:20:55.062,0.62325,0.6236,4.00,5.20
2009.05.26 16:20:55.922,0.62335,0.6236,2.40,5.40
2009.05.26 16:20:56.032,0.62335,0.6234,9.60,1.60
2009.05.26 16:20:56.151,0.6233,0.6234,1.60,4.60
2009.05.26 16:20:56.261,0.62295,0.6234,2.40,4.60
2009.05.26 16:20:57.121,0.62285,0.6234,6.40,1.60
2009.05.26 16:20:57.401,0.62295,0.62345,6.60,1.00
2009.05.26 16:20:57.731,0.62295,0.6234,6.60,1.00
2009.05.26 16:20:57.791,0.623,0.62335,1.20,2.00
2009.05.26 16:20:57.911,0.623,0.6232,1.00,1.40
2009.05.26 16:20:58.031,0.623,0.6232,1.20,3.00
2009.05.26 16:20:58.151,0.623,0.6232,1.20,4.60
2009.05.26 16:20:58.491,0.623,0.6232,1.00,4.60
2009.05.26 16:20:58.781,0.623,0.6232,1.20,4.60
2009.05.26 16:20:58.901,0.623,0.6232,2.60,4.60
2009.05.26 16:20:58.961,0.623,0.6232,4.40,3.20
2009.05.26 16:20:59.011,0.623,0.6232,6.80,3.20
2009.05.26 16:20:59.181,0.623,0.6232,8.40,1.60
2009.05.26 16:20:59.241,0.623,0.6234,8.40,4.60
2009.05.26 16:21:00.220,0.623,0.6233,8.40,1.40
2009.05.26 16:21:00.450,0.623,0.6233,8.40,4.60
2009.05.26 16:21:02.110,0.623,0.6233,8.40,3.20
2009.05.26 16:21:02.500,0.623,0.6234,8.40,4.60
2009.05.26 16:21:08.199,0.623,0.6234,8.80,4.60
2009.05.26 16:21:08.988,0.6231,0.6234,1.00,4.60
2009.05.26 16:21:09.168,0.6231,0.6234,1.20,4.60
2009.05.26 16:21:10.388,0.6231,0.6234,1.00,4.60
2009.05.26 16:21:12.088,0.6231,0.6234,1.00,4.60
2009.05.26 16:21:12.328,0.6231,0.6234,1.20,4.60
2009.05.26 16:21:13.557,0.6231,0.6234,1.00,4.60
2009.05.26 16:21:13.957,0.6231,0.6234,1.00,4.60
2009.05.26 16:21:15.387,0.623,0.6234,13.00,4.60
2009.05.26 16:21:16.527,0.6231,0.6234,1.00,4.60
2009.05.26 16:21:16.816,0.6231,0.6234,1.20,4.60
2009.05.26 16:21:18.666,0.6231,0.6234,1.20,4.60
2009.05.26 16:21:22.705,0.6231,0.6234,1.00,4.60
2009.05.26 16:21:23.055,0.6231,0.6235,1.00,4.60
2009.05.26 16:21:23.395,0.6231,0.6235,2.40,3.80
2009.05.26 16:21:23.515,0.6231,0.6235,2.40,3.20
2009.05.26 16:21:23.625,0.6231,0.62355,2.40,3.20
2009.05.26 16:21:41.451,0.6232,0.62355,1.00,3.20
2009.05.26 16:21:41.681,0.6232,0.62355,1.20,3.20
2009.05.26 16:21:45.200,0.6232,0.62355,1.20,3.20
2009.05.26 16:21:48.809,0.6232,0.62355,1.00,3.20
2009.05.26 16:21:49.409,0.6231,0.62355,2.40,3.20
2009.05.26 16:21:57.097,0.6232,0.62355,1.00,3.20
2009.05.26 16:22:10.874,0.6232,0.62355,1.20,3.20
2009.05.26 16:22:13.323,0.62315,0.6235,3.40,1.00
2009.05.26 16:22:14.093,0.6232,0.6235,1.20,1.00
2009.05.26 16:22:15.703,0.6232,0.6235,1.00,1.00
2009.05.26 16:22:16.002,0.6232,0.6235,1.00,1.00
2009.05.26 16:22:27.859,0.6233,0.6236,2.40,1.60
2009.05.26 16:22:28.329,0.6233,0.6237,2.40,4.60
2009.05.26 16:22:35.077,0.62335,0.6238,1.40,3.80
2009.05.26 16:22:35.198,0.6234,0.6237,2.40,3.80
2009.05.26 16:22:35.308,0.6234,0.6237,2.40,1.00
2009.05.26 16:22:36.257,0.6234,0.6238,2.40,4.60
2009.05.26 16:22:36.317,0.6234,0.6238,2.40,4.80
2009.05.26 16:22:36.368,0.6234,0.6238,2.40,5.20
2009.05.26 16:23:01.241,0.62335,0.62375,6.20,1.00
2009.05.26 16:23:01.861,0.62325,0.62375,9.00,2.00
2009.05.26 16:23:02.091,0.62325,0.62365,4.80,1.00
2009.05.26 16:23:06.030,0.6233,0.6237,2.40,4.60
2009.05.26 16:23:16.248,0.62325,0.62375,7.20,2.00
2009.05.26 16:23:16.478,0.62325,0.6237,2.40,1.60
2009.05.26 16:23:16.588,0.62325,0.62375,2.40,1.00
2009.05.26 16:23:38.122,0.62325,0.6236,2.40,1.00
2009.05.26 16:23:42.871,0.62325,0.6235,2.40,1.00
2009.05.26 16:23:48.750,0.62325,0.62385,2.40,1.00
2009.05.26 16:23:54.369,0.6232,0.6235,2.20,4.60
2009.05.26 16:23:54.649,0.6232,0.6235,1.60,4.60
2009.05.26 16:23:59.167,0.62315,0.6235,1.40,4.60
2009.05.26 16:24:28.320,0.62315,0.6235,3.00,4.60
2009.05.26 16:24:37.698,0.6232,0.6236,2.40,3.00
2009.05.26 16:24:37.998,0.6232,0.6236,4.00,3.00
2009.05.26 16:24:40.867,0.6232,0.6236,3.20,3.00
2009.05.26 16:24:41.287,0.6232,0.6236,3.20,4.40
2009.05.26 16:24:41.457,0.62315,0.6236,3.00,6.00
2009.05.26 16:25:01.812,0.6232,0.6236,1.00,6.00
2009.05.26 16:25:01.982,0.6232,0.6236,1.20,6.00
2009.05.26 16:25:04.342,0.6232,0.6236,2.00,6.00
2009.05.26 16:25:04.581,0.6232,0.6236,2.00,4.60
2009.05.26 16:25:04.691,0.6232,0.6236,5.20,1.40
2009.05.26 16:25:12.220,0.6232,0.6236,4.00,1.40
2009.05.26 16:25:27.266,0.6232,0.6236,4.80,1.40
2009.05.26 16:25:27.446,0.6232,0.6236,5.80,1.40
2009.05.26 16:25:27.666,0.6233,0.6236,1.00,1.00
2009.05.26 16:25:27.836,0.6234,0.62375,1.20,6.80
2009.05.26 16:25:28.196,0.6234,0.62375,1.20,5.40
2009.05.26 16:25:28.546,0.6234,0.62375,1.20,3.80
2009.05.26 16:25:35.694,0.62325,0.62375,3.00,3.80
2009.05.26 16:25:37.134,0.62325,0.62375,3.00,5.20
2009.05.26 16:25:37.424,0.62325,0.6236,3.00,1.40
2009.05.26 16:25:37.763,0.62325,0.6236,2.80,1.40
2009.05.26 16:25:38.114,0.62325,0.6236,2.40,1.40
2009.05.26 16:25:38.463,0.62325,0.6236,7.20,1.40
2009.05.26 16:25:38.823,0.62325,0.6236,8.20,1.40
2009.05.26 16:25:40.023,0.6233,0.6236,2.40,1.40
2009.05.26 16:25:40.313,0.6235,0.6236,1.60,1.40
2009.05.26 16:25:40.594,0.62365,0.6238,1.60,1.80
2009.05.26 16:25:40.823,0.6237,0.624,1.40,1.00
2009.05.26 16:25:41.163,0.6237,0.6241,1.40,5.40
2009.05.26 16:25:43.342,0.62385,0.624,1.40,5.40
2009.05.26 16:25:43.742,0.62385,0.624,3.80,4.60
2009.05.26 16:25:44.952,0.62395,0.624,1.40,4.60
2009.05.26 16:25:45.072,0.62395,0.624,1.40,3.20
2009.05.26 16:25:45.192,0.62395,0.6241,1.40,4.60
2009.05.26 16:25:53.490,0.6239,0.6241,4.80,4.60
2009.05.26 16:25:53.720,0.62385,0.624,3.80,1.40
2009.05.26 16:25:54.010,0.62385,0.624,3.80,4.60
2009.05.26 16:25:54.989,0.6238,0.62385,5.40,1.00
2009.05.26 16:25:55.049,0.6238,0.62385,8.00,1.00
2009.05.26 16:25:55.109,0.62375,0.6238,6.90,1.40
2009.05.26 16:25:55.269,0.62325,0.6238,2.40,4.60
2009.05.26 16:25:56.079,0.62325,0.6237,2.40,3.00
2009.05.26 16:25:56.189,0.62325,0.6237,1.60,4.60
2009.05.26 16:25:57.459,0.6234,0.6236,1.60,1.40
2009.05.26 16:25:57.689,0.6236,0.6238,3.20,3.60
2009.05.26 16:25:57.919,0.6238,0.624,1.40,1.40
2009.05.26 16:25:58.279,0.6238,0.624,1.40,4.60
2009.05.26 16:26:01.008,0.6238,0.6239,1.40,3.20
2009.05.26 16:26:01.348,0.6238,0.6239,1.40,1.60
2009.05.26 16:26:01.569,0.6238,0.624,1.40,2.20
2009.05.26 16:26:02.368,0.6238,0.624,1.40,3.00
2009.05.26 16:26:03.167,0.62375,0.62395,2.40,3.20
2009.05.26 16:26:03.688,0.6237,0.6239,1.00,3.80
2009.05.26 16:26:04.097,0.6237,0.6239,1.00,3.20
2009.05.26 16:26:04.497,0.62335,0.6239,2.40,3.20
2009.05.26 16:26:05.047,0.6237,0.6239,1.40,3.20
2009.05.26 16:26:05.227,0.6237,0.62405,1.40,1.00
2009.05.26 16:26:09.086,0.62375,0.624,4.20,3.20
2009.05.26 16:26:09.266,0.6238,0.624,3.20,3.20
2009.05.26 16:26:09.386,0.6238,0.624,1.60,3.20
2009.05.26 16:26:09.566,0.6237,0.624,1.00,3.20
2009.05.26 16:26:09.986,0.6237,0.62395,1.00,4.00
2009.05.26 16:26:10.206,0.6237,0.6239,1.00,3.20
2009.05.26 16:26:12.995,0.6237,0.6239,1.00,3.20
2009.05.26 16:26:13.215,0.62335,0.6239,2.40,3.20
2009.05.26 16:26:13.895,0.62365,0.62395,1.40,1.00
2009.05.26 16:26:14.015,0.62365,0.6241,1.40,8.00
2009.05.26 16:26:14.125,0.62365,0.6241,1.40,1.60
2009.05.26 16:26:15.224,0.62375,0.6241,1.40,4.80
2009.05.26 16:26:15.405,0.62375,0.62405,1.40,1.00
2009.05.26 16:26:23.043,0.62375,0.62405,1.40,1.40
2009.05.26 16:26:23.902,0.62375,0.624,1.40,1.00
2009.05.26 16:26:24.672,0.6238,0.624,1.00,1.00
2009.05.26 16:26:25.022,0.6238,0.62395,1.00,1.00
2009.05.26 16:26:25.082,0.6238,0.62395,4.00,1.00
2009.05.26 16:26:26.572,0.6238,0.62395,3.20,1.00
2009.05.26 16:26:26.862,0.6238,0.62395,1.60,1.00
2009.05.26 16:26:27.041,0.62375,0.62395,1.40,1.00
2009.05.26 16:26:33.100,0.62375,0.6241,1.40,1.60
2009.05.26 16:26:45.427,0.62365,0.6238,3.80,2.40
2009.05.26 16:26:52.176,0.62375,0.6238,1.40,1.60
2009.05.26 16:26:52.456,0.62375,0.6239,1.40,4.80
2009.05.26 16:26:52.745,0.62375,0.62395,1.40,1.00
2009.05.26 16:26:52.976,0.62375,0.624,1.40,1.60
2009.05.26 16:26:53.315,0.62375,0.6241,1.40,5.40
2009.05.26 16:26:54.695,0.62375,0.6241,1.40,2.40
2009.05.26 16:26:57.324,0.6237,0.62395,2.40,3.20
2009.05.26 16:26:57.564,0.6237,0.62395,3.20,3.80
2009.05.26 16:26:57.724,0.6233,0.6239,2.40,1.00
2009.05.26 16:26:58.294,0.6233,0.6239,2.40,2.00
2009.05.26 16:26:58.634,0.62325,0.62385,2.40,1.00
2009.05.26 16:27:01.074,0.6235,0.62385,1.60,1.00
2009.05.26 16:27:01.244,0.62365,0.6239,3.80,3.20
2009.05.26 16:27:01.583,0.62365,0.6241,3.80,7.80
2009.05.26 16:27:10.371,0.62365,0.6241,3.80,8.20
2009.05.26 16:27:10.481,0.62365,0.6241,3.80,8.60
2009.05.26 16:27:12.321,0.6236,0.62395,4.80,3.20
2009.05.26 16:27:12.491,0.6235,0.62395,5.60,3.20
2009.05.26 16:27:12.611,0.6235,0.62395,4.00,3.20
2009.05.26 16:27:12.781,0.6235,0.62395,2.40,3.20
2009.05.26 16:27:13.700,0.6235,0.6239,2.40,3.20
2009.05.26 16:27:13.820,0.62345,0.6239,2.40,3.20
2009.05.26 16:27:14.120,0.62345,0.6239,3.00,3.20
2009.05.26 16:27:15.960,0.6235,0.62395,2.40,3.20
2009.05.26 16:27:32.606,0.6236,0.624,1.20,9.20
2009.05.26 16:27:33.266,0.6236,0.62395,1.20,3.20
2009.05.26 16:27:34.765,0.6236,0.62395,1.00,3.20
2009.05.26 16:27:35.115,0.6236,0.62395,1.20,3.20
2009.05.26 16:27:54.332,0.6236,0.62395,1.00,3.20
2009.05.26 16:27:54.511,0.6235,0.62395,2.40,3.20
2009.05.26 16:27:55.611,0.6236,0.62395,1.00,3.20
2009.05.26 16:27:55.831,0.6236,0.62395,1.00,3.20
2009.05.26 16:27:56.001,0.6236,0.62395,1.20,3.20
2009.05.26 16:28:05.678,0.6236,0.62395,1.00,3.20
2009.05.26 16:28:05.848,0.6235,0.62395,2.40,3.20
2009.05.26 16:28:25.764,0.62345,0.6239,2.40,3.20
2009.05.26 16:28:27.363,0.62345,0.6239,3.00,3.20
2009.05.26 16:28:33.012,0.62345,0.6239,3.40,3.20
2009.05.26 16:28:33.182,0.62345,0.6239,3.20,3.20
2009.05.26 16:28:33.302,0.62345,0.6239,3.00,3.20
2009.05.26 16:29:51.543,0.6234,0.62385,4.80,3.20
2009.05.26 16:29:51.603,0.6234,0.62385,7.20,3.20
2009.05.26 16:29:51.713,0.6234,0.62385,2.40,3.20
2009.05.26 16:30:05.669,0.6234,0.6238,2.40,1.40
2009.05.26 16:30:21.266,0.6233,0.62375,1.00,2.00
2009.05.26 16:30:21.436,0.62325,0.62375,4.60,2.00
2009.05.26 16:30:21.596,0.6234,0.6237,2.40,3.20
2009.05.26 16:30:21.765,0.6236,0.6237,1.00,3.20
2009.05.26 16:30:21.926,0.6236,0.6237,1.00,1.60
2009.05.26 16:30:22.045,0.6235,0.62385,1.00,3.20
2009.05.26 16:30:28.394,0.6234,0.62385,2.40,3.20
2009.05.26 16:30:41.491,0.6235,0.62385,1.00,3.20
2009.05.26 16:30:41.781,0.6234,0.62385,2.40,3.20
2009.05.26 16:30:47.240,0.6235,0.62385,1.00,3.20
2009.05.26 16:30:48.279,0.6235,0.6239,1.00,8.40
2009.05.26 16:30:48.569,0.6235,0.6239,1.00,5.20
2009.05.26 16:30:48.799,0.6235,0.62385,1.00,3.20
2009.05.26 16:30:56.227,0.6235,0.62385,1.20,3.20
2009.05.26 16:30:59.296,0.6235,0.62385,1.00,3.20
2009.05.26 16:31:08.924,0.6234,0.62385,2.40,3.20
2009.05.26 16:31:09.504,0.6235,0.62385,1.20,3.20
2009.05.26 16:31:10.364,0.6235,0.62385,1.00,3.20
2009.05.26 16:31:10.484,0.6235,0.62385,1.20,3.20
2009.05.26 16:31:20.352,0.6235,0.62385,1.00,3.20
2009.05.26 16:31:20.472,0.6234,0.62385,2.40,3.20
2009.05.26 16:31:21.281,0.6235,0.62385,1.00,3.20
2009.05.26 16:31:21.671,0.6235,0.62385,4.00,3.20
2009.05.26 16:31:27.230,0.6235,0.62385,4.80,3.20
2009.05.26 16:31:31.169,0.6235,0.62385,4.60,3.20
2009.05.26 16:31:34.149,0.6235,0.6237,1.60,1.00
2009.05.26 16:31:34.498,0.6235,0.62385,4.00,3.20
2009.05.26 16:31:37.107,0.6234,0.62375,5.60,7.00
2009.05.26 16:31:37.167,0.6235,0.6237,3.20,1.00
2009.05.26 16:31:37.287,0.6233,0.6237,4.60,2.20
2009.05.26 16:31:47.185,0.6233,0.6237,4.00,3.00
2009.05.26 16:32:02.681,0.6233,0.6237,4.00,3.00
2009.05.26 16:32:06.110,0.6233,0.6237,2.20,3.00
2009.05.26 16:32:06.280,0.6235,0.6237,3.20,1.00
2009.05.26 16:32:06.510,0.6235,0.62385,4.00,3.20
2009.05.26 16:32:10.440,0.62315,0.6234,2.40,1.40
2009.05.26 16:32:18.488,0.6231,0.6234,2.40,1.40
2009.05.26 16:32:19.117,0.6231,0.6236,2.40,3.80
2009.05.26 16:32:38.823,0.6231,0.62345,1.00,3.20
2009.05.26 16:32:39.832,0.6231,0.62345,1.00,3.20
2009.05.26 16:32:39.942,0.623,0.62345,2.40,3.20
2009.05.26 16:32:40.172,0.6231,0.6234,1.00,3.20
2009.05.26 16:32:40.412,0.6231,0.62345,1.00,3.80
2009.05.26 16:32:40.532,0.6231,0.62345,1.00,3.20
2009.05.26 16:32:41.042,0.6231,0.62345,1.00,3.20
2009.05.26 16:32:41.322,0.623,0.6234,2.40,3.20
2009.05.26 16:32:41.662,0.62295,0.6234,2.40,3.20
2009.05.26 16:32:41.842,0.6231,0.6234,1.00,3.20
2009.05.26 16:32:42.192,0.6231,0.62345,1.00,3.80
2009.05.26 16:32:42.372,0.6231,0.62345,1.00,3.20
2009.05.26 16:32:43.871,0.623,0.62345,2.40,3.20
2009.05.26 16:32:44.041,0.623,0.62345,2.40,7.20
2009.05.26 16:32:44.331,0.62295,0.6234,2.40,3.20
2009.05.26 16:32:48.820,0.62305,0.6235,2.40,3.20
2009.05.26 16:32:49.030,0.62305,0.6235,2.40,3.80
2009.05.26 16:32:50.160,0.62305,0.6235,2.40,3.20
2009.05.26 16:32:55.788,0.62305,0.6235,7.20,3.20
2009.05.26 16:32:55.848,0.6231,0.6235,2.40,3.20
2009.05.26 16:32:56.028,0.6231,0.62355,2.40,3.20
2009.05.26 16:32:56.489,0.6231,0.6236,7.20,8.00
2009.05.26 16:32:56.548,0.62315,0.6236,2.40,3.20
2009.05.26 16:33:24.492,0.6233,0.62365,1.00,1.40
2009.05.26 16:33:24.662,0.6233,0.62365,2.40,1.00
2009.05.26 16:33:24.781,0.6233,0.6238,2.40,6.40
2009.05.26 16:33:25.002,0.6233,0.62385,2.40,3.20
2009.05.26 16:33:33.149,0.6234,0.6237,2.40,1.60
2009.05.26 16:33:33.260,0.6234,0.6236,2.40,1.40
2009.05.26 16:33:33.320,0.6234,0.62355,2.40,1.00
2009.05.26 16:33:33.379,0.6233,0.62355,3.80,1.00
2009.05.26 16:33:33.439,0.6233,0.62355,3.60,2.20
2009.05.26 16:33:34.679,0.6233,0.62355,1.40,2.20
2009.05.26 16:33:43.417,0.6233,0.62355,1.40,3.00
2009.05.26 16:33:43.757,0.62325,0.62345,4.80,1.00
2009.05.26 16:33:43.977,0.6228,0.6234,4.60,1.00
2009.05.26 16:33:44.257,0.62285,0.6234,2.20,1.00
2009.05.26 16:33:44.547,0.623,0.6235,2.40,2.20
2009.05.26 16:33:44.777,0.623,0.62355,2.40,3.20
2009.05.26 16:33:44.957,0.623,0.6236,2.40,3.80
2009.05.26 16:33:45.067,0.6231,0.6236,2.40,1.00
2009.05.26 16:33:45.187,0.6233,0.6236,1.00,1.00
2009.05.26 16:33:45.247,0.6233,0.6236,1.20,1.00
2009.05.26 16:33:45.827,0.6233,0.62365,1.20,3.80
2009.05.26 16:33:46.066,0.6233,0.62365,1.00,1.00
2009.05.26 16:33:46.277,0.6233,0.62365,1.20,1.00
2009.05.26 16:33:46.337,0.6233,0.6237,1.20,3.80
2009.05.26 16:33:46.517,0.6233,0.62365,1.20,1.00
2009.05.26 16:33:47.086,0.6233,0.6237,1.00,3.80
2009.05.26 16:33:47.446,0.6233,0.6237,1.00,3.80
2009.05.26 16:33:47.746,0.6233,0.6237,1.20,3.80
2009.05.26 16:33:47.916,0.6233,0.6237,1.00,3.80
2009.05.26 16:33:48.336,0.6234,0.62375,2.40,1.00
2009.05.26 16:33:48.566,0.6234,0.62385,2.40,3.20
2009.05.26 16:34:07.821,0.6234,0.6237,2.40,1.00
2009.05.26 16:34:08.051,0.6234,0.62385,2.40,3.20
2009.05.26 16:34:24.817,0.6234,0.6238,2.40,3.20
2009.05.26 16:34:25.047,0.62335,0.6238,2.40,3.20
2009.05.26 16:34:25.267,0.62335,0.6238,2.40,4.80
2009.05.26 16:34:30.206,0.6233,0.6236,8.60,4.60
2009.05.26 16:34:30.326,0.6233,0.6236,8.40,4.60
2009.05.26 16:34:31.146,0.6233,0.6236,8.40,4.60
2009.05.26 16:34:31.256,0.6233,0.6236,8.20,4.60
2009.05.26 16:34:31.375,0.6233,0.6236,5.60,4.60
2009.05.26 16:34:32.315,0.6233,0.6235,5.60,4.60
2009.05.26 16:34:34.075,0.62325,0.6235,3.40,4.60
2009.05.26 16:34:34.245,0.6233,0.6235,1.20,4.60
2009.05.26 16:34:36.494,0.6233,0.6234,1.20,4.60
2009.05.26 16:34:39.064,0.6233,0.6234,1.20,3.20
2009.05.26 16:34:39.424,0.6233,0.6234,1.20,1.40
2009.05.26 16:34:39.594,0.6233,0.6234,1.60,1.40
2009.05.26 16:34:39.824,0.6233,0.6234,1.20,4.60
2009.05.26 16:34:39.944,0.6233,0.6234,1.20,4.60
2009.05.26 16:34:43.613,0.6233,0.6234,1.20,4.60
2009.05.26 16:34:43.833,0.6233,0.6234,1.00,4.60
2009.05.26 16:34:44.153,0.6233,0.6234,1.00,6.20
2009.05.26 16:34:45.692,0.62315,0.6232,1.90,1.40
2009.05.26 16:34:46.032,0.6232,0.62335,2.70,5.00
2009.05.26 16:34:46.192,0.6232,0.62335,2.70,3.40
2009.05.26 16:34:46.372,0.6232,0.62335,1.80,1.80
2009.05.26 16:34:47.462,0.6231,0.6232,1.20,1.40
2009.05.26 16:34:47.581,0.6231,0.6233,1.20,1.80
2009.05.26 16:34:47.792,0.623,0.6231,1.50,3.20
2009.05.26 16:34:47.972,0.6231,0.62335,1.00,2.00
2009.05.26 16:34:48.082,0.62305,0.6235,3.00,1.40
2009.05.26 16:34:48.891,0.6231,0.6236,2.40,4.80
2009.05.26 16:34:49.521,0.6231,0.6234,2.40,1.40
2009.05.26 16:34:49.871,0.62315,0.6234,2.40,3.00
2009.05.26 16:34:52.260,0.6231,0.6232,1.50,1.40
2009.05.26 16:34:52.480,0.6232,0.6233,1.00,3.00
2009.05.26 16:34:52.651,0.6231,0.6232,1.10,4.60
2009.05.26 16:34:53.550,0.6232,0.6234,4.00,5.00
2009.05.26 16:34:56.210,0.6232,0.6234,3.60,5.00
2009.05.26 16:34:56.431,0.6232,0.6234,3.20,5.00
2009.05.26 16:35:10.746,0.6229,0.6232,4.60,4.60
2009.05.26 16:35:12.226,0.6231,0.6232,1.00,4.60
2009.05.26 16:35:12.286,0.6231,0.6232,1.00,4.60
2009.05.26 16:35:12.506,0.6229,0.6232,4.60,4.60
2009.05.26 16:35:19.024,0.6231,0.6232,1.00,4.60
2009.05.26 16:35:19.604,0.6229,0.6232,4.60,4.60
2009.05.26 16:35:25.802,0.6229,0.6232,2.40,4.60
2009.05.26 16:35:25.852,0.6229,0.623,2.40,1.40
2009.05.26 16:35:30.132,0.62285,0.6231,1.60,4.60
2009.05.26 16:35:31.451,0.6229,0.6231,1.00,4.60
2009.05.26 16:35:37.090,0.6229,0.6231,4.60,3.20
2009.05.26 16:35:37.309,0.6229,0.6231,4.60,1.60
2009.05.26 16:35:37.429,0.6229,0.6233,4.60,4.60
2009.05.26 16:35:40.289,0.6229,0.6233,4.60,1.40
2009.05.26 16:36:20.089,0.6229,0.6234,4.60,1.00
2009.05.26 16:36:20.209,0.62295,0.6234,2.20,1.00
2009.05.26 16:36:20.369,0.62305,0.62345,2.40,1.00
2009.05.26 16:36:20.539,0.62305,0.6234,2.40,1.60
2009.05.26 16:36:20.659,0.62305,0.6234,2.40,4.60
2009.05.26 16:36:20.889,0.62305,0.6234,2.40,3.20
2009.05.26 16:36:21.069,0.62305,0.62355,2.40,4.20
2009.05.26 16:36:22.609,0.62305,0.6234,2.40,1.40
2009.05.26 16:36:22.779,0.62305,0.6234,2.40,3.00
2009.05.26 16:36:22.839,0.62305,0.6234,2.40,4.80
2009.05.26 16:36:22.948,0.62305,0.6234,2.40,5.20
2009.05.26 16:36:23.009,0.62305,0.6234,2.40,4.60
2009.05.26 16:36:27.928,0.623,0.6232,1.00,1.40
2009.05.26 16:36:28.087,0.6229,0.6232,4.60,1.40
2009.05.26 16:36:28.387,0.6229,0.6233,4.60,4.60
2009.05.26 16:36:52.172,0.6231,0.6235,2.40,1.00
2009.05.26 16:36:52.341,0.6231,0.6234,2.40,1.00
2009.05.26 16:36:52.852,0.6231,0.6234,2.40,3.00
2009.05.26 16:36:52.911,0.62305,0.6234,2.40,4.60
2009.05.26 16:36:52.971,0.62305,0.6234,2.40,4.80
2009.05.26 16:36:53.082,0.62305,0.6234,2.40,5.20
2009.05.26 16:36:53.431,0.6231,0.6234,2.40,4.80
2009.05.26 16:36:53.541,0.6231,0.6234,2.40,4.60
2009.05.26 16:36:53.601,0.6231,0.6234,2.40,3.20
2009.05.26 16:36:53.771,0.6231,0.6234,2.40,3.80
2009.05.26 16:36:54.061,0.6231,0.6234,2.40,1.00
2009.05.26 16:36:54.411,0.62315,0.6235,2.40,1.00
2009.05.26 16:36:56.311,0.62315,0.6234,2.40,1.00
2009.05.26 16:36:58.510,0.6231,0.6234,2.40,1.00
2009.05.26 16:36:58.850,0.62315,0.6235,2.40,1.00
2009.05.26 16:36:59.260,0.6231,0.6234,2.40,1.40
2009.05.26 16:36:59.550,0.62315,0.6234,2.40,1.00
2009.05.26 16:36:59.790,0.6231,0.6234,2.40,1.40
2009.05.26 16:37:00.370,0.62315,0.6234,2.40,1.40
2009.05.26 16:37:00.549,0.62305,0.6234,4.60,1.40
2009.05.26 16:37:00.720,0.62315,0.6234,2.40,1.00
2009.05.26 16:37:00.959,0.62315,0.6234,2.40,1.00
2009.05.26 16:37:01.699,0.62305,0.62325,2.20,2.40
2009.05.26 16:37:01.809,0.623,0.62315,2.20,2.50
2009.05.26 16:37:01.919,0.623,0.62315,2.20,2.20
2009.05.26 16:37:02.039,0.623,0.6232,2.20,1.60
2009.05.26 16:37:02.329,0.6231,0.6235,2.40,1.00
2009.05.26 16:37:02.659,0.62305,0.6235,2.40,1.00
2009.05.26 16:37:03.169,0.623,0.6235,2.40,1.00
2009.05.26 16:37:03.569,0.62305,0.6234,2.40,1.00
2009.05.26 16:37:03.919,0.623,0.6234,2.40,1.00
2009.05.26 16:37:04.259,0.623,0.6235,2.40,5.60
2009.05.26 16:37:04.839,0.623,0.6235,2.40,4.20
2009.05.26 16:37:05.668,0.623,0.62315,2.40,1.40
2009.05.26 16:37:05.778,0.6229,0.62325,2.20,2.20
2009.05.26 16:37:06.018,0.6229,0.62325,2.20,3.80
2009.05.26 16:37:06.188,0.62285,0.62335,6.60,1.60
2009.05.26 16:37:06.308,0.62285,0.6235,3.00,3.80
2009.05.26 16:37:06.548,0.6229,0.62345,1.00,1.00
2009.05.26 16:37:07.058,0.6229,0.62335,2.40,1.00
2009.05.26 16:37:07.578,0.6229,0.6234,2.40,3.80
2009.05.26 16:37:07.988,0.6229,0.6234,2.40,1.00
2009.05.26 16:37:08.268,0.6229,0.6234,2.40,2.00
2009.05.26 16:37:08.448,0.62295,0.6234,2.40,1.40
2009.05.26 16:37:09.997,0.62285,0.6233,2.20,1.00
2009.05.26 16:37:10.327,0.62285,0.62325,2.20,1.00
2009.05.26 16:37:11.037,0.6227,0.62305,2.20,1.00
2009.05.26 16:37:11.157,0.6229,0.62305,1.00,1.00
2009.05.26 16:37:11.557,0.6229,0.62305,1.00,1.00
2009.05.26 16:37:11.667,0.6227,0.62305,2.20,1.00
2009.05.26 16:37:12.297,0.6229,0.62305,1.20,1.00
2009.05.26 16:37:12.917,0.6229,0.62305,1.00,1.00
2009.05.26 16:37:13.606,0.6229,0.62295,1.20,1.20
2009.05.26 16:37:13.956,0.6228,0.62285,1.00,1.00
2009.05.26 16:37:14.957,0.6224,0.62285,2.20,1.00
2009.05.26 16:37:15.367,0.62245,0.623,3.00,1.00
2009.05.26 16:37:18.995,0.6227,0.623,1.00,1.00
2009.05.26 16:37:20.055,0.62275,0.623,1.60,1.00
2009.05.26 16:37:20.165,0.6228,0.623,1.40,1.00
2009.05.26 16:37:20.345,0.6228,0.6231,1.40,2.20
2009.05.26 16:37:20.465,0.6228,0.6231,3.20,3.00
2009.05.26 16:37:20.645,0.6228,0.6231,1.40,3.00
2009.05.26 16:37:20.825,0.62275,0.623,5.40,1.40
2009.05.26 16:37:21.065,0.6228,0.623,1.00,2.00
2009.05.26 16:37:21.184,0.6228,0.623,1.00,1.00
2009.05.26 16:37:21.625,0.6228,0.623,1.00,2.00
2009.05.26 16:37:24.394,0.6228,0.623,1.00,2.00
2009.05.26 16:37:24.624,0.62245,0.623,3.00,2.00
2009.05.26 16:37:26.013,0.6227,0.623,1.00,2.00
2009.05.26 16:37:26.253,0.6227,0.623,1.00,2.00
2009.05.26 16:37:27.053,0.62245,0.623,3.00,2.00
2009.05.26 16:37:34.671,0.6226,0.62305,5.00,1.00
2009.05.26 16:37:39.350,0.6227,0.62305,1.00,1.00
2009.05.26 16:37:39.580,0.6227,0.62305,1.00,1.00
2009.05.26 16:37:43.769,0.6228,0.62305,1.00,1.00
2009.05.26 16:37:53.487,0.6228,0.62305,1.00,1.00
2009.05.26 16:37:53.767,0.6226,0.62305,5.00,1.00
2009.05.26 16:37:59.765,0.6228,0.62305,1.00,1.00
2009.05.26 16:38:00.085,0.6228,0.62305,1.00,1.00
2009.05.26 16:38:01.975,0.6228,0.6231,1.00,6.20
2009.05.26 16:38:04.034,0.6227,0.6231,4.80,6.20
2009.05.26 16:38:04.714,0.6227,0.623,4.80,1.40
2009.05.26 16:38:05.004,0.6227,0.623,4.80,4.60
2009.05.26 16:38:05.234,0.6227,0.6231,4.80,4.00
2009.05.26 16:38:05.534,0.6227,0.6231,4.80,2.40
2009.05.26 16:38:05.764,0.6227,0.6231,4.80,6.20
2009.05.26 16:38:06.114,0.6227,0.6231,5.00,6.20
2009.05.26 16:38:06.404,0.6227,0.6231,5.20,6.20
2009.05.26 16:38:08.993,0.6227,0.6231,4.80,6.20
2009.05.26 16:38:09.523,0.6227,0.6231,5.00,6.20
2009.05.26 16:38:11.812,0.6227,0.6231,6.20,6.20
2009.05.26 16:38:14.492,0.6228,0.6231,2.40,1.60
2009.05.26 16:38:14.732,0.6228,0.6232,2.40,1.40
2009.05.26 16:38:19.161,0.6228,0.6232,2.40,1.00
2009.05.26 16:38:19.460,0.6228,0.6233,2.40,3.80
2009.05.26 16:38:36.966,0.62275,0.6232,3.20,3.40
2009.05.26 16:38:37.486,0.62275,0.6232,3.20,3.00
2009.05.26 16:38:40.655,0.62275,0.6232,5.40,3.00
2009.05.26 16:38:40.775,0.62275,0.6232,10.20,2.20
2009.05.26 16:38:40.945,0.62285,0.6232,2.40,1.40
2009.05.26 16:38:48.514,0.62285,0.6232,2.40,1.60
2009.05.26 16:38:51.783,0.62285,0.6231,2.40,1.00
2009.05.26 16:38:52.063,0.62285,0.6231,2.40,1.00
2009.05.26 16:38:52.173,0.62285,0.6232,2.40,1.00
2009.05.26 16:38:54.582,0.62285,0.6232,2.40,1.40
2009.05.26 16:38:56.651,0.6228,0.6232,2.40,1.40
2009.05.26 16:38:57.511,0.6228,0.6231,2.40,1.00
2009.05.26 16:38:58.521,0.6228,0.6231,2.40,2.00
2009.05.26 16:39:00.181,0.6229,0.6231,1.40,2.00
2009.05.26 16:39:00.461,0.6229,0.6232,8.60,2.20
2009.05.26 16:39:00.701,0.6229,0.6232,8.60,6.20
2009.05.26 16:39:01.341,0.6229,0.6232,8.60,6.40
2009.05.26 16:39:01.460,0.6229,0.6232,8.60,6.80
2009.05.26 16:39:02.220,0.623,0.6232,1.80,5.80
2009.05.26 16:39:02.460,0.623,0.6232,5.60,5.80
2009.05.26 16:39:02.630,0.6229,0.6232,8.60,5.80
2009.05.26 16:39:03.100,0.6229,0.6232,8.60,5.20
2009.05.26 16:39:03.440,0.6229,0.6232,8.60,4.60
2009.05.26 16:39:13.997,0.6229,0.6231,4.80,5.80
2009.05.26 16:39:14.237,0.6229,0.6231,3.20,5.80
2009.05.26 16:39:16.767,0.6229,0.6231,3.20,5.20
2009.05.26 16:39:16.817,0.6229,0.6231,3.20,4.60
2009.05.26 16:39:16.927,0.6229,0.62315,3.20,2.20
2009.05.26 16:39:17.047,0.6229,0.6231,3.20,4.00
2009.05.26 16:39:17.287,0.6229,0.6231,1.60,4.60
2009.05.26 16:39:17.337,0.62285,0.62305,4.80,1.00
2009.05.26 16:39:17.397,0.6228,0.6229,1.60,3.20
2009.05.26 16:39:17.457,0.62265,0.6229,2.80,3.20
2009.05.26 16:39:17.517,0.62265,0.6229,2.40,3.20
2009.05.26 16:39:20.466,0.6226,0.62305,5.00,2.60
2009.05.26 16:39:22.175,0.6226,0.62305,5.00,3.60
2009.05.26 16:39:31.873,0.6226,0.62305,5.00,2.80
2009.05.26 16:39:37.142,0.62265,0.62275,2.40,1.00
2009.05.26 16:39:37.202,0.62265,0.6227,2.40,4.60
2009.05.26 16:39:38.752,0.62265,0.6228,2.40,4.60
2009.05.26 16:39:39.791,0.62265,0.6228,2.40,3.00
2009.05.26 16:39:40.141,0.62265,0.6228,2.40,1.40
2009.05.26 16:39:42.171,0.6226,0.6228,3.80,1.40
2009.05.26 16:39:42.570,0.6226,0.6228,8.60,1.40
2009.05.26 16:39:46.860,0.62265,0.6227,2.40,3.00
2009.05.26 16:39:47.039,0.6227,0.6228,1.60,5.10
2009.05.26 16:39:47.200,0.6227,0.6228,3.20,5.10
2009.05.26 16:39:47.429,0.6227,0.6228,1.60,5.10
2009.05.26 16:39:48.409,0.62265,0.6227,2.40,4.60
2009.05.26 16:39:53.478,0.62265,0.6227,2.40,3.20
2009.05.26 16:39:53.658,0.6227,0.6228,3.20,4.60
2009.05.26 16:39:54.288,0.62265,0.6228,2.40,4.60
2009.05.26 16:40:01.026,0.62265,0.6229,2.40,4.00
2009.05.26 16:40:01.197,0.62265,0.6229,2.40,2.40
2009.05.26 16:40:01.486,0.62265,0.6229,2.40,5.40
2009.05.26 16:40:06.175,0.62265,0.6228,2.40,1.00
2009.05.26 16:40:11.044,0.62265,0.62275,2.40,2.40
2009.05.26 16:40:11.274,0.62265,0.6228,2.40,10.20
2009.05.26 16:40:11.333,0.62265,0.6228,2.40,3.80
2009.05.26 16:40:11.853,0.62265,0.6229,2.40,2.40
2009.05.26 16:40:11.973,0.62265,0.6229,2.40,8.60
2009.05.26 16:40:12.093,0.62265,0.6229,2.40,3.80
2009.05.26 16:40:12.613,0.62265,0.6229,2.40,5.40
2009.05.26 16:40:12.903,0.62265,0.6229,2.40,5.60
2009.05.26 16:40:12.953,0.62265,0.6229,2.40,6.00
2009.05.26 16:40:13.183,0.62265,0.6229,2.40,5.40
2009.05.26 16:40:16.872,0.62265,0.6229,2.40,6.00
2009.05.26 16:40:17.492,0.62265,0.6229,2.40,5.40
2009.05.26 16:40:25.360,0.62265,0.6229,2.40,5.60
2009.05.26 16:40:25.770,0.62265,0.6229,2.40,5.40
2009.05.26 16:40:30.399,0.62265,0.6229,2.40,6.60
2009.05.26 16:40:31.589,0.62265,0.6229,2.40,6.00
2009.05.26 16:40:35.098,0.6227,0.6229,1.00,6.20
2009.05.26 16:40:35.508,0.62265,0.6229,2.40,4.60
2009.05.26 16:40:36.088,0.6227,0.62295,1.00,2.00
2009.05.26 16:40:36.368,0.6227,0.623,2.40,6.40
2009.05.26 16:40:36.607,0.6227,0.62305,2.40,3.20
2009.05.26 16:40:36.787,0.62275,0.6231,2.40,3.80
2009.05.26 16:40:37.017,0.62275,0.6231,2.40,3.20
2009.05.26 16:40:37.137,0.62285,0.6231,2.40,3.20
2009.05.26 16:40:37.847,0.62285,0.62315,2.40,7.20
2009.05.26 16:40:37.957,0.62285,0.62315,2.40,3.20
2009.05.26 16:40:38.777,0.6229,0.62315,2.40,3.20
2009.05.26 16:40:43.256,0.6229,0.6232,2.40,3.20
2009.05.26 16:40:44.156,0.62295,0.6232,2.40,3.20
2009.05.26 16:40:44.266,0.62295,0.62325,2.40,3.20
2009.05.26 16:40:44.725,0.623,0.62325,2.40,3.20
2009.05.26 16:40:54.223,0.623,0.6234,2.40,3.20
2009.05.26 16:40:54.633,0.62305,0.62345,2.40,8.00
2009.05.26 16:40:54.933,0.62305,0.62345,2.40,3.80
2009.05.26 16:40:55.223,0.6231,0.62345,2.40,3.20
2009.05.26 16:40:55.853,0.62305,0.62345,2.40,3.20
2009.05.26 16:40:56.193,0.623,0.62345,2.40,3.20
2009.05.26 16:40:57.333,0.623,0.6235,2.40,4.80
2009.05.26 16:41:01.211,0.62295,0.62345,3.40,1.00
2009.05.26 16:41:01.851,0.623,0.6235,2.40,4.80
2009.05.26 16:41:02.081,0.623,0.6235,2.40,4.20
2009.05.26 16:41:03.041,0.62295,0.62345,3.00,1.00
2009.05.26 16:41:03.331,0.62295,0.62345,3.40,1.00
2009.05.26 16:41:04.611,0.623,0.6235,2.40,4.20
2009.05.26 16:41:05.531,0.62295,0.62345,3.40,1.00
2009.05.26 16:41:06.160,0.62295,0.62345,3.00,1.00
2009.05.26 16:41:12.439,0.62295,0.62345,3.40,1.00
2009.05.26 16:41:22.186,0.62295,0.62345,2.80,1.00
2009.05.26 16:41:22.366,0.62295,0.62345,2.40,1.00
2009.05.26 16:41:24.076,0.623,0.6235,2.40,4.20
2009.05.26 16:41:26.115,0.62305,0.6235,2.40,3.40
2009.05.26 16:41:27.265,0.6232,0.6235,1.20,1.00
2009.05.26 16:41:27.995,0.6232,0.6235,1.00,1.00
2009.05.26 16:41:28.165,0.62305,0.6235,3.00,1.00
2009.05.26 16:41:29.245,0.6231,0.6235,2.40,1.00
2009.05.26 16:41:34.734,0.6232,0.6235,1.00,1.00
2009.05.26 16:41:35.024,0.6232,0.6235,1.00,1.00
2009.05.26 16:41:35.203,0.6231,0.6235,2.40,1.00
2009.05.26 16:41:53.059,0.62305,0.6235,2.40,1.00
2009.05.26 16:41:59.897,0.62305,0.6235,3.00,1.00
2009.05.26 16:42:09.925,0.62305,0.6235,2.80,1.00
2009.05.26 16:42:10.045,0.62305,0.6235,2.40,1.00
2009.05.26 16:42:24.931,0.62305,0.6235,3.00,1.00
2009.05.26 16:42:25.331,0.62305,0.6235,2.80,1.00
2009.05.26 16:42:25.571,0.62305,0.6235,2.40,1.00
2009.05.26 16:42:25.811,0.62305,0.6235,2.80,1.00
2009.05.26 16:42:25.981,0.62305,0.6235,3.00,1.00
2009.05.26 16:42:28.041,0.62305,0.6235,2.80,1.00
2009.05.26 16:42:28.151,0.62305,0.6235,2.40,1.00
2009.05.26 16:42:29.710,0.62305,0.6235,2.80,1.00
2009.05.26 16:42:29.930,0.62305,0.6235,3.00,1.00
2009.05.26 16:42:31.040,0.62305,0.6235,2.40,1.00
2009.05.26 16:42:34.219,0.62305,0.6235,3.40,1.00
2009.05.26 16:42:35.419,0.62305,0.6235,3.00,1.00
2009.05.26 16:42:40.728,0.62305,0.6234,2.40,1.40
2009.05.26 16:42:41.187,0.62305,0.6233,2.40,1.80
2009.05.26 16:42:41.707,0.62305,0.6233,2.40,1.40
2009.05.26 16:42:41.947,0.62305,0.6233,2.40,1.00
2009.05.26 16:42:42.287,0.62305,0.6234,2.40,1.00
2009.05.26 16:42:42.567,0.62305,0.6234,2.40,1.00
2009.05.26 16:42:42.967,0.62305,0.6234,2.40,1.40
2009.05.26 16:42:43.258,0.6231,0.6234,2.40,1.40
2009.05.26 16:42:43.897,0.6231,0.6234,2.40,1.80
2009.05.26 16:42:44.457,0.6231,0.6234,2.40,1.40
2009.05.26 16:42:44.797,0.6231,0.6234,2.40,1.80
2009.05.26 16:42:45.207,0.6231,0.6234,2.40,1.40
2009.05.26 16:42:45.507,0.6231,0.6234,2.40,1.80
2009.05.26 16:42:46.196,0.6231,0.6234,2.40,1.40
2009.05.26 16:42:46.306,0.6231,0.6234,2.40,1.80
2009.05.26 16:42:46.666,0.6231,0.6234,2.40,1.40
2009.05.26 16:42:47.236,0.6231,0.6234,2.40,1.40
2009.05.26 16:42:47.356,0.6231,0.6234,2.40,1.00
2009.05.26 16:42:47.516,0.62305,0.6234,2.40,1.00
2009.05.26 16:42:47.806,0.6231,0.6234,2.40,1.00
2009.05.26 16:42:47.986,0.6231,0.6235,2.40,1.00
2009.05.26 16:42:56.204,0.6231,0.6234,2.40,1.80
2009.05.26 16:42:56.434,0.6231,0.6234,2.40,1.40
2009.05.26 16:42:57.544,0.62305,0.6234,2.40,1.40
2009.05.26 16:42:57.953,0.62305,0.6234,2.40,7.00
2009.05.26 16:42:58.294,0.623,0.6233,2.40,1.00
2009.05.26 16:43:08.101,0.623,0.6233,2.40,1.40
2009.05.26 16:43:13.250,0.623,0.6233,2.40,2.80
2009.05.26 16:43:13.720,0.623,0.6233,2.40,6.00
2009.05.26 16:43:18.708,0.623,0.6233,2.40,8.00
2009.05.26 16:43:21.578,0.623,0.6233,2.40,7.60
2009.05.26 16:43:26.027,0.623,0.6233,2.40,6.40
2009.05.26 16:43:26.187,0.623,0.6233,2.40,6.60
2009.05.26 16:43:28.196,0.623,0.6233,2.40,7.60
2009.05.26 16:43:33.135,0.62295,0.6233,7.20,6.20
2009.05.26 16:43:33.245,0.62295,0.6233,9.80,4.00
2009.05.26 16:43:33.415,0.623,0.6233,2.40,1.20
2009.05.26 16:43:33.525,0.623,0.6233,2.40,1.40
2009.05.26 16:43:33.575,0.623,0.6233,2.40,1.40
2009.05.26 16:43:34.085,0.623,0.6233,2.40,1.00
2009.05.26 16:43:34.135,0.623,0.6233,2.40,1.00
2009.05.26 16:43:34.554,0.623,0.6233,2.40,1.40
2009.05.26 16:43:35.184,0.623,0.6233,2.40,1.40
2009.05.26 16:43:35.534,0.623,0.6233,2.40,1.40
2009.05.26 16:43:38.114,0.623,0.6232,2.40,1.20
2009.05.26 16:43:38.984,0.62295,0.6232,5.00,1.20
2009.05.26 16:43:43.632,0.62295,0.6232,5.00,1.60
2009.05.26 16:43:45.032,0.62295,0.6232,5.00,1.20
2009.05.26 16:43:45.332,0.62295,0.6232,5.00,1.00
2009.05.26 16:43:45.682,0.62295,0.6233,5.00,1.00
2009.05.26 16:43:55.730,0.62295,0.62345,5.00,3.80
2009.05.26 16:44:22.153,0.62295,0.6233,5.00,1.00
2009.05.26 16:44:31.991,0.62295,0.6233,5.00,1.00
2009.05.26 16:44:32.161,0.62295,0.62345,5.00,3.80
2009.05.26 16:44:39.399,0.62295,0.6233,5.00,1.00
2009.05.26 16:44:39.519,0.62295,0.6233,5.00,1.00
2009.05.26 16:44:45.438,0.623,0.6233,2.40,1.00
2009.05.26 16:44:46.918,0.623,0.62325,2.40,2.00
2009.05.26 16:44:55.656,0.623,0.6232,2.40,4.60
2009.05.26 16:44:56.626,0.623,0.6232,2.40,5.40
2009.05.26 16:44:57.935,0.6232,0.6233,3.20,8.60
2009.05.26 16:44:58.156,0.6232,0.6233,2.60,4.70
2009.05.26 16:44:58.335,0.6232,0.6233,1.00,6.20
2009.05.26 16:44:58.505,0.623,0.6233,2.40,4.60
2009.05.26 16:45:06.733,0.623,0.6233,2.40,4.80
2009.05.26 16:45:06.913,0.623,0.6233,2.40,5.20
2009.05.26 16:45:10.542,0.623,0.6233,2.40,4.60
2009.05.26 16:45:55.072,0.623,0.62325,2.40,1.60
2009.05.26 16:45:55.182,0.623,0.6231,2.40,1.40
2009.05.26 16:45:55.362,0.623,0.6232,2.40,3.00
2009.05.26 16:45:55.471,0.6231,0.6232,3.20,6.20
2009.05.26 16:45:55.711,0.6231,0.62325,3.20,3.60
2009.05.26 16:45:56.351,0.6231,0.62325,1.60,3.60
2009.05.26 16:45:56.591,0.623,0.6232,2.40,1.40
2009.05.26 16:45:56.871,0.623,0.62325,2.40,2.00
2009.05.26 16:45:57.861,0.623,0.6231,2.40,1.40
2009.05.26 16:46:05.659,0.623,0.6231,2.40,5.40
2009.05.26 16:46:06.729,0.623,0.62305,2.40,1.00
2009.05.26 16:46:16.246,0.623,0.6231,2.40,4.60
2009.05.26 16:46:17.576,0.623,0.6231,2.40,4.80
2009.05.26 16:46:17.686,0.623,0.6231,2.40,5.20
2009.05.26 16:46:18.896,0.623,0.6231,2.40,4.80
2009.05.26 16:46:19.136,0.623,0.6231,2.40,5.20
2009.05.26 16:46:19.886,0.623,0.6231,2.40,4.60
2009.05.26 16:46:22.275,0.623,0.6231,2.40,5.20
2009.05.26 16:46:23.075,0.623,0.6231,2.40,4.60
2009.05.26 16:46:23.985,0.623,0.62305,2.40,1.00
2009.05.26 16:46:31.073,0.6229,0.623,3.00,1.40
2009.05.26 16:46:31.543,0.6229,0.623,3.10,4.60
2009.05.26 16:47:11.133,0.6229,0.623,1.80,4.60
2009.05.26 16:47:11.253,0.6228,0.623,6.60,4.60
2009.05.26 16:47:11.413,0.6228,0.623,4.80,4.60
2009.05.26 16:47:28.340,0.6228,0.623,4.80,3.20
2009.05.26 16:47:28.639,0.6228,0.62305,4.80,1.00
2009.05.26 16:47:35.847,0.6228,0.623,4.80,1.40
2009.05.26 16:47:36.137,0.6228,0.623,4.80,4.60
2009.05.26 16:48:02.451,0.6228,0.623,6.20,4.60
2009.05.26 16:48:17.857,0.6228,0.623,6.20,3.20
2009.05.26 16:48:17.967,0.6228,0.623,6.20,1.60
2009.05.26 16:48:18.267,0.6228,0.6231,6.20,4.60
2009.05.26 16:48:59.587,0.6229,0.6231,1.00,4.60
2009.05.26 16:49:14.753,0.6229,0.6231,1.00,4.60
2009.05.26 16:49:24.671,0.6229,0.6231,1.00,4.60
2009.05.26 16:49:24.791,0.6229,0.6231,1.00,4.60
2009.05.26 16:49:25.121,0.6229,0.6231,1.00,4.60
2009.05.26 16:49:25.291,0.6228,0.6231,6.20,4.60
2009.05.26 16:49:25.401,0.6229,0.6231,1.00,4.60
2009.05.26 16:49:25.691,0.6229,0.6231,1.00,4.60
2009.05.26 16:49:31.849,0.6229,0.6231,1.00,4.60
2009.05.26 16:49:32.189,0.6229,0.6231,1.00,4.60
2009.05.26 16:49:32.599,0.6228,0.6231,6.20,4.60
2009.05.26 16:49:33.549,0.623,0.6231,1.60,4.60
2009.05.26 16:49:33.839,0.623,0.6231,4.00,1.60
2009.05.26 16:49:34.129,0.623,0.6232,4.00,1.00
2009.05.26 16:49:34.469,0.623,0.62325,4.00,1.00
2009.05.26 16:49:34.809,0.623,0.62325,8.00,1.00
2009.05.26 16:49:35.149,0.623,0.6234,8.00,1.00
2009.05.26 16:49:35.479,0.623,0.6234,6.40,1.00
2009.05.26 16:49:35.758,0.623,0.62345,4.80,1.00
2009.05.26 16:49:36.508,0.62305,0.6235,3.00,1.00
2009.05.26 16:49:38.158,0.6232,0.6235,1.00,1.00
2009.05.26 16:49:38.448,0.6232,0.6235,1.00,1.00
2009.05.26 16:49:40.187,0.6232,0.6235,1.00,1.00
2009.05.26 16:49:40.478,0.6232,0.62355,1.00,1.00
2009.05.26 16:49:40.917,0.6232,0.62335,1.00,1.00
2009.05.26 16:49:41.277,0.623,0.62335,1.00,1.00
2009.05.26 16:49:50.895,0.623,0.62335,1.00,1.00
2009.05.26 16:49:51.065,0.62285,0.62335,4.60,1.00
2009.05.26 16:49:51.645,0.623,0.62335,1.00,1.00
2009.05.26 16:49:51.814,0.623,0.62335,4.00,1.00
2009.05.26 16:50:05.061,0.623,0.62335,4.20,1.00
2009.05.26 16:50:05.231,0.623,0.62335,4.60,1.00
2009.05.26 16:50:15.349,0.623,0.62335,4.00,1.00
2009.05.26 16:50:15.999,0.62285,0.62335,6.80,1.00
2009.05.26 16:50:16.229,0.62285,0.62335,6.20,1.00
2009.05.26 16:50:18.238,0.62285,0.6233,5.80,1.00
2009.05.26 16:50:18.538,0.62285,0.6232,5.40,1.00
2009.05.26 16:50:18.828,0.62285,0.62335,5.40,1.00
2009.05.26 16:50:26.706,0.62285,0.62335,6.20,1.00
2009.05.26 16:50:27.006,0.62285,0.62335,5.40,1.00
2009.05.26 16:50:27.296,0.62285,0.62335,6.20,1.00
2009.05.26 16:50:30.705,0.62285,0.62335,5.80,1.00
2009.05.26 16:50:30.935,0.62285,0.62335,6.20,1.00
2009.05.26 16:50:38.213,0.62285,0.62335,6.40,1.00
2009.05.26 16:50:39.933,0.62285,0.62335,6.60,1.00
2009.05.26 16:50:40.103,0.62285,0.62335,6.80,1.00
2009.05.26 16:50:40.163,0.62285,0.62335,5.40,1.00
2009.05.26 16:50:40.603,0.623,0.62335,1.20,1.00
2009.05.26 16:50:40.883,0.623,0.6234,1.20,4.60
2009.05.26 16:50:41.243,0.623,0.62335,1.20,1.00
2009.05.26 16:50:41.692,0.623,0.62335,1.00,1.00
2009.05.26 16:50:43.002,0.623,0.62335,1.00,1.00
2009.05.26 16:50:43.232,0.62285,0.62335,6.80,1.00
2009.05.26 16:50:46.241,0.623,0.62335,1.00,1.00
2009.05.26 16:50:46.692,0.62285,0.62335,6.20,1.00
2009.05.26 16:50:52.060,0.623,0.62335,1.00,1.00
2009.05.26 16:50:52.290,0.623,0.62335,1.20,1.00
2009.05.26 16:50:52.460,0.623,0.62335,1.20,1.00
2009.05.26 16:50:52.740,0.623,0.62335,1.00,1.00
2009.05.26 16:51:04.127,0.623,0.62335,1.00,1.00
2009.05.26 16:51:04.187,0.62285,0.62335,5.40,1.00
2009.05.26 16:51:20.963,0.623,0.62335,1.00,1.00
2009.05.26 16:51:38.239,0.623,0.62335,1.40,1.00
2009.05.26 16:51:42.598,0.623,0.6234,1.40,1.00
2009.05.26 16:51:48.206,0.623,0.6234,1.00,1.00
2009.05.26 16:51:48.266,0.623,0.6234,1.00,1.00
2009.05.26 16:52:09.002,0.623,0.6234,1.00,1.00
2009.05.26 16:52:09.232,0.6231,0.6234,1.00,1.00
2009.05.26 16:52:09.471,0.6231,0.6234,4.00,1.00
2009.05.26 16:52:22.058,0.6231,0.6234,3.20,1.00
2009.05.26 16:52:22.108,0.6231,0.6234,3.20,4.00
2009.05.26 16:52:22.278,0.623,0.6234,4.00,4.00
2009.05.26 16:52:33.156,0.62325,0.6234,2.40,4.00
2009.05.26 16:52:33.456,0.62325,0.6234,1.20,4.00
2009.05.26 16:52:33.916,0.62285,0.6234,5.20,4.00
2009.05.26 16:52:34.306,0.62285,0.6234,2.40,4.00
2009.05.26 16:52:34.775,0.62285,0.6234,2.40,1.00
2009.05.26 16:52:35.065,0.6231,0.6234,2.40,1.00
2009.05.26 16:52:35.235,0.6231,0.6234,4.00,1.00
2009.05.26 16:52:35.465,0.623,0.6234,5.60,1.00
2009.05.26 16:52:35.635,0.623,0.6234,2.40,1.00
2009.05.26 16:52:35.985,0.623,0.6234,2.40,4.00
2009.05.26 16:52:41.094,0.6232,0.62345,6.20,1.60
2009.05.26 16:52:41.324,0.62335,0.6235,5.60,2.20
2009.05.26 16:52:41.504,0.62335,0.6235,5.60,3.40
2009.05.26 16:52:41.674,0.62335,0.6237,1.00,3.80
2009.05.26 16:52:42.184,0.62345,0.62365,1.00,1.00
2009.05.26 16:52:42.534,0.62345,0.6238,3.20,1.60
2009.05.26 16:52:42.933,0.62345,0.6239,3.20,4.80
2009.05.26 16:52:43.793,0.62345,0.6239,3.20,5.40
2009.05.26 16:52:44.503,0.62345,0.6239,3.20,5.00
2009.05.26 16:52:44.613,0.62345,0.6239,3.20,3.20
2009.05.26 16:52:44.773,0.6236,0.6239,1.00,3.20
2009.05.26 16:52:44.883,0.6236,0.6239,4.60,3.20
2009.05.26 16:52:44.943,0.6236,0.6239,4.60,3.20
2009.05.26 16:52:45.053,0.6236,0.62395,3.20,3.80
2009.05.26 16:52:45.293,0.6236,0.62395,4.60,3.80
2009.05.26 16:53:12.356,0.6236,0.62395,3.20,3.80
2009.05.26 16:53:12.526,0.6236,0.6239,3.20,4.00
2009.05.26 16:53:12.696,0.62345,0.6239,4.00,4.00
2009.05.26 16:53:12.876,0.6235,0.62385,4.80,1.00
2009.05.26 16:53:13.046,0.6235,0.62385,1.60,1.00
2009.05.26 16:53:20.524,0.6235,0.62385,1.60,3.80
2009.05.26 16:53:20.854,0.6235,0.6238,1.60,1.00
2009.05.26 16:53:21.074,0.6236,0.62375,1.00,1.00
2009.05.26 16:53:21.124,0.6236,0.62375,1.00,1.00
2009.05.26 16:53:21.354,0.6236,0.6238,1.00,1.00
2009.05.26 16:53:21.534,0.6235,0.6238,1.60,1.00
2009.05.26 16:53:21.944,0.6235,0.6238,1.60,4.60
2009.05.26 16:53:22.214,0.6235,0.62375,1.60,1.00
2009.05.26 16:53:23.134,0.6235,0.6238,1.60,1.00
2009.05.26 16:53:32.571,0.6234,0.6238,5.60,1.00
2009.05.26 16:53:44.049,0.6234,0.6238,4.80,1.00
2009.05.26 16:53:44.228,0.6234,0.6238,1.60,1.00
2009.05.26 16:53:55.896,0.6236,0.6238,1.00,1.00
2009.05.26 16:53:56.476,0.6236,0.6238,1.00,1.00
2009.05.26 16:53:56.536,0.6234,0.6238,1.60,1.00
2009.05.26 16:53:57.755,0.6236,0.6238,1.00,1.00
2009.05.26 16:53:58.036,0.6233,0.6238,1.60,1.00
2009.05.26 16:54:00.175,0.6236,0.6238,1.00,1.00
2009.05.26 16:54:00.235,0.6236,0.6238,1.00,1.00
2009.05.26 16:54:03.624,0.6236,0.62395,2.40,4.80
2009.05.26 16:54:03.974,0.6236,0.62395,4.00,3.20
2009.05.26 16:54:04.904,0.6236,0.624,4.00,14.20
2009.05.26 16:54:06.963,0.6236,0.624,4.60,14.20
2009.05.26 16:54:07.083,0.6236,0.624,5.20,14.40
2009.05.26 16:54:07.643,0.6236,0.624,4.80,14.40
2009.05.26 16:54:08.003,0.6236,0.624,4.60,14.40
2009.05.26 16:54:09.062,0.6236,0.624,4.80,8.40
2009.05.26 16:54:11.052,0.6237,0.624,1.00,8.40
2009.05.26 16:54:12.202,0.6237,0.624,1.20,8.40
2009.05.26 16:54:12.552,0.6236,0.624,4.00,8.40
2009.05.26 16:54:13.312,0.6236,0.624,4.20,8.40
2009.05.26 16:54:13.542,0.6236,0.624,4.60,8.40
2009.05.26 16:54:18.300,0.6237,0.624,2.20,5.20
2009.05.26 16:54:18.530,0.6237,0.62395,3.20,1.00
2009.05.26 16:54:18.820,0.6237,0.62395,6.40,1.00
2009.05.26 16:54:32.077,0.6237,0.62385,4.80,1.00
2009.05.26 16:54:32.247,0.6237,0.62385,3.20,1.00
2009.05.26 16:54:32.357,0.6236,0.62385,8.00,1.00
2009.05.26 16:54:32.587,0.62355,0.624,5.80,4.60
2009.05.26 16:54:32.877,0.6236,0.624,4.00,4.40
2009.05.26 16:54:37.236,0.6235,0.624,11.80,4.40
2009.05.26 16:54:37.406,0.6235,0.624,10.20,6.00
2009.05.26 16:54:37.466,0.6235,0.624,8.60,6.00
2009.05.26 16:54:37.766,0.6235,0.624,8.60,9.20
2009.05.26 16:54:37.826,0.6235,0.624,3.80,9.20
2009.05.26 16:54:37.936,0.6235,0.624,3.80,10.00
2009.05.26 16:54:38.055,0.6235,0.6239,3.80,3.00
2009.05.26 16:54:38.405,0.6235,0.6239,3.80,4.60
2009.05.26 16:54:39.165,0.6235,0.6239,2.40,4.60
2009.05.26 16:54:39.275,0.62345,0.62385,1.60,1.00
2009.05.26 16:54:39.395,0.62335,0.62385,7.80,2.00
2009.05.26 16:54:39.505,0.62335,0.62385,7.20,2.00
2009.05.26 16:54:40.535,0.62335,0.62385,5.00,2.00
2009.05.26 16:54:40.705,0.62335,0.62385,5.00,5.20
2009.05.26 16:54:40.885,0.6234,0.6238,2.40,5.20
2009.05.26 16:54:42.225,0.6235,0.6238,1.00,5.20
2009.05.26 16:54:42.385,0.6235,0.6238,1.20,2.20
2009.05.26 16:54:42.605,0.6235,0.6238,1.20,1.00
2009.05.26 16:54:42.765,0.6235,0.62385,1.20,2.00
2009.05.26 16:54:43.854,0.6235,0.6238,1.60,3.20
2009.05.26 16:54:44.084,0.6235,0.62385,1.60,1.00
2009.05.26 16:54:53.532,0.6235,0.62385,1.00,1.00
2009.05.26 16:54:53.712,0.62335,0.62385,6.20,1.00
2009.05.26 16:55:00.380,0.6235,0.6236,1.20,4.60
2009.05.26 16:55:00.670,0.6235,0.6237,1.20,3.80
2009.05.26 16:55:00.890,0.6235,0.6236,1.20,3.20
2009.05.26 16:55:01.000,0.6235,0.62395,1.20,5.20
2009.05.26 16:55:01.060,0.6235,0.6239,1.20,5.20
2009.05.26 16:55:01.230,0.6235,0.6239,1.00,5.20
2009.05.26 16:55:01.350,0.6235,0.6239,1.20,5.20
2009.05.26 16:55:01.630,0.6235,0.62395,1.20,5.20
2009.05.26 16:55:02.670,0.6235,0.62385,1.00,5.20
2009.05.26 16:55:02.840,0.62335,0.62385,7.20,3.80
2009.05.26 16:55:03.010,0.62335,0.62385,7.20,5.20
2009.05.26 16:55:03.130,0.62335,0.62385,7.20,2.00
2009.05.26 16:55:03.419,0.62335,0.62385,5.00,2.00
2009.05.26 16:55:04.049,0.62335,0.6238,5.00,1.60
2009.05.26 16:55:04.269,0.6234,0.6238,2.40,1.00
2009.05.26 16:55:04.669,0.62345,0.6238,1.60,1.00
2009.05.26 16:55:04.839,0.62345,0.6238,6.20,1.00
2009.05.26 16:55:05.019,0.6235,0.6239,2.40,4.60
2009.05.26 16:55:05.659,0.6235,0.6238,2.40,1.40
2009.05.26 16:55:05.779,0.6235,0.6238,2.40,3.00
2009.05.26 16:55:05.899,0.6235,0.62385,1.00,2.00
2009.05.26 16:55:06.069,0.62345,0.62385,2.20,2.00
2009.05.26 16:55:06.179,0.6235,0.6239,2.40,4.60
2009.05.26 16:55:06.289,0.6235,0.6238,1.60,1.00
2009.05.26 16:55:06.589,0.6234,0.6238,4.00,1.00
2009.05.26 16:55:06.809,0.6234,0.6238,2.40,1.00
2009.05.26 16:55:07.758,0.62345,0.6238,5.40,1.00
2009.05.26 16:55:08.039,0.6235,0.6239,2.40,4.60
2009.05.26 16:55:09.418,0.6235,0.6238,2.40,1.60
2009.05.26 16:55:09.578,0.62335,0.62385,8.80,2.00
2009.05.26 16:55:09.858,0.62335,0.6238,7.20,3.20
2009.05.26 16:55:10.019,0.62335,0.62385,7.20,2.00
2009.05.26 16:55:10.138,0.62335,0.62385,5.00,2.00
2009.05.26 16:55:10.308,0.6234,0.6238,2.40,3.80
2009.05.26 16:55:10.648,0.6234,0.6238,2.40,1.00
2009.05.26 16:55:11.118,0.6234,0.6238,1.60,1.00
2009.05.26 16:55:15.257,0.6234,0.62375,1.60,1.00
2009.05.26 16:55:15.376,0.6234,0.6237,1.60,1.00
2009.05.26 16:55:17.066,0.6234,0.6237,2.40,2.00
2009.05.26 16:55:17.246,0.6234,0.6237,2.40,3.60
2009.05.26 16:55:17.366,0.6234,0.6237,2.40,5.20
2009.05.26 16:55:20.725,0.6234,0.6236,2.40,1.00
2009.05.26 16:55:20.945,0.6234,0.6236,2.40,6.00
2009.05.26 16:55:22.235,0.6234,0.6235,2.40,1.40
2009.05.26 16:55:22.415,0.6234,0.6235,2.20,1.40
2009.05.26 16:55:22.535,0.6234,0.6235,2.20,4.60
2009.05.26 16:55:23.575,0.6234,0.6235,2.20,3.20
2009.05.26 16:55:23.915,0.6234,0.6239,2.20,3.80
2009.05.26 16:55:24.145,0.6234,0.6239,2.20,1.00
2009.05.26 16:55:28.413,0.6234,0.62375,2.20,1.00
2009.05.26 16:55:30.233,0.6234,0.62375,2.20,2.00
2009.05.26 16:55:34.362,0.6234,0.6236,1.60,1.40
2009.05.26 16:55:34.592,0.6234,0.6236,1.60,4.60
2009.05.26 16:55:34.812,0.6234,0.6237,1.60,5.20
2009.05.26 16:55:41.570,0.6234,0.6237,1.60,4.80
2009.05.26 16:55:41.691,0.6234,0.62345,1.60,1.40
2009.05.26 16:55:41.800,0.623,0.62345,8.80,1.00
2009.05.26 16:55:41.920,0.623,0.62345,4.00,3.20
2009.05.26 16:55:42.660,0.623,0.62345,4.40,3.20
2009.05.26 16:55:43.300,0.6232,0.6233,2.20,3.20
2009.05.26 16:55:43.520,0.6232,0.6233,4.60,3.20
2009.05.26 16:55:43.740,0.6233,0.62355,1.00,4.80
2009.05.26 16:55:44.090,0.6233,0.62385,1.00,3.80
2009.05.26 16:55:44.430,0.62325,0.62385,3.00,3.80
2009.05.26 16:55:45.189,0.62325,0.6237,2.80,3.80
2009.05.26 16:55:50.878,0.6234,0.6237,1.00,3.80
2009.05.26 16:55:51.048,0.6234,0.6237,1.60,3.80
2009.05.26 16:55:51.628,0.62325,0.6235,2.20,3.80
2009.05.26 16:55:51.808,0.62325,0.62355,1.60,3.80
2009.05.26 16:55:51.858,0.62325,0.6234,1.60,1.60
2009.05.26 16:55:54.008,0.62315,0.6232,2.40,1.40
2009.05.26 16:55:54.187,0.6231,0.6232,2.20,4.60
2009.05.26 16:55:54.407,0.62315,0.6232,4.80,1.60
2009.05.26 16:55:54.697,0.62315,0.6233,4.80,6.20
2009.05.26 16:55:54.867,0.62315,0.6233,4.80,4.60
2009.05.26 16:55:55.147,0.62315,0.6232,4.80,3.00
2009.05.26 16:55:55.427,0.62315,0.6232,2.40,3.80
2009.05.26 16:55:55.537,0.62315,0.6232,2.40,3.00
2009.05.26 16:55:55.707,0.6231,0.6232,1.00,3.00
2009.05.26 16:55:55.877,0.6231,0.6232,1.20,3.20
2009.05.26 16:55:56.157,0.62315,0.6233,4.80,4.60
2009.05.26 16:55:56.737,0.62315,0.6232,4.80,1.60
2009.05.26 16:55:57.027,0.62315,0.6232,2.40,1.60
2009.05.26 16:55:57.197,0.6231,0.6232,1.00,3.00
2009.05.26 16:55:57.497,0.6231,0.6232,1.00,3.20
2009.05.26 16:55:57.657,0.6231,0.6233,1.20,4.60
2009.05.26 16:55:58.007,0.62315,0.6233,4.80,4.60
2009.05.26 16:55:58.466,0.62315,0.6233,5.40,4.60
2009.05.26 16:55:58.866,0.62315,0.6233,4.80,4.60
2009.05.26 16:55:59.266,0.62315,0.6232,4.80,1.80
2009.05.26 16:55:59.496,0.62315,0.62335,2.40,1.60
2009.05.26 16:55:59.726,0.6231,0.6232,2.20,3.20
2009.05.26 16:55:59.906,0.6232,0.6233,2.40,2.40
2009.05.26 16:56:00.196,0.62315,0.6233,2.80,1.60
2009.05.26 16:56:00.306,0.62315,0.6234,5.40,1.40
2009.05.26 16:56:00.706,0.62315,0.6234,4.60,1.40
2009.05.26 16:56:00.935,0.62315,0.6234,4.60,1.20
2009.05.26 16:56:05.344,0.62315,0.6234,5.40,1.20
