2008.10.24 01:00:08.130,0.588,0.5887,59.80,34.28
2008.10.24 01:00:08.590,0.58815,0.5887,52.30,49.28
2008.10.24 01:00:11.069,0.58815,0.58855,64.80,34.68
2008.10.24 01:00:11.299,0.5881,0.58835,64.00,43.50
2008.10.24 01:00:11.479,0.588,0.5888,25.90,19.58
2008.10.24 01:00:15.818,0.588,0.5887,52.60,60.58
2008.10.24 01:00:15.928,0.5881,0.5887,46.60,69.38
2008.10.24 01:01:20.712,0.58815,0.5888,49.60,71.78
2008.10.24 01:01:21.003,0.5881,0.5887,47.20,91.78
2008.10.24 01:01:22.142,0.588,0.58865,61.80,86.78
2008.10.24 01:02:04.452,0.58805,0.5887,50.60,67.38
2008.10.24 01:02:04.912,0.5881,0.5887,47.20,71.38
2008.10.24 01:02:07.501,0.588,0.58865,50.80,54.98
2008.10.24 01:02:09.800,0.58805,0.5887,59.20,82.98
2008.10.24 01:02:10.231,0.5881,0.5889,43.60,66.08
2008.10.24 01:02:12.970,0.588,0.58875,55.60,71.98
2008.10.24 01:02:17.588,0.58805,0.5887,62.40,80.20
2008.10.24 01:02:17.988,0.5881,0.5889,43.60,68.98
2008.10.24 01:02:43.642,0.5881,0.5888,52.80,46.08
2008.10.24 01:02:58.299,0.588,0.58865,53.20,73.38
2008.10.24 01:03:01.238,0.5881,0.5888,77.00,83.08
2008.10.24 01:03:09.396,0.5882,0.5888,56.20,93.08
2008.10.24 01:03:14.355,0.58805,0.5887,56.20,88.18
2008.10.24 01:03:19.224,0.58795,0.5886,60.60,97.78
2008.10.24 01:03:20.024,0.58815,0.58895,53.60,58.98
2008.10.24 01:03:20.254,0.588,0.5889,60.50,67.00
2008.10.24 01:03:22.433,0.5881,0.5886,55.50,70.68
2008.10.24 01:03:26.832,0.5881,0.5888,59.20,48.00
2008.10.24 01:03:31.361,0.5881,0.5887,60.50,64.98
2008.10.24 01:03:43.608,0.5881,0.5887,58.40,118.08
2008.10.24 01:03:43.898,0.5881,0.5888,52.90,70.08
2008.10.24 01:03:58.874,0.5882,0.5888,50.40,55.98
2008.10.24 01:04:01.673,0.58825,0.58885,64.00,69.28
2008.10.24 01:04:02.583,0.5883,0.5889,54.60,57.18
2008.10.24 01:04:02.703,0.5883,0.5889,54.80,60.58
2008.10.24 01:04:07.242,0.5885,0.5889,68.50,60.78
2008.10.24 01:04:07.802,0.5885,0.5889,43.80,60.58
2008.10.24 01:04:09.342,0.58855,0.58955,24.70,15.58
2008.10.24 01:04:09.511,0.5886,0.58965,24.70,14.18
2008.10.24 01:04:12.961,0.58885,0.58995,51.50,68.68
2008.10.24 01:04:17.539,0.5892,0.58995,60.80,68.68
2008.10.24 01:04:18.469,0.5892,0.59,46.40,70.58
2008.10.24 01:04:20.959,0.58925,0.59,60.30,62.20
2008.10.24 01:04:21.019,0.58925,0.59,69.90,70.10
2008.10.24 01:04:21.189,0.58945,0.59005,47.20,61.38
2008.10.24 01:04:22.778,0.58945,0.59,61.40,72.98
2008.10.24 01:04:22.948,0.58945,0.58995,39.20,70.68
2008.10.24 01:04:23.068,0.5891,0.58995,40.20,84.68
2008.10.24 01:04:23.658,0.5891,0.58995,41.50,74.10
2008.10.24 01:04:24.648,0.5892,0.59,42.20,100.58
2008.10.24 01:04:39.434,0.5892,0.59,41.20,86.00
2008.10.24 01:04:40.014,0.5892,0.59,41.20,86.10
2008.10.24 01:04:43.733,0.5891,0.59,41.50,88.50
2008.10.24 01:04:45.123,0.5891,0.58995,47.50,63.80
2008.10.24 01:04:45.293,0.5887,0.5898,23.20,15.48
2008.10.24 01:04:45.413,0.58835,0.5896,23.40,13.38
2008.10.24 01:04:45.693,0.58835,0.5896,58.40,47.28
2008.10.24 01:04:51.511,0.58845,0.58945,58.40,69.58
2008.10.24 01:04:57.580,0.5885,0.5892,64.20,82.48
2008.10.24 01:04:57.760,0.5887,0.58965,54.60,84.18
2008.10.24 01:04:57.880,0.5887,0.58965,46.80,60.88
2008.10.24 01:04:58.050,0.5887,0.58965,51.00,62.88
2008.10.24 01:05:03.299,0.58895,0.5896,57.80,62.48
2008.10.24 01:05:51.777,0.589,0.5896,62.60,67.08
2008.10.24 01:05:52.057,0.589,0.59015,62.60,60.88
2008.10.24 01:05:52.347,0.589,0.59015,47.40,54.38
2008.10.24 01:05:52.696,0.58885,0.58965,52.70,68.28
2008.10.24 01:05:59.785,0.5889,0.58955,52.00,78.20
2008.10.24 01:05:59.965,0.589,0.5897,64.80,63.78
2008.10.24 01:06:02.004,0.58895,0.5896,56.80,40.08
2008.10.24 01:06:28.448,0.589,0.5897,50.00,65.98
2008.10.24 01:06:35.796,0.5892,0.5897,61.60,71.38
2008.10.24 01:07:00.060,0.58925,0.5897,54.60,57.38
2008.10.24 01:07:03.679,0.58905,0.58965,53.00,54.08
2008.10.24 01:07:05.129,0.5889,0.58955,51.30,46.08
2008.10.24 01:07:09.928,0.589,0.58965,60.80,53.38
2008.10.24 01:07:14.297,0.5889,0.58955,63.80,43.08
2008.10.24 01:07:18.016,0.589,0.58965,51.60,54.20
2008.10.24 01:07:21.495,0.58905,0.5897,48.20,69.68
2008.10.24 01:07:21.675,0.5892,0.5897,48.40,58.88
2008.10.24 01:07:27.524,0.5888,0.5897,40.80,97.68
2008.10.24 01:07:27.923,0.5888,0.58965,49.40,93.38
2008.10.24 01:07:37.491,0.5891,0.58965,61.60,94.38
2008.10.24 01:07:37.731,0.5891,0.5897,56.80,110.68
2008.10.24 01:07:44.360,0.5892,0.5897,42.20,48.68
2008.10.24 01:07:45.189,0.58945,0.5903,23.60,15.58
2008.10.24 01:08:35.807,0.5896,0.5902,61.00,73.68
2008.10.24 01:08:36.027,0.5897,0.5904,56.40,50.08
2008.10.24 01:08:40.316,0.58975,0.5904,58.70,47.00
2008.10.24 01:08:40.726,0.58995,0.5904,47.20,66.18
2008.10.24 01:08:53.853,0.59,0.5904,56.20,54.38
2008.10.24 01:08:54.243,0.59015,0.59115,55.70,34.28
2008.10.24 01:08:54.473,0.59015,0.59115,24.70,13.58
2008.10.24 01:08:54.653,0.5903,0.5913,19.90,14.18
2008.10.24 01:08:54.883,0.59045,0.5913,32.80,36.08
2008.10.24 01:09:02.461,0.59055,0.59115,36.80,43.68
2008.10.24 01:09:02.641,0.59055,0.5912,36.80,36.08
2008.10.24 01:09:08.839,0.59055,0.59125,33.80,36.08
2008.10.24 01:09:10.559,0.59055,0.59125,52.40,53.68
2008.10.24 01:09:10.789,0.5904,0.59125,35.40,53.68
2008.10.24 01:09:21.366,0.5902,0.59145,34.60,65.68
2008.10.24 01:09:25.175,0.59025,0.59105,72.60,54.30
2008.10.24 01:09:25.465,0.59025,0.59105,41.30,60.28
2008.10.24 01:09:25.995,0.5901,0.59105,50.20,61.28
2008.10.24 01:09:38.392,0.5901,0.591,43.40,58.90
2008.10.24 01:09:38.732,0.5901,0.59135,51.60,49.88
2008.10.24 01:09:38.902,0.59025,0.5914,57.40,39.38
2008.10.24 01:09:44.371,0.5905,0.5913,46.40,51.38
2008.10.24 01:09:59.857,0.5902,0.5913,43.70,46.38
2008.10.24 01:10:00.097,0.59015,0.5913,53.70,33.10
2008.10.24 01:10:00.867,0.59025,0.5913,55.60,33.10
2008.10.24 01:10:03.906,0.59025,0.5913,53.90,33.10
2008.10.24 01:10:04.256,0.5901,0.5913,53.20,36.00
2008.10.24 01:10:05.975,0.5901,0.5913,55.00,53.28
2008.10.24 01:10:12.954,0.59025,0.5913,55.60,97.68
2008.10.24 01:10:13.064,0.5905,0.5913,51.80,97.68
2008.10.24 01:10:15.943,0.5907,0.5913,53.00,56.18
2008.10.24 01:10:43.276,0.59055,0.59115,61.00,59.38
2008.10.24 01:10:47.855,0.5905,0.5911,56.80,70.88
2008.10.24 01:11:03.111,0.5903,0.591,58.40,68.58
2008.10.24 01:11:04.861,0.5903,0.5911,57.80,70.18
2008.10.24 01:11:05.041,0.5903,0.5913,59.40,53.28
2008.10.24 01:11:08.140,0.5903,0.59095,56.00,54.58
2008.10.24 01:11:16.269,0.59035,0.59095,50.50,58.58
2008.10.24 01:11:48.361,0.5903,0.5908,53.60,51.80
2008.10.24 01:11:52.350,0.5903,0.5909,53.60,80.28
2008.10.24 01:11:52.700,0.5903,0.5913,60.60,48.08
2008.10.24 01:11:53.179,0.5903,0.5913,45.40,39.10
2008.10.24 01:11:55.539,0.5903,0.591,43.40,39.90
2008.10.24 01:11:55.649,0.5899,0.59075,24.20,15.58
2008.10.24 01:12:01.568,0.59005,0.5907,45.40,57.40
2008.10.24 01:12:21.823,0.59,0.59065,59.40,89.68
2008.10.24 01:12:35.480,0.58995,0.5906,65.40,73.68
2008.10.24 01:12:38.069,0.5898,0.5905,71.50,77.28
2008.10.24 01:12:42.718,0.5898,0.5904,34.90,67.28
2008.10.24 01:12:45.727,0.5898,0.59035,44.20,51.38
2008.10.24 01:12:45.957,0.5892,0.59035,20.90,16.38
2008.10.24 01:12:46.307,0.5889,0.5901,21.20,13.78
2008.10.24 01:12:47.966,0.58905,0.59005,34.10,35.80
2008.10.24 01:12:48.196,0.5886,0.59,36.10,40.58
2008.10.24 01:12:48.486,0.58855,0.58985,33.90,39.78
2008.10.24 01:12:49.826,0.5886,0.58985,35.70,43.28
2008.10.24 01:12:50.166,0.5886,0.58985,37.60,40.48
2008.10.24 01:12:50.966,0.58885,0.59,41.80,53.58
2008.10.24 01:12:51.136,0.58885,0.59,46.60,62.88
2008.10.24 01:12:52.575,0.5893,0.59005,48.00,55.70
2008.10.24 01:13:01.663,0.5894,0.59,79.40,77.68
2008.10.24 01:13:06.982,0.58935,0.58995,64.60,60.08
2008.10.24 01:13:16.490,0.5894,0.59,66.20,54.08
2008.10.24 01:13:24.258,0.589,0.5899,53.30,79.58
2008.10.24 01:13:26.427,0.5893,0.5899,54.60,38.28
2008.10.24 01:13:42.663,0.58925,0.58985,52.00,72.98
2008.10.24 01:13:46.183,0.5893,0.5899,52.00,82.98
2008.10.24 01:13:48.672,0.5893,0.59,48.00,53.38
2008.10.24 01:13:48.892,0.5893,0.5902,52.20,44.78
2008.10.24 01:13:49.112,0.5895,0.5902,44.50,36.80
2008.10.24 01:13:49.291,0.5896,0.5902,45.10,36.80
2008.10.24 01:13:49.522,0.5896,0.5902,48.00,47.18
2008.10.24 01:13:52.531,0.5896,0.59,43.20,47.78
2008.10.24 01:13:53.120,0.5896,0.59,41.70,47.00
2008.10.24 01:13:53.570,0.5892,0.59,36.80,47.00
2008.10.24 01:14:58.605,0.5891,0.59,48.80,41.70
2008.10.24 01:15:04.334,0.5891,0.59,62.40,63.80
2008.10.24 01:15:06.813,0.5891,0.5898,65.50,48.80
2008.10.24 01:15:13.411,0.5891,0.5898,57.10,37.70
2008.10.24 01:15:13.871,0.5893,0.5899,43.20,62.88
2008.10.24 01:15:19.850,0.5891,0.5898,43.00,81.48
2008.10.24 01:15:20.790,0.58925,0.58995,37.80,75.68
2008.10.24 01:15:25.878,0.589,0.5898,56.20,56.88
2008.10.24 01:15:28.338,0.5891,0.5898,50.40,45.48
2008.10.24 01:15:28.518,0.58925,0.58995,47.20,71.88
2008.10.24 01:15:30.007,0.589,0.5898,46.90,74.98
2008.10.24 01:15:32.587,0.58925,0.58995,42.40,52.88
2008.10.24 01:15:33.407,0.589,0.5898,58.80,65.98
2008.10.24 01:15:33.866,0.589,0.5896,69.00,43.08
2008.10.24 01:15:35.026,0.5891,0.59005,46.80,60.18
2008.10.24 01:15:35.206,0.5891,0.59005,57.80,46.28
2008.10.24 01:15:35.646,0.58915,0.59005,40.30,32.98
2008.10.24 01:15:35.826,0.5894,0.59005,48.40,34.98
2008.10.24 01:15:35.986,0.5896,0.5913,23.20,16.88
2008.10.24 01:15:36.096,0.5896,0.5913,23.10,16.88
2008.10.24 01:15:38.575,0.5895,0.59025,53.00,54.18
2008.10.24 01:15:38.815,0.58885,0.5902,66.10,45.50
2008.10.24 01:15:41.125,0.5893,0.59005,49.80,66.88
2008.10.24 01:15:55.401,0.5895,0.5904,64.20,69.70
2008.10.24 01:15:58.020,0.5897,0.5903,54.40,67.78
2008.10.24 01:16:03.539,0.58955,0.59015,62.20,51.08
2008.10.24 01:16:03.999,0.5897,0.5903,60.80,45.98
2008.10.24 01:16:07.078,0.58955,0.59015,59.00,70.88
2008.10.24 01:16:12.557,0.5897,0.5903,67.40,82.28
2008.10.24 01:16:15.046,0.5898,0.5904,65.30,59.28
2008.10.24 01:16:18.286,0.5897,0.5904,50.00,47.90
2008.10.24 01:16:18.466,0.5897,0.5904,49.60,70.38
2008.10.24 01:16:18.695,0.5897,0.5904,57.60,80.38
2008.10.24 01:16:31.753,0.58965,0.59025,85.60,65.68
2008.10.24 01:16:33.882,0.5896,0.5902,77.60,79.68
2008.10.24 01:16:58.156,0.5897,0.5904,73.80,82.68
2008.10.24 01:17:04.285,0.58965,0.59025,79.20,70.00
2008.10.24 01:17:16.562,0.5898,0.5904,68.00,68.88
2008.10.24 01:18:11.478,0.5898,0.5904,23.60,15.58
2008.10.24 01:18:15.457,0.59,0.59095,53.00,69.88
2008.10.24 01:18:15.627,0.59,0.59095,53.00,71.88
2008.10.24 01:18:20.866,0.59,0.5907,59.20,63.78
2008.10.24 01:18:25.135,0.59015,0.59085,57.60,77.78
2008.10.24 01:18:27.325,0.5903,0.5909,68.80,66.08
2008.10.24 01:18:33.333,0.59035,0.59095,67.20,47.40
2008.10.24 01:18:37.352,0.5903,0.5909,76.00,79.78
2008.10.24 01:18:47.000,0.5904,0.5911,86.60,47.48
2008.10.24 01:19:41.926,0.5905,0.5911,56.20,38.08
2008.10.24 01:20:06.281,0.59045,0.59105,50.80,41.30
2008.10.24 01:20:23.357,0.5904,0.591,55.40,56.48
2008.10.24 01:20:34.134,0.5906,0.5911,50.40,73.38
2008.10.24 01:20:36.673,0.59075,0.5911,53.00,37.38
2008.10.24 01:20:40.082,0.5906,0.5911,62.40,31.70
2008.10.24 01:20:55.849,0.5904,0.591,72.20,79.68
2008.10.24 01:20:58.028,0.59,0.59095,55.40,53.90
2008.10.24 01:21:09.675,0.5903,0.591,42.60,45.90
2008.10.24 01:21:11.505,0.5903,0.591,44.20,63.78
2008.10.24 01:21:14.294,0.5903,0.591,55.40,67.18
2008.10.24 01:21:14.524,0.5904,0.591,58.60,67.18
2008.10.24 01:21:50.925,0.5903,0.591,61.00,65.28
2008.10.24 01:21:55.324,0.5899,0.591,78.60,69.68
2008.10.24 01:22:03.842,0.59,0.5909,57.40,72.68
2008.10.24 01:22:10.511,0.59,0.591,67.60,58.78
2008.10.24 01:22:12.090,0.59,0.59095,75.60,61.90
2008.10.24 01:22:12.260,0.59,0.5907,61.60,51.28
2008.10.24 01:22:15.240,0.59,0.59055,63.70,55.48
2008.10.24 01:22:17.629,0.59,0.5904,47.00,67.18
2008.10.24 01:22:28.436,0.59,0.5905,59.60,78.38
2008.10.24 01:22:34.825,0.59,0.5903,58.20,74.58
2008.10.24 01:22:36.544,0.5893,0.59015,23.60,15.58
2008.10.24 01:22:43.843,0.58955,0.59015,51.60,91.58
2008.10.24 01:22:45.632,0.5896,0.5902,49.80,68.48
2008.10.24 01:22:46.492,0.58975,0.5904,55.00,62.20
2008.10.24 01:22:48.152,0.5897,0.5904,48.20,56.68
2008.10.24 01:22:51.431,0.5897,0.5904,41.60,60.68
2008.10.24 01:22:52.091,0.5898,0.59025,56.10,43.40
2008.10.24 01:22:52.560,0.58945,0.59025,57.60,43.40
2008.10.24 01:22:52.960,0.5895,0.5903,60.00,63.98
2008.10.24 01:23:06.757,0.58955,0.59015,53.20,63.08
2008.10.24 01:23:09.746,0.5894,0.59,79.90,56.40
2008.10.24 01:23:15.385,0.5895,0.59045,79.00,82.98
2008.10.24 01:23:15.675,0.5895,0.59065,68.80,74.18
2008.10.24 01:23:18.284,0.58945,0.5902,79.50,61.48
2008.10.24 01:23:48.817,0.5894,0.59,56.80,69.88
2008.10.24 01:23:52.896,0.5894,0.5899,48.00,78.88
2008.10.24 01:24:01.534,0.5894,0.5897,51.20,53.78
2008.10.24 01:24:06.213,0.58865,0.5897,23.60,15.58
2008.10.24 01:24:06.443,0.58865,0.5896,23.60,15.58
2008.10.24 01:24:09.382,0.5888,0.5894,63.00,60.18
2008.10.24 01:24:19.759,0.58865,0.58925,66.60,65.78
2008.10.24 01:24:21.569,0.5888,0.5894,69.60,65.38
2008.10.24 01:24:21.979,0.5887,0.5893,79.20,62.18
2008.10.24 01:24:22.149,0.58885,0.5895,74.20,65.08
2008.10.24 01:24:28.977,0.58895,0.5896,81.40,67.08
2008.10.24 01:24:40.804,0.5891,0.5896,57.00,44.68
2008.10.24 01:24:46.453,0.58915,0.5896,53.60,54.28
2008.10.24 01:25:06.492,0.58913,0.58958,62.40,49.20
2008.10.24 01:25:14.645,0.58892,0.58967,34.60,40.80
2008.10.24 01:25:14.815,0.58881,0.58956,50.00,50.80
2008.10.24 01:25:17.126,0.58882,0.58932,42.80,51.10
2008.10.24 01:25:18.049,0.58889,0.58919,62.40,49.20
2008.10.24 01:25:18.304,0.58878,0.58948,26.70,47.10
2008.10.24 01:25:18.763,0.58892,0.58957,34.60,40.80
2008.10.24 01:25:22.872,0.58906,0.58966,35.10,60.70
2008.10.24 01:25:29.445,0.58901,0.58981,68.10,60.30
2008.10.24 01:25:31.092,0.5891,0.58965,42.60,62.70
2008.10.24 01:25:35.014,0.58915,0.58955,45.70,42.40
2008.10.24 01:25:36.720,0.58909,0.58954,68.10,60.30
2008.10.24 01:25:38.746,0.58889,0.58964,79.60,42.70
2008.10.24 01:25:58.235,0.58895,0.5895,29.30,41.30
2008.10.24 01:25:58.403,0.58899,0.58944,43.40,56.50
2008.10.24 01:26:01.684,0.58889,0.58944,26.70,47.10
2008.10.24 01:26:11.264,0.589,0.58955,43.40,56.50
2008.10.24 01:26:18.572,0.58903,0.58953,53.60,33.78
2008.10.24 01:26:29.797,0.58883,0.58943,39.40,58.90
2008.10.24 01:26:35.934,0.58862,0.58937,30.40,20.10
2008.10.24 01:26:43.921,0.58878,0.58918,34.60,40.80
2008.10.24 01:26:44.861,0.58882,0.58922,45.00,53.50
2008.10.24 01:26:53.299,0.58881,0.58936,34.60,40.80
2008.10.24 01:26:54.530,0.5889,0.58945,26.70,47.10
2008.10.24 01:26:59.037,0.58908,0.58948,39.10,88.70
2008.10.24 01:26:59.092,0.58906,0.5896,72.30,55.50
2008.10.24 01:27:11.147,0.58925,0.58959,42.80,51.10
2008.10.24 01:27:19.341,0.58908,0.58958,44.50,25.40
2008.10.24 01:27:22.497,0.58914,0.58939,45.70,42.40
2008.10.24 01:27:27.128,0.5889,0.58945,35.10,60.70
2008.10.24 01:27:27.889,0.58879,0.58934,64.10,54.30
2008.10.24 01:27:28.059,0.58871,0.58927,42.60,62.70
2008.10.24 01:27:31.904,0.58877,0.58917,69.90,44.60
2008.10.24 01:27:33.464,0.58876,0.58916,69.90,44.60
2008.10.24 01:27:34.294,0.58876,0.58916,68.10,60.30
2008.10.24 01:27:40.976,0.58875,0.58925,68.10,60.30
2008.10.24 01:27:41.630,0.58876,0.58936,34.60,40.80
2008.10.24 01:27:45.435,0.58893,0.58933,79.60,42.70
2008.10.24 01:27:45.555,0.58897,0.58947,54.70,53.00
2008.10.24 01:27:48.564,0.58905,0.58955,45.70,42.40
2008.10.24 01:27:50.374,0.5892,0.5895,69.90,44.60
2008.10.24 01:28:38.187,0.58915,0.5896,64.60,68.18
2008.10.24 01:28:38.417,0.5892,0.5896,62.90,68.18
2008.10.24 01:29:05.141,0.5889,0.58945,140.70,61.50
2008.10.24 01:29:10.220,0.58889,0.58959,104.40,46.50
2008.10.24 01:29:10.389,0.58906,0.58951,125.70,48.90
2008.10.24 01:29:10.689,0.58905,0.58945,133.20,58.40
2008.10.24 01:29:12.879,0.58894,0.58939,43.20,47.00
2008.10.24 01:29:27.765,0.58887,0.58942,117.20,62.40
2008.10.24 01:29:28.875,0.58892,0.58952,46.10,122.20
2008.10.24 01:29:46.191,0.58895,0.58955,134.90,59.00
2008.10.24 01:29:47.571,0.58889,0.58964,138.00,53.80
2008.10.24 01:29:49.600,0.58883,0.58973,34.00,51.30
2008.10.24 01:29:49.710,0.58887,0.58977,58.00,86.50
2008.10.24 01:29:50.700,0.58893,0.58973,140.70,61.50
2008.10.24 01:29:52.179,0.58892,0.58972,34.00,51.30
2008.10.24 01:29:53.829,0.58888,0.58968,101.70,60.50
2008.10.24 01:29:56.768,0.58884,0.58964,125.70,48.90
2008.10.24 01:29:56.938,0.58884,0.58964,42.00,118.20
2008.10.24 01:29:57.588,0.58889,0.58964,94.20,50.30
2008.10.24 01:29:58.598,0.58889,0.58964,58.00,86.50
2008.10.24 01:29:58.818,0.58888,0.58963,46.10,122.20
2008.10.24 01:29:59.868,0.5889,0.58955,83.30,73.50
2008.10.24 01:30:36.888,0.58915,0.5896,67.10,74.18
2008.10.24 01:30:39.218,0.58915,0.5896,72.60,50.68
2008.10.24 01:30:39.458,0.5892,0.5896,78.90,50.68
2008.10.24 01:30:52.625,0.58905,0.5896,75.10,52.18
2008.10.24 01:30:52.864,0.58915,0.5896,54.90,64.68
2008.10.24 01:30:52.975,0.5892,0.5896,54.30,47.68
2008.10.24 01:31:08.981,0.5892,0.5898,21.10,15.58
2008.10.24 01:31:30.126,0.5894,0.5898,60.90,70.90
2008.10.24 01:31:30.346,0.5896,0.59035,51.40,80.60
2008.10.24 01:31:37.574,0.58955,0.59015,56.60,97.28
2008.10.24 01:31:59.699,0.5895,0.5901,55.20,127.08
2008.10.24 01:32:00.458,0.5894,0.59,35.50,137.68
2008.10.24 01:32:07.946,0.5894,0.58995,34.50,70.48
2008.10.24 01:32:08.186,0.5894,0.5898,34.30,57.68
2008.10.24 01:32:55.905,0.5894,0.59,38.50,68.68
2008.10.24 01:33:00.524,0.5894,0.59,57.50,52.50
2008.10.24 01:34:27.284,0.58926,0.58982,36.70,43.40
2008.10.24 01:34:30.803,0.58929,0.58989,41.90,45.60
2008.10.24 01:34:30.863,0.58928,0.58988,41.90,48.00
2008.10.24 01:34:31.083,0.58918,0.58978,42.40,67.90
2008.10.24 01:34:40.240,0.58913,0.58968,42.80,73.80
2008.10.24 01:34:42.072,0.58923,0.58963,33.20,53.70
2008.10.24 01:34:45.230,0.58912,0.58977,50.10,57.90
2008.10.24 01:34:45.290,0.58916,0.58976,49.80,71.50
2008.10.24 01:34:46.195,0.58919,0.58979,49.80,71.50
2008.10.24 01:34:49.188,0.58921,0.58981,34.80,64.60
2008.10.24 01:34:57.457,0.58923,0.58979,41.90,47.80
2008.10.24 01:35:36.302,0.58914,0.58974,30.80,68.30
2008.10.24 01:35:36.522,0.58904,0.58969,41.90,45.60
2008.10.24 01:35:36.642,0.58901,0.58966,42.40,67.90
2008.10.24 01:35:39.731,0.58898,0.58963,49.80,71.50
2008.10.24 01:35:39.901,0.58899,0.58959,48.80,65.90
2008.10.24 01:35:52.998,0.58893,0.58958,51.40,36.30
2008.10.24 01:35:56.397,0.5889,0.58955,42.40,67.90
2008.10.24 01:35:56.627,0.58891,0.58951,41.90,45.60
2008.10.24 01:35:56.797,0.58905,0.58945,51.40,36.30
2008.10.24 01:35:57.406,0.58922,0.58952,41.90,48.00
2008.10.24 01:35:58.156,0.58927,0.58967,36.70,43.40
2008.10.24 01:36:00.830,0.58945,0.59005,42.50,66.68
2008.10.24 01:36:07.119,0.5894,0.58995,62.50,76.68
2008.10.24 01:36:12.197,0.58945,0.59005,57.10,71.48
2008.10.24 01:36:13.107,0.58945,0.59005,51.90,67.28
2008.10.24 01:36:13.267,0.5895,0.59005,53.00,68.48
2008.10.24 01:36:14.867,0.5895,0.59005,37.60,68.28
2008.10.24 01:36:15.097,0.5895,0.5901,44.80,52.68
2008.10.24 01:36:19.656,0.58955,0.5901,45.70,52.68
2008.10.24 01:36:19.766,0.58955,0.5901,37.20,52.58
2008.10.24 01:36:22.615,0.5895,0.59,59.70,44.58
2008.10.24 01:36:22.905,0.58955,0.5901,51.20,46.48
2008.10.24 01:36:27.454,0.58955,0.5901,76.10,46.48
2008.10.24 01:36:27.754,0.5894,0.59,44.70,59.88
2008.10.24 01:36:32.413,0.58945,0.59,55.70,54.88
2008.10.24 01:36:38.401,0.58945,0.59,59.90,72.88
2008.10.24 01:36:38.581,0.5895,0.5901,52.60,55.88
2008.10.24 01:36:44.020,0.58955,0.5901,56.20,55.68
2008.10.24 01:36:44.200,0.58955,0.5901,58.40,76.78
2008.10.24 01:36:46.789,0.58955,0.5901,69.30,78.20
2008.10.24 01:36:46.909,0.5895,0.59,50.90,43.98
2008.10.24 01:36:47.309,0.5894,0.58995,68.10,67.48
2008.10.24 01:36:47.779,0.5894,0.59,36.50,58.28
2008.10.24 01:36:48.009,0.5894,0.59,39.30,73.28
2008.10.24 01:36:54.857,0.58945,0.59,57.10,76.28
2008.10.24 01:36:55.217,0.58945,0.59,57.90,76.28
2008.10.24 01:36:58.886,0.5895,0.59005,60.00,57.28
2008.10.24 01:36:59.106,0.5895,0.5901,64.00,59.08
2008.10.24 01:37:02.126,0.5894,0.5899,60.80,60.48
2008.10.24 01:37:02.405,0.5894,0.5899,24.70,15.58
2008.10.24 01:37:02.576,0.58945,0.59,22.60,16.38
2008.10.24 01:37:03.105,0.5894,0.59,50.70,64.28
2008.10.24 01:37:07.974,0.5894,0.59,53.00,82.58
2008.10.24 01:37:10.163,0.5894,0.59,50.80,88.08
2008.10.24 01:37:10.273,0.5894,0.59,50.80,88.28
2008.10.24 01:37:12.143,0.58945,0.59005,48.80,89.28
2008.10.24 01:37:19.822,0.5894,0.59,52.60,91.68
2008.10.24 01:37:20.391,0.58925,0.59,49.70,87.88
2008.10.24 01:37:32.068,0.5893,0.59,52.70,59.10
2008.10.24 01:38:02.391,0.5892,0.59,57.20,64.88
2008.10.24 01:38:07.260,0.5892,0.59,61.00,59.60
2008.10.24 01:38:07.540,0.5891,0.58985,60.10,61.28
2008.10.24 01:38:09.789,0.5892,0.5901,61.80,81.28
2008.10.24 01:38:41.731,0.5891,0.59,56.40,52.28
2008.10.24 01:38:44.671,0.5891,0.59,42.80,54.88
2008.10.24 01:38:56.498,0.5891,0.59,57.80,43.28
2008.10.24 01:38:57.158,0.5891,0.5898,43.00,44.98
2008.10.24 01:38:57.498,0.5891,0.58975,43.00,44.88
2008.10.24 01:39:00.677,0.58865,0.5896,43.00,59.88
2008.10.24 01:39:00.787,0.58845,0.5894,35.70,52.98
2008.10.24 01:39:01.087,0.58895,0.5894,39.80,52.98
2008.10.24 01:39:01.947,0.58845,0.5892,23.60,16.48
2008.10.24 01:39:03.956,0.5888,0.5899,46.60,66.48
2008.10.24 01:39:04.426,0.5888,0.5899,45.60,65.68
2008.10.24 01:39:04.596,0.5888,0.59005,45.60,59.98
2008.10.24 01:39:04.706,0.5887,0.59005,51.00,65.68
2008.10.24 01:39:04.826,0.5887,0.58985,48.00,56.48
2008.10.24 01:39:05.346,0.5887,0.5897,37.00,30.78
2008.10.24 01:39:05.856,0.58835,0.5897,53.40,30.78
2008.10.24 01:39:07.235,0.58845,0.5897,41.70,37.38
2008.10.24 01:39:07.415,0.58845,0.5895,58.20,50.88
2008.10.24 01:39:14.344,0.5886,0.5895,47.80,62.88
2008.10.24 01:39:14.463,0.5888,0.5895,52.20,64.58
2008.10.24 01:39:14.704,0.5888,0.5895,52.20,64.68
2008.10.24 01:39:56.663,0.58895,0.5896,62.60,54.68
2008.10.24 01:40:12.400,0.589,0.59005,75.80,56.10
2008.10.24 01:40:12.690,0.589,0.5901,52.00,77.88
2008.10.24 01:40:19.618,0.589,0.58985,64.00,78.68
2008.10.24 01:40:55.179,0.589,0.58985,54.60,63.80
2008.10.24 01:40:55.289,0.589,0.59,54.60,77.88
2008.10.24 01:40:59.668,0.5893,0.59005,57.60,77.88
2008.10.24 01:41:57.964,0.589,0.59,53.00,49.30
2008.10.24 01:42:55.220,0.5893,0.59,45.80,97.98
2008.10.24 01:43:02.789,0.589,0.5897,44.40,79.68
2008.10.24 01:43:07.877,0.5891,0.5899,53.10,67.38
2008.10.24 01:44:07.815,0.589,0.58955,38.10,51.90
2008.10.24 01:44:18.726,0.58904,0.58954,64.80,43.10
2008.10.24 01:44:20.197,0.58863,0.58988,35.80,56.48
2008.10.24 01:44:20.717,0.58858,0.58988,37.70,46.90
2008.10.24 01:44:20.777,0.58862,0.58982,63.50,68.00
2008.10.24 01:44:20.837,0.58858,0.58978,33.00,52.50
2008.10.24 01:44:20.897,0.58855,0.58975,94.20,50.30
2008.10.24 01:44:20.957,0.58856,0.58976,41.50,56.60
2008.10.24 01:44:21.137,0.5887,0.5897,50.70,54.20
2008.10.24 01:44:21.633,0.58888,0.58958,60.30,42.90
2008.10.24 01:44:22.747,0.58881,0.58971,35.40,43.00
2008.10.24 01:44:33.634,0.5888,0.5898,37.70,46.90
2008.10.24 01:44:34.034,0.58883,0.58973,45.50,51.10
2008.10.24 01:44:34.094,0.58866,0.58986,63.00,64.60
2008.10.24 01:44:42.392,0.58859,0.58999,41.50,56.60
2008.10.24 01:44:47.612,0.58902,0.58957,48.40,57.10
2008.10.24 01:44:49.560,0.58859,0.58999,48.40,57.10
2008.10.24 01:44:50.660,0.58859,0.58999,94.20,50.30
2008.10.24 01:45:06.558,0.589,0.5894,40.30,53.50
2008.10.24 01:45:32.796,0.58886,0.58931,82.40,51.40
2008.10.24 01:45:34.174,0.58884,0.58934,50.70,38.40
2008.10.24 01:45:39.538,0.58901,0.58946,63.50,68.00
2008.10.24 01:45:47.220,0.58915,0.58949,27.70,18.80
2008.10.24 01:45:51.166,0.58899,0.58954,50.70,54.20
2008.10.24 01:45:52.912,0.58878,0.58963,25.90,80.70
2008.10.24 01:45:55.381,0.58876,0.58961,40.30,53.50
2008.10.24 01:45:56.985,0.58899,0.58939,41.50,56.60
2008.10.24 01:45:58.033,0.58886,0.58961,50.70,54.20
2008.10.24 01:45:59.701,0.58909,0.58944,25.90,80.70
2008.10.24 01:46:01.580,0.58934,0.5899,94.20,50.30
2008.10.24 01:46:16.504,0.58946,0.58981,33.50,59.70
2008.10.24 01:46:18.904,0.58929,0.58975,63.90,56.60
2008.10.24 01:46:19.693,0.58908,0.58953,54.10,51.90
2008.10.24 01:46:20.891,0.58896,0.5894,50.70,38.40
2008.10.24 01:46:22.523,0.58841,0.59001,60.30,42.90
2008.10.24 01:46:25.372,0.58855,0.58995,27.40,67.10
2008.10.24 01:46:27.561,0.58863,0.58993,70.60,67.10
2008.10.24 01:46:27.618,0.58912,0.58952,48.40,57.10
2008.10.24 01:46:27.841,0.58871,0.59001,89.00,48.60
2008.10.24 01:46:43.469,0.58916,0.58961,25.90,80.70
2008.10.24 01:47:44.631,0.58875,0.5896,21.90,15.58
2008.10.24 01:47:46.320,0.589,0.58995,23.60,13.58
2008.10.24 01:47:46.600,0.589,0.5901,21.00,15.58
2008.10.24 01:47:46.900,0.5891,0.5901,69.70,63.90
2008.10.24 01:47:49.839,0.589,0.59,64.40,63.90
2008.10.24 01:47:55.188,0.589,0.59015,47.80,32.80
2008.10.24 01:47:55.428,0.5892,0.5905,47.50,30.98
2008.10.24 01:47:55.488,0.5892,0.5905,56.10,36.40
2008.10.24 01:47:55.658,0.58915,0.5905,54.10,46.28
2008.10.24 01:47:55.768,0.58915,0.59055,72.80,46.28
2008.10.24 01:47:58.537,0.58915,0.5903,79.50,38.60
2008.10.24 01:47:58.647,0.58915,0.5903,79.50,46.28
2008.10.24 01:47:58.877,0.589,0.5901,67.60,53.48
2008.10.24 01:47:59.107,0.589,0.5901,70.10,40.48
2008.10.24 01:48:12.904,0.589,0.58995,48.20,47.20
2008.10.24 01:48:13.374,0.58895,0.5897,52.60,44.08
2008.10.24 01:48:17.573,0.5889,0.5895,58.00,95.28
2008.10.24 01:48:17.802,0.5887,0.5895,72.40,97.68
2008.10.24 01:48:27.110,0.5887,0.5895,72.10,108.28
2008.10.24 01:48:27.290,0.5887,0.5895,72.10,108.48
2008.10.24 01:48:30.220,0.5887,0.5897,48.80,42.98
2008.10.24 01:48:30.340,0.5887,0.5898,45.20,39.10
2008.10.24 01:48:33.419,0.5887,0.58975,45.20,34.60
2008.10.24 01:48:33.589,0.5887,0.58975,58.20,51.70
2008.10.24 01:48:36.018,0.5887,0.5896,57.80,34.30
2008.10.24 01:48:44.316,0.5887,0.5892,51.00,53.30
2008.10.24 01:48:50.955,0.5887,0.589,58.20,83.28
2008.10.24 01:49:01.832,0.5887,0.5888,27.20,56.78
2008.10.24 01:49:03.162,0.5885,0.5888,42.90,55.98
2008.10.24 01:49:03.332,0.58805,0.5888,23.90,18.18
2008.10.24 01:49:03.452,0.588,0.58875,23.90,15.78
2008.10.24 01:49:26.846,0.588,0.58865,53.70,55.10
2008.10.24 01:49:27.426,0.58765,0.5885,33.90,62.28
2008.10.24 01:49:27.766,0.58755,0.58815,30.30,36.18
2008.10.24 01:49:28.176,0.5869,0.5878,33.50,29.68
2008.10.24 01:49:28.236,0.58685,0.5878,22.30,27.38
2008.10.24 01:49:29.405,0.58655,0.58735,33.80,30.90
2008.10.24 01:49:29.515,0.58655,0.58735,37.10,34.30
2008.10.24 01:49:29.695,0.58645,0.58735,31.10,39.70
2008.10.24 01:49:29.915,0.5864,0.5873,33.30,36.50
2008.10.24 01:49:31.885,0.5865,0.58715,31.70,32.80
2008.10.24 01:49:32.165,0.5867,0.58715,29.70,29.88
2008.10.24 01:49:32.445,0.58715,0.58815,30.50,28.80
2008.10.24 01:49:32.895,0.5869,0.58785,30.70,28.80
2008.10.24 01:49:33.164,0.58735,0.58785,33.80,28.80
2008.10.24 01:49:33.334,0.58755,0.5885,42.70,52.00
2008.10.24 01:49:36.474,0.58785,0.5884,52.60,48.80
2008.10.24 01:49:50.330,0.5879,0.5884,42.90,69.50
2008.10.24 01:49:50.500,0.5877,0.5883,27.10,38.40
2008.10.24 01:49:51.070,0.5877,0.5883,41.30,67.40
2008.10.24 01:49:51.480,0.5875,0.58805,29.20,13.58
2008.10.24 01:49:51.660,0.5873,0.58805,53.00,63.68
2008.10.24 01:49:52.070,0.5875,0.58805,42.60,67.48
2008.10.24 01:49:52.240,0.5877,0.58825,65.90,42.78
2008.10.24 01:49:56.689,0.58785,0.5883,29.20,19.08
2008.10.24 01:49:56.859,0.58785,0.58865,28.80,18.18
2008.10.24 01:50:29.701,0.5879,0.5885,50.80,63.10
2008.10.24 01:50:30.341,0.5879,0.58845,56.40,28.68
2008.10.24 01:50:30.681,0.58785,0.5882,50.80,61.68
2008.10.24 01:50:31.031,0.5873,0.5882,59.20,61.28
2008.10.24 01:50:31.611,0.58725,0.58815,54.80,56.08
2008.10.24 01:50:34.090,0.58745,0.58805,63.40,77.38
2008.10.24 01:50:34.320,0.58765,0.58805,33.80,44.00
2008.10.24 01:50:34.540,0.5875,0.58805,51.50,61.78
2008.10.24 01:50:35.699,0.5875,0.58795,56.90,39.80
2008.10.24 01:50:36.219,0.5875,0.58795,54.20,57.38
2008.10.24 01:50:37.209,0.5875,0.58795,20.60,52.88
2008.10.24 01:50:37.609,0.5875,0.58765,25.90,43.08
2008.10.24 01:50:37.949,0.5864,0.58705,20.80,30.08
2008.10.24 01:50:38.479,0.58685,0.58745,32.70,39.80
2008.10.24 01:50:38.839,0.5859,0.5869,22.80,16.48
2008.10.24 01:50:39.298,0.5857,0.5867,30.90,29.88
2008.10.24 01:50:40.648,0.58605,0.5866,27.50,33.20
2008.10.24 01:50:42.018,0.58595,0.58655,22.90,33.20
2008.10.24 01:50:42.538,0.58595,0.5865,34.10,31.40
2008.10.24 01:50:43.067,0.58635,0.5872,26.50,38.10
2008.10.24 01:50:46.007,0.58635,0.587,38.70,46.40
2008.10.24 01:50:53.085,0.5862,0.5868,67.40,57.18
2008.10.24 01:50:55.404,0.5864,0.5868,39.10,37.40
2008.10.24 01:50:55.754,0.58655,0.5868,34.90,48.68
2008.10.24 01:50:56.095,0.58605,0.5868,59.80,48.68
2008.10.24 01:50:56.564,0.58605,0.5868,57.40,52.18
2008.10.24 01:50:57.544,0.586,0.5866,60.60,54.98
2008.10.24 01:50:58.014,0.5858,0.58645,59.60,70.88
2008.10.24 01:51:00.033,0.5858,0.58645,49.30,61.48
2008.10.24 01:51:00.374,0.58575,0.5864,39.10,68.48
2008.10.24 01:51:00.823,0.5856,0.58625,39.90,46.68
2008.10.24 01:51:11.461,0.5858,0.58645,49.70,48.70
2008.10.24 01:51:21.998,0.58605,0.58645,58.60,45.10
2008.10.24 01:51:22.518,0.58605,0.5869,60.60,50.98
2008.10.24 01:51:23.518,0.5864,0.5868,45.20,63.40
2008.10.24 01:51:23.818,0.5864,0.587,50.40,91.78
2008.10.24 01:51:24.518,0.5866,0.587,37.90,106.78
2008.10.24 01:51:24.847,0.5866,0.587,37.50,106.78
2008.10.24 01:51:27.747,0.58665,0.5874,48.90,109.38
2008.10.24 01:51:28.147,0.58675,0.5874,60.10,80.78
2008.10.24 01:51:28.797,0.5869,0.5873,37.70,50.60
2008.10.24 01:51:30.066,0.58685,0.5873,37.70,71.28
2008.10.24 01:51:32.266,0.5865,0.5873,38.30,69.08
2008.10.24 01:51:33.026,0.58675,0.5873,34.10,50.60
2008.10.24 01:51:36.685,0.58665,0.5873,49.70,89.98
2008.10.24 01:51:40.714,0.5866,0.5871,58.00,32.30
2008.10.24 01:51:45.242,0.5866,0.58705,57.50,49.20
2008.10.24 01:51:47.952,0.5866,0.58705,46.60,68.40
2008.10.24 01:51:48.352,0.5866,0.5871,58.90,61.70
2008.10.24 01:51:48.642,0.5866,0.5871,62.80,57.20
2008.10.24 01:51:48.982,0.5865,0.5871,64.40,57.20
2008.10.24 01:52:07.158,0.5869,0.58715,32.20,64.40
2008.10.24 01:52:07.377,0.5869,0.5878,30.80,18.18
2008.10.24 01:52:13.516,0.58695,0.5875,82.90,55.18
2008.10.24 01:52:13.690,0.5868,0.58745,45.50,56.70
2008.10.24 01:52:34.661,0.5868,0.5875,47.20,65.38
2008.10.24 01:52:34.721,0.5868,0.5875,55.00,92.88
2008.10.24 01:52:38.210,0.5868,0.5875,60.00,92.88
2008.10.24 01:52:38.320,0.5868,0.58745,45.80,83.90
2008.10.24 01:52:41.669,0.5868,0.58745,48.70,79.10
2008.10.24 01:52:42.069,0.58695,0.5876,62.00,103.68
2008.10.24 01:52:49.167,0.58695,0.5875,52.40,105.40
2008.10.24 01:52:51.017,0.58695,0.5873,49.80,75.70
2008.10.24 01:52:53.336,0.58695,0.5875,49.80,83.98
2008.10.24 01:52:53.507,0.58695,0.5873,49.80,85.78
2008.10.24 01:52:55.555,0.58695,0.5875,49.80,83.98
2008.10.24 01:53:08.823,0.5868,0.58745,48.40,92.60
2008.10.24 01:53:12.412,0.5868,0.5874,37.20,53.50
2008.10.24 01:53:12.471,0.5867,0.5873,57.40,43.90
2008.10.24 01:53:12.871,0.58665,0.5873,56.40,53.68
2008.10.24 01:53:14.031,0.5867,0.58735,65.80,47.10
2008.10.24 01:53:15.161,0.58685,0.5875,24.60,68.88
2008.10.24 01:53:15.461,0.5866,0.58735,54.40,64.90
2008.10.24 01:53:20.790,0.5866,0.58715,55.60,66.40
2008.10.24 01:53:31.427,0.5866,0.587,44.10,48.78
2008.10.24 01:53:31.777,0.5859,0.58685,36.40,53.50
2008.10.24 01:53:31.897,0.5859,0.58685,37.70,41.50
2008.10.24 01:53:38.835,0.58625,0.58675,53.50,42.30
2008.10.24 01:53:39.245,0.58625,0.58665,28.10,15.78
2008.10.24 01:53:43.284,0.5858,0.58665,34.90,80.00
2008.10.24 01:53:43.634,0.58565,0.5865,46.70,91.18
2008.10.24 01:53:44.754,0.5857,0.58645,36.70,45.50
2008.10.24 01:53:50.243,0.58515,0.5862,31.20,35.30
2008.10.24 01:53:50.643,0.58515,0.5862,38.10,32.10
2008.10.24 01:53:50.822,0.5851,0.586,33.30,30.10
2008.10.24 01:53:51.122,0.58505,0.586,41.50,28.50
2008.10.24 01:53:51.482,0.5857,0.58675,50.90,50.30
2008.10.24 01:53:52.152,0.58585,0.58685,38.90,64.88
2008.10.24 01:53:53.941,0.58615,0.5867,51.70,65.58
2008.10.24 01:53:55.831,0.586,0.5867,61.10,63.60
2008.10.24 01:53:58.051,0.586,0.5865,36.10,57.40
2008.10.24 01:53:58.511,0.5859,0.5865,43.50,45.50
2008.10.24 01:54:01.030,0.5858,0.5865,43.00,67.90
2008.10.24 01:54:09.970,0.58585,0.5865,58.90,71.08
2008.10.24 01:54:10.437,0.58585,0.5866,58.90,71.08
2008.10.24 01:54:11.987,0.58605,0.5867,41.90,71.08
2008.10.24 01:54:12.227,0.58615,0.58675,29.40,58.48
2008.10.24 01:54:22.225,0.58605,0.5867,42.30,59.20
2008.10.24 01:54:22.515,0.586,0.5867,42.20,49.88
2008.10.24 01:54:29.403,0.58605,0.5867,53.70,58.40
2008.10.24 01:54:29.743,0.586,0.5867,44.60,49.88
2008.10.24 01:54:31.522,0.5861,0.5867,45.20,63.88
2008.10.24 01:54:31.802,0.5861,0.5867,48.40,53.68
2008.10.24 01:54:42.812,0.58615,0.58675,54.80,64.88
2008.10.24 01:54:43.150,0.58615,0.58675,56.40,54.60
2008.10.24 01:54:43.629,0.58605,0.5868,56.80,54.68
2008.10.24 01:55:25.090,0.5861,0.5868,60.00,57.20
2008.10.24 01:55:25.379,0.5863,0.5869,43.10,59.58
2008.10.24 01:55:26.989,0.58635,0.5869,50.70,45.58
2008.10.24 01:55:32.208,0.5863,0.5869,52.10,50.58
2008.10.24 01:55:37.217,0.5861,0.58685,53.50,51.30
2008.10.24 01:55:45.195,0.58615,0.5869,52.90,51.80
2008.10.24 01:55:52.973,0.58625,0.5869,38.10,51.00
2008.10.24 01:56:35.832,0.58625,0.5868,53.90,51.20
2008.10.24 01:56:36.172,0.5859,0.58675,51.60,46.40
2008.10.24 01:56:43.701,0.58605,0.58675,41.70,46.40
2008.10.24 01:56:43.870,0.586,0.58675,41.00,49.60
2008.10.24 01:56:52.618,0.586,0.58675,52.30,51.40
2008.10.24 01:56:52.848,0.58615,0.5869,49.30,75.38
2008.10.24 01:56:56.798,0.5862,0.5869,39.70,61.30
2008.10.24 01:57:00.586,0.586,0.58675,65.80,56.38
2008.10.24 01:57:03.206,0.5859,0.58665,48.60,61.98
2008.10.24 01:57:06.365,0.586,0.58675,46.60,48.80
2008.10.24 01:57:19.702,0.58605,0.5868,52.70,60.18
2008.10.24 01:57:39.977,0.5862,0.5869,60.10,62.08
2008.10.24 01:57:53.154,0.58605,0.5868,43.70,64.68
2008.10.24 01:58:05.261,0.5861,0.5868,59.80,78.38
2008.10.24 01:58:06.671,0.5861,0.5866,53.20,78.38
2008.10.24 01:58:16.078,0.5861,0.5868,56.80,71.38
2008.10.24 01:58:26.926,0.5861,0.5866,43.80,71.38
2008.10.24 01:58:28.405,0.5861,0.58655,39.00,67.38
2008.10.24 01:58:29.245,0.5861,0.5866,31.80,86.38
2008.10.24 01:58:29.835,0.5861,0.5867,38.20,86.38
2008.10.24 01:58:29.885,0.5863,0.5867,36.40,46.38
2008.10.24 01:58:30.415,0.586,0.5867,47.00,78.38
2008.10.24 01:58:30.645,0.586,0.58655,43.20,64.38
2008.10.24 01:58:33.514,0.586,0.5865,46.00,47.38
2008.10.24 01:58:33.804,0.586,0.5865,32.80,57.68
2008.10.24 01:58:34.034,0.586,0.58635,56.70,59.88
2008.10.24 01:58:35.943,0.586,0.5865,52.90,56.80
2008.10.24 01:58:36.233,0.586,0.5865,49.50,67.68
2008.10.24 01:58:38.313,0.586,0.5864,58.90,79.40
2008.10.24 01:58:38.783,0.58565,0.5864,29.20,15.58
2008.10.24 01:58:44.291,0.5857,0.58635,42.80,61.68
2008.10.24 01:58:46.491,0.5856,0.5862,68.80,65.18
2008.10.24 01:58:48.970,0.58555,0.58615,51.80,40.80
2008.10.24 01:58:49.030,0.58555,0.58615,55.20,40.80
2008.10.24 01:58:49.370,0.58545,0.58605,55.20,40.80
2008.10.24 01:59:12.165,0.5855,0.5861,39.00,72.00
2008.10.24 01:59:20.563,0.58555,0.58615,47.80,52.88
2008.10.24 01:59:23.062,0.5855,0.5861,60.40,52.88
2008.10.24 01:59:23.282,0.5855,0.5861,37.00,60.08
2008.10.24 01:59:30.191,0.58545,0.58605,59.40,48.88
2008.10.24 01:59:30.580,0.58545,0.58605,42.00,56.88
2008.10.24 01:59:52.615,0.5854,0.586,65.80,72.88
2008.10.24 01:59:52.795,0.5854,0.586,38.80,59.30
2008.10.24 01:59:53.125,0.58535,0.586,39.30,66.30
2008.10.24 01:59:53.635,0.5853,0.58595,45.40,66.30
2008.10.24 01:59:59.973,0.5853,0.58585,52.60,75.30
