2016.03.08 18:00:00.102,0.67802,0.67817,1.75,1.35
2016.03.08 18:00:00.406,0.67802,0.67814,3.00,1.00
2016.03.08 18:00:00.608,0.67802,0.67814,1.75,1.00
2016.03.08 18:00:01.159,0.67802,0.67817,2.25,1.35
2016.03.08 18:00:03.471,0.67802,0.67817,2.25,1.35
2016.03.08 18:00:05.899,0.67804,0.67818,1.50,2.10
2016.03.08 18:00:14.542,0.67804,0.67816,1.50,1.00
2016.03.08 18:00:18.138,0.67804,0.67818,1.50,2.10
2016.03.08 18:00:22.346,0.67804,0.67817,1.12,1.72
2016.03.08 18:00:22.447,0.67804,0.67817,1.75,1.72
2016.03.08 18:00:30.168,0.67804,0.67819,1.75,2.47
2016.03.08 18:00:30.472,0.67801,0.67816,1.75,1.00
2016.03.08 18:00:30.624,0.67801,0.67816,1.12,1.50
2016.03.08 18:00:30.776,0.67801,0.67814,1.00,1.50
2016.03.08 18:00:30.827,0.67797,0.67813,1.50,1.00
2016.03.08 18:00:31.353,0.67797,0.67814,1.87,2.62
2016.03.08 18:00:33.571,0.67797,0.67813,1.50,1.00
2016.03.08 18:00:33.673,0.67797,0.67813,1.12,1.50
2016.03.08 18:00:38.646,0.678,0.67813,1.00,1.50
2016.03.08 18:00:39.356,0.678,0.67813,1.00,1.12
2016.03.08 18:00:41.283,0.67802,0.67814,1.00,1.12
2016.03.08 18:00:42.155,0.67802,0.67813,1.00,1.00
2016.03.08 18:00:42.459,0.67805,0.67815,1.00,1.69
2016.03.08 18:00:42.661,0.67805,0.67817,1.00,1.87
2016.03.08 18:00:42.864,0.67808,0.67818,1.00,1.54
2016.03.08 18:00:43.167,0.6781,0.6782,1.00,2.85
2016.03.08 18:00:48.988,0.6781,0.67818,1.00,1.67
2016.03.08 18:00:50.561,0.6781,0.6782,1.00,1.00
2016.03.08 18:00:50.713,0.6781,0.67822,1.00,1.00
2016.03.08 18:00:51.375,0.6781,0.67821,1.00,1.50
2016.03.08 18:00:51.478,0.6781,0.67821,1.00,2.25
2016.03.08 18:00:54.450,0.6781,0.67821,1.00,2.25
2016.03.08 18:00:55.698,0.6781,0.67818,1.00,1.67
2016.03.08 18:00:56.894,0.6781,0.6782,1.00,2.10
2016.03.08 18:01:00.551,0.6781,0.67821,1.00,1.75
2016.03.08 18:01:00.602,0.6781,0.67821,1.00,1.50
2016.03.08 18:01:02.078,0.6781,0.67821,1.00,1.75
2016.03.08 18:01:07.390,0.6781,0.67821,1.00,1.00
2016.03.08 18:01:08.066,0.6781,0.67821,1.00,2.10
2016.03.08 18:01:08.572,0.6781,0.67818,1.00,1.67
2016.03.08 18:01:09.365,0.6781,0.67822,1.00,1.00
2016.03.08 18:01:09.416,0.6781,0.6782,1.00,1.00
2016.03.08 18:01:16.762,0.6781,0.67822,1.00,1.00
2016.03.08 18:01:17.302,0.6781,0.6782,1.00,1.00
2016.03.08 18:01:17.605,0.67812,0.67822,1.00,1.00
2016.03.08 18:01:18.109,0.67812,0.67821,1.00,1.00
2016.03.08 18:01:19.505,0.67812,0.67822,1.00,1.00
2016.03.08 18:01:20.279,0.67812,0.67821,1.00,1.00
2016.03.08 18:01:21.510,0.67812,0.67822,1.00,1.00
2016.03.08 18:01:25.582,0.67812,0.67823,1.00,2.10
2016.03.08 18:01:25.886,0.67812,0.6782,1.00,1.00
2016.03.08 18:01:26.392,0.67812,0.67821,1.00,1.00
2016.03.08 18:01:27.556,0.67812,0.67822,1.00,1.35
2016.03.08 18:01:27.860,0.67812,0.6782,1.00,1.00
2016.03.08 18:01:28.113,0.6781,0.67821,1.00,1.00
2016.03.08 18:01:29.149,0.67811,0.67821,1.00,1.00
2016.03.08 18:01:29.654,0.67811,0.6782,1.00,1.00
2016.03.08 18:01:29.857,0.67811,0.67822,1.00,2.10
2016.03.08 18:01:30.396,0.67811,0.67821,1.00,1.00
2016.03.08 18:01:30.934,0.67811,0.67822,1.00,2.10
2016.03.08 18:01:33.149,0.67809,0.67822,1.00,2.47
2016.03.08 18:01:33.250,0.67809,0.67819,1.00,1.00
2016.03.08 18:01:33.415,0.67807,0.67819,1.00,1.00
2016.03.08 18:01:33.568,0.67805,0.67818,1.50,1.35
2016.03.08 18:01:33.771,0.67801,0.67813,1.50,1.12
2016.03.08 18:01:36.563,0.67801,0.67815,1.00,1.75
2016.03.08 18:01:37.754,0.67799,0.67814,1.00,1.75
2016.03.08 18:01:41.799,0.67799,0.67813,1.00,1.75
2016.03.08 18:01:42.325,0.67798,0.67812,1.50,1.50
2016.03.08 18:01:42.891,0.67802,0.67812,1.00,1.50
2016.03.08 18:01:42.992,0.67801,0.67814,1.50,1.31
2016.03.08 18:01:43.498,0.67801,0.67814,1.50,1.00
2016.03.08 18:01:45.878,0.67801,0.67813,1.50,1.00
2016.03.08 18:01:51.713,0.67799,0.67815,1.50,1.94
2016.03.08 18:01:52.218,0.67799,0.67813,1.50,1.50
2016.03.08 18:01:56.522,0.67801,0.67813,1.00,1.19
2016.03.08 18:01:56.624,0.67801,0.67817,1.00,3.79
2016.03.08 18:01:56.776,0.67802,0.67817,1.00,2.29
2016.03.08 18:01:57.283,0.67803,0.67817,1.50,1.05
2016.03.08 18:01:57.695,0.67805,0.67817,1.00,1.05
2016.03.08 18:01:58.252,0.67804,0.67819,1.00,3.60
2016.03.08 18:01:59.444,0.67805,0.67818,1.00,1.60
2016.03.08 18:02:00.441,0.67806,0.67817,1.00,1.35
2016.03.08 18:02:02.810,0.67805,0.67818,1.00,1.60
2016.03.08 18:02:06.060,0.67807,0.67818,1.00,1.60
2016.03.08 18:02:06.933,0.67807,0.6782,1.00,1.00
2016.03.08 18:02:07.034,0.67807,0.6782,1.00,2.10
2016.03.08 18:02:12.604,0.67805,0.67819,1.50,1.60
2016.03.08 18:02:13.261,0.67803,0.67817,1.00,1.30
2016.03.08 18:02:13.666,0.67802,0.67816,1.00,1.50
2016.03.08 18:02:14.070,0.67801,0.67814,1.00,2.00
2016.03.08 18:02:16.182,0.67799,0.67816,2.25,2.44
2016.03.08 18:02:25.990,0.67799,0.67814,2.25,1.31
2016.03.08 18:02:29.686,0.67799,0.67814,2.25,1.69
2016.03.08 18:02:31.306,0.67799,0.67812,1.50,1.00
2016.03.08 18:02:31.812,0.67799,0.67813,1.50,1.00
2016.03.08 18:02:32.371,0.67799,0.67815,1.50,1.69
2016.03.08 18:02:32.422,0.67801,0.67815,1.00,1.69
2016.03.08 18:02:32.625,0.67801,0.67816,1.50,1.00
2016.03.08 18:02:33.131,0.67802,0.67817,1.00,1.72
2016.03.08 18:02:33.182,0.67802,0.67815,1.00,1.37
2016.03.08 18:02:36.954,0.67802,0.67816,1.00,1.37
2016.03.08 18:02:39.432,0.67802,0.67816,1.00,1.72
2016.03.08 18:02:42.736,0.67802,0.67816,1.00,2.10
2016.03.08 18:02:43.242,0.67802,0.67817,1.00,2.85
2016.03.08 18:02:43.766,0.67802,0.67815,1.00,1.00
2016.03.08 18:02:45.363,0.67802,0.67814,1.00,1.00
2016.03.08 18:02:46.958,0.67801,0.67814,1.50,1.00
2016.03.08 18:02:48.364,0.67801,0.67814,1.50,1.69
2016.03.08 18:02:53.259,0.67799,0.67814,1.50,1.31
2016.03.08 18:02:53.664,0.67801,0.67813,1.00,1.25
2016.03.08 18:02:55.872,0.67801,0.67812,1.00,1.00
2016.03.08 18:02:57.447,0.67799,0.67806,1.12,1.00
2016.03.08 18:02:57.749,0.67787,0.67801,1.37,1.35
2016.03.08 18:02:57.800,0.67787,0.678,1.00,1.00
2016.03.08 18:02:58.256,0.67787,0.67802,1.00,1.35
2016.03.08 18:02:58.458,0.67789,0.67804,1.00,1.25
2016.03.08 18:02:58.761,0.67791,0.67804,1.00,1.00
2016.03.08 18:03:04.588,0.67791,0.67806,1.00,2.36
2016.03.08 18:03:09.122,0.67792,0.67805,1.00,1.35
2016.03.08 18:03:09.880,0.67791,0.67805,1.00,2.10
2016.03.08 18:03:09.932,0.67789,0.67805,1.87,2.47
2016.03.08 18:03:10.033,0.67789,0.67802,1.50,1.00
2016.03.08 18:03:10.235,0.67789,0.67804,1.50,1.50
2016.03.08 18:03:12.796,0.6779,0.67804,1.00,1.12
2016.03.08 18:03:14.738,0.67791,0.67805,1.00,1.67
2016.03.08 18:03:18.818,0.67793,0.67805,1.00,1.67
2016.03.08 18:03:19.151,0.67798,0.6781,1.00,1.35
2016.03.08 18:03:19.670,0.67797,0.67813,1.00,2.00
2016.03.08 18:03:20.716,0.67797,0.67812,1.00,1.87
2016.03.08 18:03:22.731,0.67798,0.67812,1.00,1.87
2016.03.08 18:03:23.959,0.67798,0.67811,1.00,1.00
2016.03.08 18:03:25.728,0.67798,0.67814,1.00,2.25
2016.03.08 18:03:26.284,0.67798,0.67811,1.00,1.00
2016.03.08 18:03:26.789,0.67798,0.67813,1.00,1.50
2016.03.08 18:03:28.681,0.67797,0.67813,1.50,2.25
2016.03.08 18:03:28.834,0.67799,0.67813,1.50,1.50
2016.03.08 18:03:29.062,0.67801,0.67815,1.00,1.50
2016.03.08 18:03:29.214,0.67803,0.67816,1.00,2.10
2016.03.08 18:03:29.722,0.67802,0.67816,1.00,1.30
2016.03.08 18:03:35.813,0.67802,0.67816,1.50,1.67
2016.03.08 18:03:36.167,0.67799,0.67813,1.00,1.00
2016.03.08 18:03:36.529,0.67796,0.67813,2.25,1.75
2016.03.08 18:03:38.877,0.67798,0.67812,1.00,1.50
2016.03.08 18:03:39.384,0.67798,0.67812,1.00,1.00
2016.03.08 18:03:39.902,0.67798,0.67813,1.50,2.00
2016.03.08 18:03:40.241,0.67799,0.67813,1.00,1.31
2016.03.08 18:03:40.393,0.67801,0.67813,1.00,1.00
2016.03.08 18:03:40.494,0.67801,0.67816,1.00,2.85
2016.03.08 18:03:40.697,0.67804,0.67818,1.00,2.29
2016.03.08 18:03:41.210,0.67803,0.67819,1.00,3.41
2016.03.08 18:03:45.219,0.67805,0.67818,1.00,1.60
2016.03.08 18:03:45.523,0.67807,0.67819,1.00,2.10
2016.03.08 18:03:49.817,0.67807,0.67817,1.00,2.10
2016.03.08 18:03:51.868,0.67806,0.67817,1.00,2.10
2016.03.08 18:03:57.045,0.67807,0.67817,1.00,2.10
2016.03.08 18:03:57.851,0.67805,0.67817,1.50,2.10
2016.03.08 18:03:58.155,0.67803,0.67817,1.00,2.10
2016.03.08 18:04:03.766,0.67804,0.67817,1.00,2.10
2016.03.08 18:04:16.201,0.67803,0.67817,1.00,2.85
2016.03.08 18:04:16.707,0.67802,0.67817,2.25,2.85
2016.03.08 18:04:18.298,0.67803,0.67817,1.00,2.85
2016.03.08 18:04:18.354,0.67805,0.67817,1.00,2.10
2016.03.08 18:04:19.835,0.67805,0.67818,1.00,2.10
2016.03.08 18:04:30.339,0.67804,0.67818,1.87,2.85
2016.03.08 18:04:36.099,0.67803,0.67818,1.00,2.85
2016.03.08 18:04:36.296,0.67799,0.67815,1.12,1.10
2016.03.08 18:04:36.347,0.67799,0.67815,1.00,1.47
2016.03.08 18:04:36.500,0.67797,0.67812,1.00,1.50
2016.03.08 18:04:37.014,0.67797,0.6781,1.00,1.12
2016.03.08 18:04:38.494,0.67795,0.67812,2.25,2.25
2016.03.08 18:04:38.797,0.67795,0.67808,1.50,1.00
2016.03.08 18:04:38.999,0.67795,0.67811,1.50,1.50
2016.03.08 18:04:39.533,0.67795,0.67811,1.50,1.75
2016.03.08 18:04:44.273,0.67795,0.67808,1.00,1.00
2016.03.08 18:04:44.779,0.67795,0.6781,1.00,1.50
2016.03.08 18:04:51.922,0.67799,0.67813,1.00,1.85
2016.03.08 18:04:51.973,0.67799,0.67813,1.00,1.50
2016.03.08 18:04:52.024,0.67799,0.67813,1.00,1.12
2016.03.08 18:04:52.555,0.67798,0.67815,1.50,2.44
2016.03.08 18:04:54.273,0.67799,0.67814,1.00,1.12
2016.03.08 18:04:54.833,0.67798,0.67814,1.00,1.12
2016.03.08 18:04:58.090,0.67798,0.67814,1.00,1.87
2016.03.08 18:04:59.406,0.67798,0.67814,1.00,1.87
2016.03.08 18:04:59.934,0.67798,0.67814,1.50,1.75
2016.03.08 18:05:00.755,0.67796,0.67813,1.50,2.25
2016.03.08 18:05:00.907,0.67795,0.6781,2.25,1.37
2016.03.08 18:05:01.714,0.67795,0.67805,1.00,1.00
2016.03.08 18:05:01.765,0.67795,0.67807,1.00,3.00
2016.03.08 18:05:01.818,0.67793,0.67805,1.00,1.00
2016.03.08 18:05:01.870,0.67788,0.67804,2.44,1.00
2016.03.08 18:05:01.921,0.67788,0.67804,1.69,2.25
2016.03.08 18:05:02.405,0.67788,0.67799,1.25,1.00
2016.03.08 18:05:02.456,0.67786,0.67799,1.50,1.00
2016.03.08 18:05:03.780,0.67787,0.67799,1.00,1.00
2016.03.08 18:05:03.831,0.67787,0.67801,1.50,2.62
2016.03.08 18:05:03.933,0.67787,0.67804,2.62,1.31
2016.03.08 18:05:04.439,0.67788,0.67805,1.00,2.44
2016.03.08 18:05:05.476,0.67789,0.67805,1.00,2.44
2016.03.08 18:05:06.179,0.67789,0.67801,1.00,1.19
2016.03.08 18:05:06.837,0.67789,0.67799,1.00,1.19
2016.03.08 18:05:07.715,0.67788,0.67799,1.00,1.19
2016.03.08 18:05:07.816,0.67786,0.67799,1.12,3.56
2016.03.08 18:05:07.867,0.67786,0.67794,1.00,1.25
2016.03.08 18:05:08.019,0.67782,0.67794,1.00,1.69
2016.03.08 18:05:08.538,0.67785,0.67796,1.00,1.31
2016.03.08 18:05:08.640,0.67785,0.67798,1.00,1.31
2016.03.08 18:05:11.164,0.67785,0.67795,1.00,1.19
2016.03.08 18:05:11.468,0.67787,0.67795,1.00,1.19
2016.03.08 18:05:13.813,0.67787,0.67799,1.00,1.19
2016.03.08 18:05:13.864,0.67789,0.67799,1.00,1.19
2016.03.08 18:05:13.966,0.67786,0.67799,1.00,1.19
2016.03.08 18:05:14.168,0.67789,0.67799,1.00,1.19
2016.03.08 18:05:15.086,0.67789,0.67798,1.00,1.19
2016.03.08 18:05:15.137,0.67785,0.67798,1.00,1.31
2016.03.08 18:05:15.642,0.67786,0.67798,1.00,1.19
2016.03.08 18:05:16.150,0.67784,0.67798,1.00,1.19
2016.03.08 18:05:16.369,0.67787,0.67798,1.00,1.19
2016.03.08 18:05:16.879,0.67786,0.67798,1.00,1.19
2016.03.08 18:05:21.121,0.67784,0.67798,1.00,1.69
2016.03.08 18:05:21.324,0.67786,0.67798,1.00,1.69
2016.03.08 18:05:21.981,0.67784,0.67798,1.00,1.19
2016.03.08 18:05:24.066,0.67785,0.67798,1.00,1.19
2016.03.08 18:05:28.114,0.67784,0.67798,1.00,1.69
2016.03.08 18:05:28.216,0.67784,0.67794,1.00,1.19
2016.03.08 18:05:28.368,0.67781,0.67794,1.00,1.31
2016.03.08 18:05:41.579,0.67779,0.67794,1.00,1.19
2016.03.08 18:05:42.271,0.67778,0.67793,1.50,1.31
2016.03.08 18:05:46.234,0.67778,0.67793,1.50,1.31
2016.03.08 18:05:50.559,0.67779,0.67793,1.00,1.31
2016.03.08 18:05:51.064,0.67778,0.67793,1.50,2.06
2016.03.08 18:05:57.699,0.67777,0.67792,1.50,1.25
2016.03.08 18:05:57.800,0.67775,0.67789,1.20,1.19
2016.03.08 18:05:58.306,0.67774,0.67788,1.00,1.25
2016.03.08 18:05:58.811,0.67776,0.67788,1.00,1.25
2016.03.08 18:05:59.706,0.67775,0.67789,1.00,1.56
2016.03.08 18:05:59.909,0.67773,0.67788,1.50,1.69
2016.03.08 18:06:00.436,0.67774,0.67788,1.00,1.69
2016.03.08 18:06:00.947,0.67775,0.67788,1.00,1.69
2016.03.08 18:06:01.149,0.67773,0.67788,1.00,1.69
2016.03.08 18:06:01.200,0.67773,0.67786,1.00,1.69
2016.03.08 18:06:01.706,0.67774,0.67785,1.00,1.19
2016.03.08 18:06:03.230,0.67771,0.67786,1.00,2.06
2016.03.08 18:06:03.281,0.67769,0.67784,1.12,1.19
2016.03.08 18:06:03.332,0.67771,0.67784,1.00,1.31
2016.03.08 18:06:03.687,0.67768,0.67784,1.50,2.44
2016.03.08 18:06:04.211,0.67769,0.67784,1.00,1.69
2016.03.08 18:06:05.370,0.67769,0.6778,1.00,1.19
2016.03.08 18:06:06.287,0.67768,0.6778,1.00,1.19
2016.03.08 18:06:06.438,0.67766,0.6778,1.00,2.44
2016.03.08 18:06:06.540,0.67764,0.6778,1.00,2.44
2016.03.08 18:06:07.046,0.67763,0.67776,1.00,1.56
2016.03.08 18:06:07.314,0.6776,0.67776,2.25,1.69
2016.03.08 18:06:07.416,0.67762,0.67776,1.00,1.56
2016.03.08 18:06:07.720,0.67767,0.67776,1.00,1.19
2016.03.08 18:06:07.822,0.67767,0.6778,1.00,1.19
2016.03.08 18:06:08.329,0.67766,0.6778,1.00,1.19
2016.03.08 18:06:08.870,0.67766,0.67779,1.00,1.19
2016.03.08 18:06:10.198,0.67765,0.67779,1.00,2.06
2016.03.08 18:06:10.704,0.67765,0.67779,1.00,2.44
2016.03.08 18:06:12.802,0.67764,0.67779,1.00,2.44
2016.03.08 18:06:15.570,0.67763,0.67779,1.00,2.44
2016.03.08 18:06:18.302,0.67762,0.67779,2.25,3.19
2016.03.08 18:06:18.706,0.67761,0.67775,1.00,1.19
2016.03.08 18:06:19.061,0.67761,0.67776,1.00,1.91
2016.03.08 18:06:21.553,0.67761,0.67775,1.00,1.00
2016.03.08 18:06:21.604,0.67759,0.67775,1.12,1.00
2016.03.08 18:06:21.807,0.67763,0.67776,1.00,1.91
2016.03.08 18:06:21.908,0.6776,0.67776,1.00,1.91
2016.03.08 18:06:22.313,0.67761,0.67773,1.00,1.00
2016.03.08 18:06:22.364,0.67759,0.67773,1.12,1.00
2016.03.08 18:06:23.002,0.67758,0.67773,1.12,1.25
2016.03.08 18:06:23.710,0.67759,0.67773,1.00,1.25
2016.03.08 18:06:27.427,0.67758,0.67773,1.12,1.25
2016.03.08 18:06:29.355,0.67758,0.67771,1.12,1.00
2016.03.08 18:06:29.876,0.67757,0.67771,1.00,1.00
2016.03.08 18:06:30.028,0.67758,0.67773,1.00,1.25
2016.03.08 18:06:31.571,0.67758,0.6777,1.00,1.00
2016.03.08 18:06:32.228,0.67758,0.67771,1.00,1.00
2016.03.08 18:06:35.365,0.67759,0.67771,1.00,1.00
2016.03.08 18:06:36.432,0.67758,0.67771,1.12,1.00
2016.03.08 18:06:37.025,0.67758,0.67772,1.12,1.00
2016.03.08 18:06:38.431,0.67758,0.6777,1.12,1.00
2016.03.08 18:06:38.747,0.67755,0.67767,1.37,1.00
2016.03.08 18:06:39.051,0.67754,0.67765,1.00,1.25
2016.03.08 18:06:39.558,0.67755,0.67765,1.00,1.25
2016.03.08 18:06:40.313,0.67754,0.67765,1.00,1.25
2016.03.08 18:06:40.617,0.67755,0.67763,1.00,1.00
2016.03.08 18:06:40.718,0.67751,0.67763,1.00,1.00
2016.03.08 18:06:40.820,0.67751,0.67765,1.00,2.44
2016.03.08 18:06:40.871,0.67754,0.67765,1.00,2.44
2016.03.08 18:06:41.386,0.67755,0.67765,1.00,1.25
2016.03.08 18:06:43.842,0.67754,0.67765,1.00,1.25
2016.03.08 18:06:45.010,0.67755,0.67765,1.00,1.25
2016.03.08 18:06:45.424,0.67757,0.67766,1.00,1.19
2016.03.08 18:06:46.454,0.67754,0.67765,1.00,1.25
2016.03.08 18:06:46.919,0.67756,0.67764,1.00,1.00
2016.03.08 18:06:47.425,0.67755,0.67766,1.00,1.69
2016.03.08 18:06:48.133,0.67754,0.67766,1.00,1.69
2016.03.08 18:06:48.664,0.67755,0.67765,1.00,1.25
2016.03.08 18:06:50.638,0.67754,0.67765,1.00,1.25
2016.03.08 18:06:52.615,0.67755,0.67765,1.00,1.25
2016.03.08 18:06:54.135,0.67756,0.67765,1.00,1.25
2016.03.08 18:06:56.758,0.67756,0.67764,1.00,1.00
2016.03.08 18:06:57.271,0.67753,0.67764,1.00,1.00
2016.03.08 18:06:57.575,0.67755,0.67764,1.00,1.00
2016.03.08 18:06:58.334,0.67756,0.67766,1.00,1.19
2016.03.08 18:06:58.385,0.67756,0.6777,1.00,1.69
2016.03.08 18:06:58.436,0.6776,0.67771,1.00,2.44
2016.03.08 18:06:58.759,0.67765,0.67774,1.00,1.19
2016.03.08 18:06:58.861,0.67765,0.67777,1.00,1.87
2016.03.08 18:07:01.880,0.67764,0.67777,1.00,1.50
2016.03.08 18:07:01.932,0.67764,0.67775,1.00,1.00
2016.03.08 18:07:02.438,0.67763,0.67775,1.00,1.00
2016.03.08 18:07:06.610,0.67763,0.67773,1.00,1.00
2016.03.08 18:07:06.813,0.67761,0.67773,1.00,1.00
2016.03.08 18:07:07.316,0.67762,0.67773,1.00,1.25
2016.03.08 18:07:09.358,0.67763,0.67773,1.00,1.25
2016.03.08 18:07:10.011,0.67761,0.67773,1.00,1.25
2016.03.08 18:07:11.302,0.67763,0.67773,1.00,1.25
2016.03.08 18:07:13.541,0.67762,0.67774,1.00,1.69
2016.03.08 18:07:15.185,0.67765,0.67774,1.00,1.69
2016.03.08 18:07:15.690,0.67764,0.67774,1.00,1.00
2016.03.08 18:07:16.500,0.67763,0.67774,1.00,1.00
2016.03.08 18:07:17.042,0.67764,0.67774,1.00,1.00
2016.03.08 18:07:17.497,0.67763,0.67772,1.00,1.00
2016.03.08 18:07:17.548,0.67763,0.67774,1.00,1.00
2016.03.08 18:07:18.096,0.67764,0.67774,1.00,1.00
2016.03.08 18:07:18.456,0.67762,0.67774,1.00,1.00
2016.03.08 18:07:18.810,0.67765,0.67774,1.00,1.00
2016.03.08 18:07:19.123,0.67761,0.67772,1.00,1.00
2016.03.08 18:07:19.224,0.67761,0.67774,1.00,1.12
2016.03.08 18:07:19.477,0.67763,0.67774,1.00,1.12
2016.03.08 18:07:21.987,0.67762,0.67774,1.00,1.00
2016.03.08 18:07:22.969,0.67761,0.67774,1.00,1.00
2016.03.08 18:07:23.517,0.6776,0.67774,1.00,1.00
2016.03.08 18:07:24.175,0.67762,0.67774,1.00,1.00
2016.03.08 18:07:24.710,0.67763,0.67775,1.00,1.50
2016.03.08 18:07:24.862,0.67761,0.67775,1.12,1.00
2016.03.08 18:07:24.964,0.67764,0.67777,1.00,1.19
2016.03.08 18:07:25.267,0.67767,0.67777,1.00,1.19
2016.03.08 18:07:25.793,0.67766,0.67777,1.00,1.19
2016.03.08 18:07:26.501,0.67765,0.67777,1.00,1.69
2016.03.08 18:07:27.042,0.67767,0.67777,1.00,1.69
2016.03.08 18:07:27.497,0.67764,0.67777,1.00,1.69
2016.03.08 18:07:27.700,0.67766,0.67777,1.00,1.69
2016.03.08 18:07:28.105,0.67767,0.67781,1.00,2.14
2016.03.08 18:07:28.156,0.67771,0.67781,1.00,2.06
2016.03.08 18:07:28.327,0.67771,0.67783,1.12,1.00
2016.03.08 18:07:29.401,0.6777,0.67782,1.00,1.00
2016.03.08 18:07:29.718,0.67769,0.67778,1.00,1.00
2016.03.08 18:07:29.769,0.67769,0.67781,1.00,1.00
2016.03.08 18:07:30.274,0.6777,0.67781,1.00,1.00
2016.03.08 18:07:32.689,0.6777,0.67779,1.00,1.00
2016.03.08 18:07:33.197,0.67772,0.67781,1.00,1.00
2016.03.08 18:07:33.450,0.67769,0.6778,1.00,1.00
2016.03.08 18:07:33.501,0.67769,0.67778,1.00,1.00
2016.03.08 18:07:33.846,0.67766,0.67773,1.00,1.00
2016.03.08 18:07:33.897,0.67761,0.67775,1.00,1.87
2016.03.08 18:07:34.201,0.67762,0.67773,1.00,1.00
2016.03.08 18:07:34.712,0.67763,0.67773,1.00,1.00
2016.03.08 18:07:35.226,0.67763,0.67772,1.00,1.00
2016.03.08 18:07:35.277,0.67761,0.67772,1.00,1.00
2016.03.08 18:07:35.784,0.67762,0.67772,1.00,1.00
2016.03.08 18:07:36.282,0.6776,0.67772,1.00,1.00
2016.03.08 18:07:38.618,0.67761,0.6777,1.00,1.00
2016.03.08 18:07:39.055,0.67763,0.67772,1.00,1.25
2016.03.08 18:07:39.561,0.67764,0.67773,1.00,1.00
2016.03.08 18:07:39.815,0.67761,0.67773,1.00,1.00
2016.03.08 18:07:39.976,0.67763,0.67773,1.00,1.00
2016.03.08 18:07:40.382,0.6776,0.67773,1.00,1.00
2016.03.08 18:07:40.838,0.67759,0.67771,1.00,1.00
2016.03.08 18:07:41.318,0.67757,0.6777,1.00,1.00
2016.03.08 18:07:41.824,0.67758,0.6777,1.00,1.00
2016.03.08 18:07:42.231,0.67756,0.6777,1.12,1.00
2016.03.08 18:07:42.749,0.67757,0.6777,1.00,1.00
2016.03.08 18:07:44.298,0.67759,0.6777,1.00,1.00
2016.03.08 18:07:44.551,0.67757,0.6777,1.00,1.00
2016.03.08 18:07:45.056,0.67756,0.6777,1.12,1.00
2016.03.08 18:07:46.615,0.67757,0.6777,1.00,1.00
2016.03.08 18:07:47.737,0.67758,0.6777,1.00,1.00
2016.03.08 18:07:48.242,0.67757,0.6777,1.00,1.00
2016.03.08 18:07:54.275,0.67757,0.67771,1.50,1.00
2016.03.08 18:07:56.531,0.67759,0.67771,1.00,1.00
2016.03.08 18:07:56.633,0.67757,0.67771,1.87,1.00
2016.03.08 18:07:59.506,0.67757,0.67771,2.25,1.00
2016.03.08 18:08:05.534,0.67759,0.67771,1.00,1.00
2016.03.08 18:08:06.559,0.67758,0.67771,1.12,1.00
2016.03.08 18:08:07.081,0.67759,0.67771,1.00,1.00
2016.03.08 18:08:08.830,0.6776,0.67771,1.00,1.00
2016.03.08 18:08:16.091,0.67759,0.67771,1.00,1.00
2016.03.08 18:08:19.453,0.67759,0.6777,1.00,1.00
2016.03.08 18:08:19.554,0.67757,0.6777,1.00,1.00
2016.03.08 18:08:19.605,0.67757,0.67768,1.00,1.00
2016.03.08 18:08:19.656,0.67757,0.6777,1.00,1.00
2016.03.08 18:08:19.757,0.67758,0.67767,1.37,1.00
2016.03.08 18:08:19.859,0.67756,0.67767,1.00,1.00
2016.03.08 18:08:21.459,0.67755,0.67767,1.00,1.00
2016.03.08 18:08:27.715,0.67755,0.67764,1.00,1.69
2016.03.08 18:08:27.918,0.67756,0.67769,1.00,4.01
2016.03.08 18:08:27.969,0.67754,0.67769,1.00,2.81
2016.03.08 18:08:28.121,0.67759,0.67769,1.00,1.00
2016.03.08 18:08:28.222,0.67759,0.67771,1.00,1.00
2016.03.08 18:08:28.765,0.6776,0.67771,1.00,1.00
2016.03.08 18:08:31.703,0.6776,0.67772,1.00,1.25
2016.03.08 18:08:34.149,0.67761,0.67772,1.00,1.25
2016.03.08 18:08:35.015,0.67761,0.67771,1.00,1.00
2016.03.08 18:08:35.544,0.6776,0.67771,1.00,1.00
2016.03.08 18:08:38.563,0.67759,0.67771,1.00,1.00
2016.03.08 18:08:38.866,0.67757,0.67771,1.12,1.00
2016.03.08 18:08:38.967,0.67759,0.67771,1.00,1.00
2016.03.08 18:08:39.230,0.67757,0.67771,1.12,1.00
2016.03.08 18:08:39.731,0.67758,0.67771,1.12,1.00
2016.03.08 18:08:45.488,0.67757,0.67771,1.00,1.00
2016.03.08 18:08:47.309,0.67757,0.6777,1.00,1.00
2016.03.08 18:08:47.462,0.67758,0.67772,1.00,1.69
2016.03.08 18:08:48.127,0.67758,0.6777,1.12,1.00
2016.03.08 18:08:52.911,0.67759,0.6777,1.94,1.00
2016.03.08 18:08:52.962,0.6776,0.67775,3.19,1.10
2016.03.08 18:08:53.115,0.67762,0.67777,1.75,1.50
2016.03.08 18:08:53.218,0.67764,0.67777,1.00,1.50
2016.03.08 18:08:53.320,0.67765,0.67777,1.37,1.00
2016.03.08 18:08:53.726,0.67764,0.67777,1.00,1.50
2016.03.08 18:08:55.577,0.67763,0.67777,1.12,1.00
2016.03.08 18:08:55.809,0.67762,0.67775,1.50,1.00
2016.03.08 18:08:56.315,0.67764,0.67775,1.00,1.00
2016.03.08 18:08:56.820,0.67763,0.67775,1.12,1.00
2016.03.08 18:08:57.260,0.67761,0.67775,1.12,1.00
2016.03.08 18:08:57.565,0.67763,0.67775,1.00,1.00
2016.03.08 18:08:58.366,0.67761,0.67775,1.12,1.00
2016.03.08 18:08:58.467,0.67765,0.67775,1.00,1.00
2016.03.08 18:08:58.734,0.67763,0.67775,1.00,1.00
2016.03.08 18:08:58.886,0.67761,0.67775,1.12,1.00
2016.03.08 18:08:58.988,0.67763,0.67775,1.00,1.00
2016.03.08 18:09:00.650,0.67762,0.67775,1.50,1.00
2016.03.08 18:09:03.825,0.67765,0.67775,1.00,1.00
2016.03.08 18:09:04.028,0.67765,0.67779,1.00,2.06
2016.03.08 18:09:04.079,0.67768,0.67779,1.00,2.06
2016.03.08 18:09:04.588,0.67768,0.6778,1.12,1.19
2016.03.08 18:09:05.572,0.67768,0.67781,1.12,1.50
2016.03.08 18:09:05.926,0.6777,0.67781,1.00,1.00
2016.03.08 18:09:06.464,0.67768,0.67781,1.12,1.00
2016.03.08 18:09:07.562,0.67767,0.67779,1.00,1.00
2016.03.08 18:09:07.715,0.67765,0.67778,1.12,1.00
2016.03.08 18:09:08.019,0.67764,0.67776,1.37,1.00
2016.03.08 18:09:08.120,0.67763,0.67776,1.00,1.00
2016.03.08 18:09:08.625,0.67762,0.67776,1.87,1.00
2016.03.08 18:09:08.917,0.67765,0.67776,1.00,1.00
2016.03.08 18:09:09.458,0.67764,0.67776,1.00,1.00
2016.03.08 18:09:10.252,0.67764,0.67777,1.00,1.25
2016.03.08 18:09:10.758,0.67764,0.67776,1.00,1.00
2016.03.08 18:09:11.267,0.67763,0.67776,1.00,1.00
2016.03.08 18:09:11.771,0.67764,0.67776,1.00,1.00
2016.03.08 18:09:15.325,0.67764,0.67774,1.00,1.00
2016.03.08 18:09:15.628,0.67762,0.67774,1.00,1.00
2016.03.08 18:09:15.730,0.67764,0.67773,1.00,1.00
2016.03.08 18:09:15.832,0.6776,0.67773,1.00,1.00
2016.03.08 18:09:16.165,0.67762,0.67773,1.00,1.00
2016.03.08 18:09:16.670,0.67762,0.67773,1.00,1.69
2016.03.08 18:09:17.620,0.6776,0.67773,1.00,1.69
2016.03.08 18:09:19.143,0.6776,0.67771,1.00,1.00
2016.03.08 18:09:19.765,0.67759,0.67773,2.25,1.69
2016.03.08 18:09:20.272,0.67758,0.67773,1.50,3.19
2016.03.08 18:09:20.475,0.6776,0.67773,1.00,3.19
2016.03.08 18:09:20.915,0.67758,0.67772,1.12,1.25
2016.03.08 18:09:21.117,0.6776,0.67773,1.00,2.44
2016.03.08 18:09:23.117,0.67759,0.67772,1.00,1.25
2016.03.08 18:09:23.625,0.67757,0.67772,1.50,1.25
2016.03.08 18:09:25.166,0.67758,0.67771,1.12,1.00
2016.03.08 18:09:27.040,0.67758,0.67772,1.12,1.25
2016.03.08 18:09:29.460,0.67759,0.67772,1.00,1.25
2016.03.08 18:09:29.965,0.6776,0.67772,1.00,1.00
2016.03.08 18:09:30.486,0.67761,0.67772,1.00,1.00
2016.03.08 18:09:32.089,0.6776,0.67772,1.00,1.00
2016.03.08 18:09:32.651,0.67758,0.67772,1.12,1.50
2016.03.08 18:09:33.839,0.67757,0.67772,1.50,3.19
2016.03.08 18:09:39.399,0.67757,0.67771,1.75,1.25
2016.03.08 18:09:45.680,0.67757,0.6777,1.75,1.00
2016.03.08 18:09:45.731,0.67755,0.67766,1.00,1.00
2016.03.08 18:09:45.984,0.67753,0.67766,1.12,1.50
2016.03.08 18:09:46.489,0.67754,0.67766,1.00,1.50
2016.03.08 18:09:47.084,0.67755,0.67766,1.00,1.50
2016.03.08 18:09:48.172,0.67754,0.67766,1.00,1.50
2016.03.08 18:09:49.881,0.67754,0.67765,1.00,1.00
2016.03.08 18:09:50.176,0.67752,0.67765,1.12,1.00
2016.03.08 18:09:50.379,0.67755,0.67765,1.00,1.00
2016.03.08 18:09:50.735,0.67755,0.6776,1.00,1.00
2016.03.08 18:09:50.786,0.67755,0.67762,1.00,2.44
2016.03.08 18:09:50.938,0.67753,0.67763,1.00,2.06
2016.03.08 18:09:51.403,0.6775,0.67762,1.00,1.00
2016.03.08 18:09:51.454,0.67748,0.67762,1.87,1.00
2016.03.08 18:09:54.431,0.67751,0.67762,1.00,1.00
2016.03.08 18:09:56.444,0.67749,0.67762,1.00,1.00
2016.03.08 18:10:01.238,0.67749,0.67761,1.00,1.00
2016.03.08 18:10:02.385,0.67748,0.67761,1.00,1.50
2016.03.08 18:10:03.052,0.67749,0.67761,1.00,1.00
2016.03.08 18:10:03.724,0.67748,0.67761,1.00,1.50
2016.03.08 18:10:05.764,0.67746,0.67759,1.00,1.00
2016.03.08 18:10:06.068,0.67744,0.67754,1.50,1.00
2016.03.08 18:10:06.678,0.67745,0.67754,1.00,1.00
2016.03.08 18:10:07.087,0.67739,0.67753,1.00,1.25
2016.03.08 18:10:07.188,0.67739,0.6775,1.00,1.00
2016.03.08 18:10:09.313,0.6774,0.6775,1.00,1.00
2016.03.08 18:10:09.831,0.67739,0.6775,1.00,1.00
2016.03.08 18:10:11.362,0.6774,0.6775,1.00,1.00
2016.03.08 18:10:12.392,0.6774,0.67751,1.00,1.00
2016.03.08 18:10:13.795,0.67739,0.67751,1.00,1.00
2016.03.08 18:10:14.298,0.67738,0.67751,1.00,1.50
2016.03.08 18:10:15.026,0.67738,0.6775,1.00,1.00
2016.03.08 18:10:17.813,0.67739,0.6775,1.00,1.00
2016.03.08 18:10:18.318,0.67738,0.6775,1.00,1.00
2016.03.08 18:10:19.819,0.67738,0.67748,1.00,1.00
2016.03.08 18:10:19.870,0.67736,0.67748,1.12,1.50
2016.03.08 18:10:19.921,0.67736,0.67746,1.00,1.00
2016.03.08 18:10:20.072,0.67734,0.67746,1.12,1.00
2016.03.08 18:10:20.630,0.67735,0.67746,1.00,1.00
2016.03.08 18:10:20.731,0.67737,0.67746,1.00,1.00
2016.03.08 18:10:22.071,0.67736,0.67746,1.00,1.00
2016.03.08 18:10:22.587,0.67737,0.67746,1.00,1.00
2016.03.08 18:10:23.590,0.67735,0.67746,1.00,1.00
2016.03.08 18:10:23.894,0.67737,0.67746,1.00,1.00
2016.03.08 18:10:24.593,0.67736,0.67746,1.00,1.25
2016.03.08 18:10:25.118,0.67737,0.67745,1.00,1.50
2016.03.08 18:10:25.573,0.67735,0.67745,1.00,1.50
2016.03.08 18:10:25.674,0.67733,0.67745,1.11,1.50
2016.03.08 18:10:25.877,0.67736,0.67745,1.00,1.50
2016.03.08 18:10:26.394,0.67737,0.67745,1.00,1.50
2016.03.08 18:10:26.445,0.67735,0.67745,1.00,1.50
2016.03.08 18:10:26.547,0.67733,0.67745,1.21,1.50
2016.03.08 18:10:28.314,0.67736,0.67745,1.00,1.50
2016.03.08 18:10:28.821,0.67737,0.67745,1.00,1.50
2016.03.08 18:10:29.096,0.67735,0.67745,1.00,1.50
2016.03.08 18:10:29.767,0.67737,0.67745,1.00,1.50
2016.03.08 18:10:30.635,0.67735,0.67745,1.00,1.00
2016.03.08 18:10:31.599,0.67737,0.67745,1.00,1.00
2016.03.08 18:10:32.122,0.67736,0.67745,1.00,1.00
2016.03.08 18:10:32.741,0.67735,0.67744,1.00,1.00
2016.03.08 18:10:33.045,0.67736,0.67746,1.00,1.25
2016.03.08 18:10:33.399,0.67738,0.67747,1.00,1.69
2016.03.08 18:10:33.929,0.67734,0.67745,1.00,1.00
2016.03.08 18:10:34.132,0.67738,0.67747,1.00,1.69
2016.03.08 18:10:34.385,0.67739,0.67748,1.00,1.00
2016.03.08 18:10:34.892,0.67739,0.67749,1.00,1.00
2016.03.08 18:10:35.437,0.67738,0.67749,1.00,1.00
2016.03.08 18:10:35.943,0.67737,0.6775,1.50,1.25
2016.03.08 18:10:42.374,0.67739,0.6775,1.00,1.25
2016.03.08 18:10:42.743,0.67737,0.6775,1.00,1.69
2016.03.08 18:10:43.956,0.67739,0.6775,1.00,1.25
2016.03.08 18:10:44.498,0.67738,0.6775,1.00,1.00
2016.03.08 18:10:45.003,0.67737,0.6775,1.12,1.50
2016.03.08 18:10:47.545,0.67738,0.6775,1.00,1.50
2016.03.08 18:10:49.375,0.67738,0.67748,1.00,1.00
2016.03.08 18:10:49.679,0.67736,0.67747,1.00,1.00
2016.03.08 18:10:50.206,0.67735,0.67746,1.00,1.00
2016.03.08 18:10:50.713,0.67736,0.67746,1.00,1.00
2016.03.08 18:10:52.985,0.67737,0.67746,1.00,1.00
2016.03.08 18:10:55.128,0.67737,0.67747,1.00,1.25
2016.03.08 18:10:56.252,0.67738,0.67748,1.00,1.19
2016.03.08 18:10:56.909,0.67737,0.67748,1.50,1.19
2016.03.08 18:10:58.696,0.67738,0.67748,1.00,1.19
2016.03.08 18:10:59.215,0.67737,0.67748,1.50,1.19
2016.03.08 18:11:00.559,0.67737,0.67749,1.00,1.50
2016.03.08 18:11:00.661,0.67735,0.67749,1.00,1.00
2016.03.08 18:11:00.863,0.67738,0.67749,1.00,1.00
2016.03.08 18:11:01.220,0.67738,0.67748,1.00,1.19
2016.03.08 18:11:01.322,0.67736,0.67748,1.00,1.19
2016.03.08 18:11:01.476,0.67738,0.67748,1.00,1.19
2016.03.08 18:11:01.982,0.67739,0.67748,1.12,1.19
2016.03.08 18:11:02.596,0.67737,0.67748,1.00,1.19
2016.03.08 18:11:06.724,0.67736,0.67748,1.12,1.19
2016.03.08 18:11:10.534,0.67737,0.67748,1.00,1.19
2016.03.08 18:11:11.046,0.67736,0.67748,1.00,1.19
2016.03.08 18:11:12.563,0.67738,0.67748,1.00,1.19
2016.03.08 18:11:12.801,0.67736,0.67748,1.00,1.19
2016.03.08 18:11:12.852,0.67738,0.67748,1.00,1.19
2016.03.08 18:11:13.373,0.67739,0.67748,1.00,1.19
2016.03.08 18:11:13.727,0.67735,0.67748,1.50,1.69
2016.03.08 18:11:14.151,0.67735,0.67745,1.00,1.00
2016.03.08 18:11:14.657,0.67736,0.67745,1.00,1.00
2016.03.08 18:11:16.089,0.67736,0.67744,1.00,1.00
2016.03.08 18:11:16.754,0.67736,0.67745,1.00,1.00
2016.03.08 18:11:17.732,0.67736,0.67744,1.00,1.00
2016.03.08 18:11:18.813,0.67735,0.67744,1.00,1.00
2016.03.08 18:11:19.015,0.6773,0.67741,1.50,1.50
2016.03.08 18:11:19.268,0.67728,0.67739,1.00,1.00
2016.03.08 18:11:23.633,0.67729,0.67739,1.00,1.00
2016.03.08 18:11:24.144,0.67728,0.67739,1.00,1.00
2016.03.08 18:11:25.609,0.67729,0.67739,1.00,1.00
2016.03.08 18:11:27.709,0.67727,0.67739,1.12,1.00
2016.03.08 18:11:28.238,0.67728,0.67739,1.00,1.00
2016.03.08 18:11:30.014,0.67727,0.67739,1.12,1.00
2016.03.08 18:11:31.349,0.6773,0.67739,1.00,1.00
2016.03.08 18:11:31.452,0.67728,0.67739,1.00,1.00
2016.03.08 18:11:33.219,0.67729,0.67739,1.00,1.00
2016.03.08 18:11:33.741,0.6773,0.67739,1.00,1.00
2016.03.08 18:11:33.792,0.67728,0.67739,1.00,1.00
2016.03.08 18:11:35.315,0.6773,0.67739,1.00,1.00
2016.03.08 18:11:35.563,0.67728,0.67739,1.00,1.00
2016.03.08 18:11:37.295,0.67729,0.67739,1.00,1.00
2016.03.08 18:11:37.826,0.67728,0.67739,1.00,1.00
2016.03.08 18:11:40.387,0.67727,0.67739,1.00,1.00
2016.03.08 18:11:40.925,0.67729,0.67739,1.00,1.00
2016.03.08 18:11:41.440,0.67728,0.67739,1.00,1.00
2016.03.08 18:11:45.759,0.67727,0.67739,1.00,1.00
2016.03.08 18:11:46.512,0.67728,0.67739,1.00,1.00
2016.03.08 18:11:47.037,0.67727,0.67739,1.00,1.50
2016.03.08 18:11:47.341,0.67729,0.67739,1.00,1.00
2016.03.08 18:11:47.872,0.67728,0.67739,1.00,1.00
2016.03.08 18:11:49.371,0.67727,0.67739,1.00,1.00
2016.03.08 18:11:51.028,0.67729,0.67739,1.00,1.50
2016.03.08 18:11:52.898,0.67725,0.67736,1.00,1.00
2016.03.08 18:11:53.404,0.67724,0.67735,1.05,1.00
2016.03.08 18:11:53.838,0.67724,0.67733,1.05,1.50
2016.03.08 18:11:54.091,0.67717,0.6773,1.72,1.00
2016.03.08 18:11:54.290,0.67717,0.6773,1.00,1.00
2016.03.08 18:11:54.341,0.67719,0.6773,1.00,1.00
2016.03.08 18:11:54.846,0.6772,0.6773,1.00,1.00
2016.03.08 18:11:58.064,0.67717,0.6773,1.00,1.00
2016.03.08 18:11:58.419,0.67719,0.6773,1.00,1.00
2016.03.08 18:12:00.265,0.67719,0.67731,1.00,1.50
2016.03.08 18:12:02.025,0.67719,0.67728,1.00,1.00
2016.03.08 18:12:02.597,0.67717,0.67728,1.50,1.00
2016.03.08 18:12:03.550,0.67717,0.67731,1.50,1.50
2016.03.08 18:12:03.601,0.6772,0.67731,1.00,1.50
2016.03.08 18:12:04.231,0.67718,0.67731,1.12,1.50
2016.03.08 18:12:08.766,0.67719,0.67731,1.00,1.50
2016.03.08 18:12:09.272,0.67718,0.67731,1.12,2.25
2016.03.08 18:12:10.301,0.67719,0.67731,1.00,1.50
2016.03.08 18:12:11.073,0.67717,0.67731,1.50,1.50
2016.03.08 18:12:11.644,0.67717,0.67728,1.50,1.00
2016.03.08 18:12:12.173,0.67717,0.67728,1.00,1.50
2016.03.08 18:12:12.645,0.67719,0.67728,1.00,1.00
2016.03.08 18:12:12.948,0.67717,0.67728,1.12,1.00
2016.03.08 18:12:13.678,0.67719,0.67728,1.00,1.50
2016.03.08 18:12:14.017,0.67717,0.67728,1.12,1.00
2016.03.08 18:12:17.082,0.67717,0.67729,1.12,1.50
2016.03.08 18:12:18.273,0.67717,0.67727,1.12,1.00
2016.03.08 18:12:18.425,0.67715,0.67727,1.00,1.50
2016.03.08 18:12:18.577,0.67715,0.67724,1.00,1.00
2016.03.08 18:12:19.083,0.67714,0.67724,1.00,1.00
2016.03.08 18:12:19.608,0.67713,0.67724,1.00,1.00
2016.03.08 18:12:19.812,0.67715,0.67729,1.00,3.19
2016.03.08 18:12:19.863,0.67715,0.67729,1.00,1.87
2016.03.08 18:12:19.965,0.67719,0.67729,1.00,1.00
2016.03.08 18:12:20.744,0.67717,0.67729,1.12,1.00
2016.03.08 18:12:22.071,0.67717,0.67728,1.12,1.00
2016.03.08 18:12:22.478,0.6772,0.67728,1.00,1.00
2016.03.08 18:12:22.529,0.6772,0.6773,1.00,1.50
2016.03.08 18:12:23.254,0.67718,0.6773,1.50,1.50
2016.03.08 18:12:23.787,0.67717,0.6773,1.12,1.50
2016.03.08 18:12:25.807,0.67718,0.6773,1.00,1.50
2016.03.08 18:12:26.357,0.67719,0.6773,1.00,1.50
2016.03.08 18:12:30.622,0.67718,0.6773,1.00,1.00
2016.03.08 18:12:37.104,0.67717,0.6773,1.12,1.00
2016.03.08 18:12:39.006,0.67718,0.6773,1.00,1.00
2016.03.08 18:12:52.854,0.67719,0.6773,1.00,1.00
2016.03.08 18:12:53.305,0.6772,0.67732,1.00,1.00
2016.03.08 18:12:53.812,0.67721,0.67732,1.12,1.00
2016.03.08 18:12:54.015,0.67719,0.67734,1.75,1.50
2016.03.08 18:12:54.167,0.67723,0.67734,1.00,1.00
2016.03.08 18:12:56.165,0.67721,0.67734,1.12,1.00
2016.03.08 18:12:57.342,0.67723,0.67734,1.00,1.00
2016.03.08 18:12:57.393,0.67723,0.67736,1.37,1.50
2016.03.08 18:12:57.596,0.67726,0.67737,1.00,1.00
2016.03.08 18:12:58.125,0.67726,0.67739,1.50,1.00
2016.03.08 18:12:58.466,0.67729,0.67739,1.00,1.00
2016.03.08 18:12:59.130,0.67729,0.6774,1.00,1.00
2016.03.08 18:13:01.640,0.67728,0.6774,1.12,1.00
2016.03.08 18:13:03.603,0.67726,0.6774,1.12,1.00
2016.03.08 18:13:03.705,0.67726,0.67738,1.00,1.00
2016.03.08 18:13:04.282,0.67726,0.67739,1.00,1.00
2016.03.08 18:13:04.596,0.67727,0.67736,1.00,1.00
2016.03.08 18:13:04.748,0.67725,0.67736,1.50,1.00
2016.03.08 18:13:05.257,0.67726,0.67736,1.00,1.00
2016.03.08 18:13:06.917,0.67723,0.67735,1.00,1.00
2016.03.08 18:13:07.465,0.67722,0.67735,1.00,1.00
2016.03.08 18:13:07.567,0.67724,0.67735,1.00,1.00
2016.03.08 18:13:09.431,0.67722,0.67735,1.00,1.50
2016.03.08 18:13:09.482,0.67722,0.67733,1.00,1.00
2016.03.08 18:13:10.646,0.67724,0.67733,1.00,1.00
2016.03.08 18:13:12.848,0.67723,0.67733,1.00,1.00
2016.03.08 18:13:13.101,0.6772,0.67732,1.00,1.50
2016.03.08 18:13:15.184,0.67719,0.67732,1.00,2.62
2016.03.08 18:13:17.376,0.67721,0.67732,1.00,1.87
2016.03.08 18:13:19.436,0.67721,0.67731,1.00,1.00
2016.03.08 18:13:20.591,0.6772,0.67731,1.00,1.00
2016.03.08 18:13:21.132,0.67719,0.67731,1.00,1.00
2016.03.08 18:13:21.648,0.6772,0.67731,1.00,1.00
2016.03.08 18:13:23.965,0.67718,0.67731,1.00,3.00
2016.03.08 18:13:24.471,0.67717,0.67731,1.00,1.50
2016.03.08 18:13:27.147,0.67719,0.67731,1.00,1.50
2016.03.08 18:13:33.847,0.67719,0.6773,1.00,1.00
2016.03.08 18:13:39.510,0.67718,0.6773,1.00,1.00
2016.03.08 18:13:41.790,0.67719,0.6773,1.00,1.00
2016.03.08 18:13:45.100,0.67719,0.67731,1.00,1.50
2016.03.08 18:13:46.129,0.67717,0.67731,1.00,1.50
2016.03.08 18:13:46.636,0.67717,0.6773,1.00,1.00
2016.03.08 18:13:48.187,0.67719,0.67731,1.00,1.00
2016.03.08 18:13:48.691,0.67718,0.67732,1.00,1.50
2016.03.08 18:13:51.280,0.67718,0.6773,1.00,1.00
2016.03.08 18:13:57.202,0.67718,0.67732,1.00,1.50
2016.03.08 18:13:59.467,0.67724,0.67732,1.00,1.00
2016.03.08 18:13:59.771,0.67728,0.67737,1.00,1.19
2016.03.08 18:14:00.075,0.67728,0.6774,1.00,1.19
2016.03.08 18:14:00.278,0.67729,0.6774,1.00,1.00
2016.03.08 18:14:01.716,0.67728,0.6774,1.00,1.00
2016.03.08 18:14:03.123,0.67727,0.6774,1.00,1.00
2016.03.08 18:14:03.624,0.67727,0.67739,1.00,1.00
2016.03.08 18:14:13.688,0.67727,0.67738,1.00,1.00
2016.03.08 18:14:17.330,0.67727,0.67737,1.00,1.00
2016.03.08 18:14:17.381,0.67727,0.67735,1.00,1.50
2016.03.08 18:14:17.534,0.67721,0.67735,1.00,1.50
2016.03.08 18:14:17.585,0.67721,0.67733,1.00,1.00
2016.03.08 18:14:17.888,0.6772,0.67731,1.50,1.00
2016.03.08 18:14:18.224,0.67718,0.67731,1.00,1.00
2016.03.08 18:14:21.193,0.67717,0.67729,1.50,1.00
2016.03.08 18:14:23.826,0.67718,0.67728,1.00,1.50
2016.03.08 18:14:23.928,0.67715,0.67727,1.00,1.00
2016.03.08 18:14:26.275,0.67716,0.67727,1.00,1.00
2016.03.08 18:14:26.891,0.67715,0.67727,1.00,1.00
2016.03.08 18:14:28.547,0.67716,0.67727,1.00,1.00
2016.03.08 18:14:29.933,0.67716,0.67728,1.00,1.50
2016.03.08 18:14:30.085,0.67719,0.67728,1.00,1.00
2016.03.08 18:14:30.541,0.67718,0.6773,1.00,1.00
2016.03.08 18:14:32.621,0.67718,0.67727,1.00,1.00
2016.03.08 18:14:33.145,0.67717,0.67727,1.12,1.00
2016.03.08 18:14:34.806,0.67718,0.67727,1.00,1.00
2016.03.08 18:14:37.032,0.67717,0.67727,1.00,1.00
2016.03.08 18:14:37.923,0.67717,0.67726,1.12,1.00
2016.03.08 18:14:39.577,0.67716,0.67726,1.00,1.00
2016.03.08 18:14:40.480,0.67716,0.67728,1.00,1.00
2016.03.08 18:14:40.632,0.67718,0.67729,1.00,1.00
2016.03.08 18:14:41.137,0.67719,0.67729,1.00,1.00
2016.03.08 18:14:41.864,0.67717,0.67729,1.00,1.00
2016.03.08 18:14:42.659,0.67717,0.67728,1.00,1.00
2016.03.08 18:14:43.864,0.67718,0.67728,1.00,1.00
2016.03.08 18:14:46.030,0.67717,0.67728,1.00,1.00
2016.03.08 18:14:47.937,0.67718,0.67728,1.00,1.00
2016.03.08 18:14:48.486,0.67717,0.67728,1.00,1.00
2016.03.08 18:14:51.957,0.67717,0.67725,1.00,1.00
2016.03.08 18:14:54.455,0.67716,0.67725,1.50,1.00
2016.03.08 18:14:56.700,0.67717,0.67725,1.00,1.00
2016.03.08 18:14:59.438,0.67716,0.67725,1.00,1.00
2016.03.08 18:14:59.590,0.67712,0.67723,1.37,1.00
2016.03.08 18:14:59.641,0.67711,0.67721,1.00,1.00
2016.03.08 18:14:59.945,0.67708,0.67716,1.50,1.00
2016.03.08 18:14:59.997,0.67707,0.67718,1.00,1.00
2016.03.08 18:15:00.672,0.67709,0.67718,1.00,1.00
2016.03.08 18:15:02.644,0.67707,0.67718,1.50,1.00
2016.03.08 18:15:05.277,0.67707,0.67719,1.50,1.00
2016.03.08 18:15:07.506,0.67708,0.67719,1.00,1.00
2016.03.08 18:15:08.015,0.67707,0.67719,1.50,1.00
2016.03.08 18:15:08.976,0.67707,0.67718,1.50,1.00
2016.03.08 18:15:11.661,0.67709,0.67718,1.00,1.00
2016.03.08 18:15:11.863,0.67715,0.67726,1.12,2.10
2016.03.08 18:15:12.369,0.67715,0.67725,1.00,1.00
2016.03.08 18:15:12.788,0.67713,0.67725,1.12,1.00
2016.03.08 18:15:13.091,0.67715,0.67725,1.00,1.00
2016.03.08 18:15:13.293,0.67715,0.67727,1.50,1.00
2016.03.08 18:15:13.344,0.67716,0.67731,1.00,1.35
2016.03.08 18:15:13.547,0.67718,0.67728,1.00,1.00
2016.03.08 18:15:14.002,0.67716,0.67728,1.00,1.00
2016.03.08 18:15:18.364,0.67717,0.67728,1.00,1.00
2016.03.08 18:15:18.988,0.67717,0.6773,1.00,1.00
2016.03.08 18:15:19.141,0.67719,0.6773,1.00,1.00
2016.03.08 18:15:19.597,0.67719,0.67732,1.50,1.00
2016.03.08 18:15:21.242,0.67719,0.67733,1.00,1.00
2016.03.08 18:15:22.432,0.67719,0.67731,1.00,1.00
2016.03.08 18:15:23.490,0.67721,0.67731,1.00,1.00
2016.03.08 18:15:23.713,0.67721,0.67733,1.00,1.00
2016.03.08 18:15:24.219,0.67721,0.67734,1.00,1.12
2016.03.08 18:15:24.371,0.67723,0.67733,1.00,1.00
2016.03.08 18:15:24.523,0.67725,0.67737,1.00,1.12
2016.03.08 18:15:24.675,0.67728,0.67739,1.00,1.00
2016.03.08 18:15:25.297,0.67728,0.6774,1.00,1.87
2016.03.08 18:15:25.651,0.67729,0.67738,1.00,1.00
2016.03.08 18:15:25.854,0.67729,0.67742,1.00,1.12
2016.03.08 18:15:26.383,0.67729,0.67743,1.50,1.00
2016.03.08 18:15:26.738,0.67729,0.67741,1.00,1.00
2016.03.08 18:15:31.354,0.67729,0.67743,1.00,1.00
2016.03.08 18:15:31.405,0.67731,0.67743,1.00,1.00
2016.03.08 18:15:32.026,0.67731,0.67741,1.00,1.00
2016.03.08 18:15:32.228,0.67731,0.67743,1.00,1.00
2016.03.08 18:15:32.531,0.67731,0.67745,1.00,1.00
2016.03.08 18:15:32.582,0.67731,0.67743,1.00,1.00
2016.03.08 18:15:33.134,0.67731,0.67744,1.00,1.00
2016.03.08 18:15:33.438,0.67736,0.67746,1.00,1.12
2016.03.08 18:15:33.640,0.67739,0.67752,1.00,1.50
2016.03.08 18:15:34.149,0.67739,0.67751,1.00,1.00
2016.03.08 18:15:35.108,0.67738,0.67751,1.00,1.00
2016.03.08 18:15:35.211,0.67735,0.67749,1.00,1.00
2016.03.08 18:15:35.312,0.67731,0.67746,2.25,1.00
2016.03.08 18:15:35.703,0.67729,0.67742,1.50,1.12
2016.03.08 18:15:36.037,0.67732,0.67745,1.00,1.12
2016.03.08 18:15:36.415,0.67731,0.67742,1.00,1.00
2016.03.08 18:15:37.463,0.67736,0.67742,1.00,1.00
2016.03.08 18:15:37.515,0.67736,0.67746,1.00,1.20
2016.03.08 18:15:37.717,0.67736,0.67748,1.00,1.00
2016.03.08 18:15:38.319,0.67734,0.67748,1.00,1.72
2016.03.08 18:15:38.623,0.67731,0.67742,1.00,1.00
2016.03.08 18:15:39.132,0.6773,0.67744,1.25,2.25
2016.03.08 18:15:39.637,0.6773,0.67744,1.25,1.50
2016.03.08 18:15:40.166,0.6773,0.67742,1.25,1.00
2016.03.08 18:15:42.230,0.6773,0.67743,1.25,1.00
2016.03.08 18:15:43.420,0.67732,0.67743,1.00,1.00
2016.03.08 18:15:43.471,0.67732,0.67745,1.00,1.12
2016.03.08 18:15:43.522,0.67734,0.67745,1.00,1.00
2016.03.08 18:15:44.028,0.67735,0.67748,1.00,1.00
2016.03.08 18:15:44.484,0.67733,0.67748,1.69,1.00
2016.03.08 18:15:44.686,0.67733,0.67745,1.25,1.00
2016.03.08 18:15:44.788,0.67733,0.67748,1.69,1.12
2016.03.08 18:15:44.890,0.67735,0.67749,1.00,1.50
2016.03.08 18:15:45.400,0.67735,0.67747,1.00,1.00
2016.03.08 18:15:45.451,0.67735,0.67749,1.00,1.12
2016.03.08 18:15:45.957,0.67735,0.67748,1.00,1.00
2016.03.08 18:15:46.489,0.67735,0.67749,1.00,1.00
2016.03.08 18:15:46.994,0.67735,0.67746,1.00,1.00
2016.03.08 18:15:47.096,0.67733,0.67746,1.31,1.00
2016.03.08 18:15:47.452,0.67732,0.67745,1.00,1.72
2016.03.08 18:15:47.982,0.67732,0.67744,1.00,1.00
2016.03.08 18:15:50.723,0.67732,0.67742,1.00,1.00
2016.03.08 18:15:50.976,0.67729,0.67742,1.12,1.00
2016.03.08 18:15:51.431,0.67731,0.67742,1.00,1.00
2016.03.08 18:15:53.168,0.67731,0.67743,1.00,1.12
2016.03.08 18:15:59.042,0.6773,0.67744,1.50,1.37
2016.03.08 18:15:59.556,0.6773,0.67744,1.50,1.00
2016.03.08 18:16:00.210,0.6773,0.67743,1.00,1.00
2016.03.08 18:16:00.971,0.6773,0.67744,1.00,1.00
2016.03.08 18:16:03.175,0.6773,0.67742,1.00,1.00
2016.03.08 18:16:05.569,0.6773,0.67744,1.00,1.00
2016.03.08 18:16:06.075,0.6773,0.67743,1.00,1.00
2016.03.08 18:16:09.648,0.6773,0.67744,1.00,1.00
2016.03.08 18:16:11.602,0.6773,0.67742,1.00,1.00
2016.03.08 18:16:14.266,0.67732,0.67744,1.00,1.00
2016.03.08 18:16:14.468,0.67732,0.67747,1.50,1.60
2016.03.08 18:16:14.735,0.67735,0.67747,1.00,1.00
2016.03.08 18:16:15.998,0.67733,0.67747,1.19,1.37
2016.03.08 18:16:16.205,0.6773,0.67744,1.25,1.12
2016.03.08 18:16:16.256,0.6773,0.67742,1.25,1.00
2016.03.08 18:16:16.358,0.6773,0.67744,1.25,1.12
2016.03.08 18:16:17.762,0.6773,0.67743,1.25,1.00
2016.03.08 18:16:19.755,0.6773,0.67744,1.25,1.50
2016.03.08 18:16:20.280,0.6773,0.67743,1.25,1.00
2016.03.08 18:16:21.727,0.6773,0.67744,1.25,1.50
2016.03.08 18:16:22.232,0.6773,0.67743,1.25,1.00
2016.03.08 18:16:25.566,0.6773,0.67742,1.25,1.00
2016.03.08 18:16:31.559,0.67729,0.67743,2.06,1.00
2016.03.08 18:16:32.543,0.67729,0.67742,1.69,1.50
2016.03.08 18:16:33.050,0.67729,0.67743,1.69,1.75
2016.03.08 18:16:34.054,0.67729,0.67743,1.00,1.75
2016.03.08 18:16:34.857,0.67729,0.67743,1.00,1.12
2016.03.08 18:16:35.945,0.67729,0.67742,1.00,1.50
2016.03.08 18:16:37.180,0.67729,0.67743,1.00,1.12
2016.03.08 18:16:37.940,0.67729,0.67742,1.00,1.00
2016.03.08 18:16:39.865,0.67729,0.67743,1.00,1.87
2016.03.08 18:16:40.996,0.67729,0.67742,1.00,1.00
2016.03.08 18:16:43.076,0.67729,0.67743,1.00,2.62
2016.03.08 18:16:43.606,0.67729,0.67742,1.00,1.00
2016.03.08 18:16:44.119,0.67729,0.67742,1.00,2.25
2016.03.08 18:16:47.983,0.67728,0.67742,1.00,1.87
2016.03.08 18:16:48.589,0.67729,0.67742,1.00,1.87
2016.03.08 18:16:49.105,0.67728,0.67742,1.00,1.87
2016.03.08 18:16:49.611,0.67728,0.67742,1.00,1.87
2016.03.08 18:16:54.469,0.6773,0.67742,1.00,1.00
2016.03.08 18:16:54.981,0.6773,0.67743,1.00,1.00
2016.03.08 18:16:56.721,0.6773,0.67742,1.00,1.00
2016.03.08 18:16:57.529,0.67729,0.67742,1.00,1.00
2016.03.08 18:16:58.267,0.67729,0.67743,1.00,1.12
2016.03.08 18:17:02.257,0.67729,0.67742,1.00,1.00
2016.03.08 18:17:03.254,0.67729,0.67743,1.00,1.12
2016.03.08 18:17:03.773,0.67729,0.67742,1.00,1.00
2016.03.08 18:17:05.659,0.67729,0.67741,1.00,1.00
2016.03.08 18:17:06.178,0.67729,0.67742,1.50,1.12
2016.03.08 18:17:06.837,0.67729,0.67743,1.00,1.00
2016.03.08 18:17:07.155,0.67731,0.67744,1.00,1.87
2016.03.08 18:17:07.206,0.67729,0.67743,1.00,1.12
2016.03.08 18:17:07.712,0.67729,0.67742,1.50,1.00
2016.03.08 18:17:08.346,0.67731,0.67742,1.00,1.00
2016.03.08 18:17:09.820,0.67731,0.67741,1.00,1.00
2016.03.08 18:17:10.074,0.67731,0.67744,1.00,1.37
2016.03.08 18:17:15.318,0.67731,0.67741,1.00,1.00
2016.03.08 18:17:15.824,0.67731,0.67742,1.00,1.00
2016.03.08 18:17:16.971,0.67731,0.67744,1.00,1.37
2016.03.08 18:17:25.934,0.67731,0.67744,1.50,1.12
2016.03.08 18:17:26.440,0.67736,0.67745,1.00,1.50
2016.03.08 18:17:26.643,0.67738,0.67752,1.00,1.56
2016.03.08 18:17:26.694,0.67738,0.67752,1.12,1.19
2016.03.08 18:17:26.846,0.67739,0.67754,1.00,1.00
2016.03.08 18:17:27.368,0.67739,0.67754,1.00,1.50
2016.03.08 18:17:29.944,0.67738,0.67751,1.50,1.00
2016.03.08 18:17:32.547,0.6774,0.67751,1.00,1.00
2016.03.08 18:17:32.800,0.6774,0.67754,1.00,1.12
2016.03.08 18:17:32.946,0.6774,0.67752,1.00,1.00
2016.03.08 18:17:36.882,0.6774,0.67753,1.00,1.00
2016.03.08 18:17:37.392,0.6774,0.67752,1.00,1.00
2016.03.08 18:17:39.620,0.6774,0.67751,1.00,1.00
2016.03.08 18:17:45.984,0.67736,0.67751,3.00,1.00
2016.03.08 18:17:46.667,0.67737,0.67752,1.12,1.00
2016.03.08 18:17:47.217,0.67736,0.67751,3.00,1.00
2016.03.08 18:17:49.517,0.67737,0.67752,1.12,1.00
2016.03.08 18:17:50.287,0.67736,0.67751,3.00,1.00
2016.03.08 18:17:50.792,0.67737,0.67752,1.12,1.00
2016.03.08 18:17:51.335,0.67736,0.67751,3.00,1.00
2016.03.08 18:17:53.497,0.67737,0.67752,1.12,1.00
2016.03.08 18:17:54.155,0.67736,0.67751,3.00,1.00
2016.03.08 18:17:54.679,0.67738,0.67751,1.00,1.00
2016.03.08 18:17:56.466,0.67737,0.67752,1.87,1.00
2016.03.08 18:17:56.668,0.67737,0.6775,1.87,1.00
2016.03.08 18:17:57.575,0.67737,0.67752,1.87,1.00
2016.03.08 18:17:58.087,0.67737,0.67751,1.12,1.00
2016.03.08 18:17:58.595,0.67737,0.67752,1.87,1.00
2016.03.08 18:17:59.340,0.67739,0.67754,1.00,1.87
2016.03.08 18:17:59.662,0.67737,0.67752,2.25,1.00
2016.03.08 18:18:01.761,0.67738,0.67751,1.00,1.00
2016.03.08 18:18:02.268,0.67737,0.67752,1.87,1.00
2016.03.08 18:18:02.824,0.67737,0.67751,1.12,1.00
2016.03.08 18:18:03.342,0.67737,0.67752,1.87,1.00
2016.03.08 18:18:03.848,0.67738,0.67751,1.87,1.00
2016.03.08 18:18:04.405,0.67736,0.67751,1.37,1.00
2016.03.08 18:18:04.910,0.67736,0.67751,1.12,1.12
2016.03.08 18:18:05.466,0.67737,0.67752,1.87,1.50
2016.03.08 18:18:05.992,0.67737,0.67752,3.00,1.00
2016.03.08 18:18:06.761,0.67737,0.67752,1.50,1.00
2016.03.08 18:18:07.212,0.67739,0.67752,1.00,1.00
2016.03.08 18:18:09.962,0.67738,0.67753,1.37,1.00
2016.03.08 18:18:14.560,0.67737,0.67752,3.07,1.00
2016.03.08 18:18:15.110,0.67738,0.67751,1.37,1.00
2016.03.08 18:18:15.549,0.67738,0.67753,1.37,1.00
2016.03.08 18:18:16.318,0.67737,0.67752,2.32,1.00
2016.03.08 18:18:16.866,0.67738,0.67753,1.37,1.00
2016.03.08 18:18:17.928,0.67737,0.67751,1.57,1.00
2016.03.08 18:18:19.393,0.67737,0.67751,1.37,1.00
2016.03.08 18:18:21.916,0.67737,0.67752,1.87,1.00
2016.03.08 18:18:22.441,0.67737,0.67751,1.37,1.00
2016.03.08 18:18:23.979,0.67737,0.67752,1.87,1.00
2016.03.08 18:18:25.081,0.67737,0.67751,1.37,1.00
2016.03.08 18:18:25.630,0.67737,0.67752,1.00,1.12
2016.03.08 18:18:26.156,0.67736,0.67751,1.00,1.00
2016.03.08 18:18:26.647,0.67735,0.67747,1.00,1.00
2016.03.08 18:18:26.952,0.67733,0.67747,1.00,1.12
2016.03.08 18:18:27.613,0.67732,0.67747,1.00,1.87
2016.03.08 18:18:28.418,0.67734,0.67747,1.00,1.87
2016.03.08 18:18:28.822,0.67731,0.67746,1.00,1.00
2016.03.08 18:18:29.176,0.67733,0.67747,1.00,1.12
2016.03.08 18:18:31.581,0.67735,0.67747,1.00,1.12
2016.03.08 18:18:31.735,0.67737,0.6775,1.00,1.00
2016.03.08 18:18:31.887,0.67737,0.67752,1.50,1.00
2016.03.08 18:18:32.911,0.67737,0.6775,1.00,1.00
2016.03.08 18:18:35.650,0.67736,0.67751,1.00,1.50
2016.03.08 18:18:35.988,0.67734,0.67749,1.12,2.62
2016.03.08 18:18:36.298,0.67731,0.67746,1.87,1.50
2016.03.08 18:18:36.603,0.6773,0.67743,1.00,1.12
2016.03.08 18:18:36.705,0.67728,0.67743,1.69,1.50
2016.03.08 18:18:39.412,0.6773,0.67743,1.00,1.37
2016.03.08 18:18:39.917,0.6773,0.67743,1.00,1.12
2016.03.08 18:18:48.846,0.67729,0.67743,1.00,1.12
2016.03.08 18:18:49.200,0.67728,0.67743,1.25,1.87
2016.03.08 18:18:49.523,0.67725,0.67739,1.00,1.50
2016.03.08 18:18:49.828,0.67723,0.67737,1.00,1.00
2016.03.08 18:18:50.293,0.67722,0.67735,1.00,1.00
2016.03.08 18:18:50.395,0.67719,0.67733,1.12,1.00
2016.03.08 18:18:51.280,0.67719,0.67733,1.00,1.37
2016.03.08 18:18:51.382,0.67717,0.67732,1.00,1.00
2016.03.08 18:18:51.888,0.67718,0.67731,1.00,1.00
2016.03.08 18:18:56.973,0.67716,0.67731,2.81,1.00
2016.03.08 18:18:58.609,0.67716,0.67731,2.06,1.00
2016.03.08 18:18:58.937,0.67717,0.67729,1.00,1.37
2016.03.08 18:18:58.988,0.67714,0.67729,1.50,1.87
2016.03.08 18:18:59.495,0.67714,0.67729,1.00,1.12
2016.03.08 18:18:59.546,0.67712,0.67726,1.12,1.00
2016.03.08 18:19:00.051,0.67712,0.67727,1.87,1.00
2016.03.08 18:19:01.848,0.67712,0.67725,1.87,1.00
2016.03.08 18:19:03.702,0.67714,0.67725,1.00,1.00
2016.03.08 18:19:03.854,0.6772,0.67733,1.00,1.12
2016.03.08 18:19:04.360,0.67719,0.67734,1.00,1.62
2016.03.08 18:19:04.921,0.67717,0.67732,2.62,1.00
2016.03.08 18:19:08.330,0.67717,0.67731,1.87,1.00
2016.03.08 18:19:08.871,0.67717,0.67731,1.00,1.12
2016.03.08 18:19:10.082,0.67717,0.6773,1.00,1.00
2016.03.08 18:19:10.184,0.67715,0.67728,1.00,1.00
2016.03.08 18:19:10.236,0.67713,0.67728,3.19,1.12
2016.03.08 18:19:10.753,0.67714,0.67729,1.00,1.37
2016.03.08 18:19:11.309,0.67713,0.67728,1.12,1.12
2016.03.08 18:19:11.826,0.67714,0.67729,1.00,1.87
2016.03.08 18:19:13.815,0.67714,0.67727,1.00,1.00
2016.03.08 18:19:14.321,0.67715,0.67729,1.00,1.37
2016.03.08 18:19:14.831,0.67714,0.67729,1.00,1.87
2016.03.08 18:19:17.137,0.67716,0.67729,1.00,1.37
2016.03.08 18:19:17.339,0.67714,0.67729,1.00,1.37
2016.03.08 18:19:20.296,0.67715,0.67728,1.00,1.12
2016.03.08 18:19:21.393,0.67713,0.67728,1.00,1.12
2016.03.08 18:19:23.722,0.67714,0.67729,1.00,2.25
2016.03.08 18:19:26.168,0.67715,0.67728,1.00,1.12
2016.03.08 18:19:29.029,0.67714,0.67729,1.00,2.25
2016.03.08 18:19:31.420,0.67714,0.67727,1.00,1.00
2016.03.08 18:19:31.573,0.67713,0.67725,1.00,1.00
2016.03.08 18:19:31.624,0.6771,0.67725,1.69,2.25
2016.03.08 18:19:32.138,0.67709,0.67723,1.00,1.50
2016.03.08 18:19:33.002,0.67709,0.67724,1.00,2.62
2016.03.08 18:19:33.508,0.6771,0.67724,1.00,1.12
2016.03.08 18:19:34.521,0.67712,0.67724,1.00,1.12
2016.03.08 18:19:35.070,0.67709,0.67724,1.00,1.87
2016.03.08 18:19:35.242,0.67709,0.67724,1.00,3.00
2016.03.08 18:19:35.723,0.67711,0.67724,1.00,2.62
2016.03.08 18:19:36.597,0.6771,0.67724,1.00,1.12
2016.03.08 18:19:37.129,0.67709,0.67724,1.00,1.87
2016.03.08 18:19:38.887,0.6771,0.67725,1.00,3.00
2016.03.08 18:19:39.440,0.6771,0.67725,1.00,3.00
2016.03.08 18:19:46.065,0.67709,0.67724,1.00,2.25
2016.03.08 18:19:48.022,0.67712,0.67724,1.00,1.50
2016.03.08 18:19:48.364,0.6771,0.67724,1.00,1.50
2016.03.08 18:19:52.235,0.6771,0.67722,1.00,1.00
2016.03.08 18:19:52.785,0.6771,0.67723,1.00,1.12
2016.03.08 18:19:54.545,0.67709,0.67724,1.00,2.25
2016.03.08 18:19:57.155,0.67711,0.67724,1.00,1.50
2016.03.08 18:19:59.260,0.67709,0.67724,1.25,2.25
2016.03.08 18:20:00.771,0.67712,0.67724,1.00,1.50
2016.03.08 18:20:01.569,0.6771,0.67723,1.00,1.12
2016.03.08 18:20:02.124,0.67709,0.67723,1.25,1.12
2016.03.08 18:20:02.783,0.6771,0.67724,1.00,1.50
2016.03.08 18:20:04.855,0.67711,0.67724,1.00,2.25
2016.03.08 18:20:05.388,0.6771,0.67724,1.00,1.50
2016.03.08 18:20:07.173,0.67711,0.67724,1.00,1.37
2016.03.08 18:20:07.275,0.67713,0.67725,1.00,1.50
2016.03.08 18:20:07.377,0.67713,0.67726,1.00,1.12
2016.03.08 18:20:07.630,0.67711,0.67726,1.00,1.12
2016.03.08 18:20:07.833,0.67714,0.67727,1.00,2.62
2016.03.08 18:20:08.355,0.67714,0.67728,1.00,1.12
2016.03.08 18:20:10.930,0.67713,0.67728,1.00,1.87
2016.03.08 18:20:11.437,0.67714,0.67728,1.00,1.12
2016.03.08 18:20:11.994,0.67713,0.67728,1.00,1.87
2016.03.08 18:20:12.505,0.67714,0.67728,1.00,1.12
2016.03.08 18:20:13.186,0.67714,0.67728,1.00,1.50
2016.03.08 18:20:14.183,0.67714,0.67729,1.69,1.37
2016.03.08 18:20:14.335,0.67717,0.6773,1.00,1.12
2016.03.08 18:20:14.841,0.67718,0.67731,1.00,1.12
2016.03.08 18:20:15.053,0.67719,0.67734,1.00,2.25
2016.03.08 18:20:15.206,0.67717,0.67732,1.00,1.00
2016.03.08 18:20:19.623,0.67716,0.67731,2.81,1.00
2016.03.08 18:20:19.725,0.67719,0.67732,1.00,1.00
2016.03.08 18:20:19.927,0.67717,0.67732,1.12,1.00
2016.03.08 18:20:21.178,0.67719,0.67734,1.00,1.87
2016.03.08 18:20:21.483,0.67717,0.67732,1.12,1.00
2016.03.08 18:20:22.163,0.67717,0.6773,1.00,1.00
2016.03.08 18:20:25.265,0.67718,0.67731,1.00,1.12
2016.03.08 18:20:28.332,0.67717,0.67732,1.00,1.37
2016.03.08 18:20:30.518,0.67718,0.67731,1.00,1.12
2016.03.08 18:20:39.465,0.67718,0.67731,1.00,1.50
2016.03.08 18:20:39.890,0.67716,0.67731,2.44,1.50
2016.03.08 18:20:40.395,0.67716,0.67731,2.44,1.50
2016.03.08 18:20:42.112,0.67716,0.67728,1.69,1.00
2016.03.08 18:20:45.899,0.67716,0.6773,1.69,1.12
2016.03.08 18:20:47.144,0.67718,0.6773,1.00,1.12
2016.03.08 18:20:47.674,0.67716,0.6773,2.44,1.00
2016.03.08 18:20:48.778,0.67719,0.6773,1.00,1.00
2016.03.08 18:20:49.033,0.67715,0.6773,2.06,1.87
2016.03.08 18:20:49.134,0.67715,0.67728,1.00,1.87
2016.03.08 18:20:49.438,0.67709,0.67721,1.00,1.00
2016.03.08 18:20:49.968,0.67708,0.67719,1.00,1.00
2016.03.08 18:20:50.542,0.67706,0.67719,1.25,1.00
2016.03.08 18:20:50.593,0.67705,0.67717,1.00,1.25
2016.03.08 18:20:50.897,0.67702,0.67711,1.00,1.00
2016.03.08 18:20:50.948,0.677,0.67711,1.00,1.00
2016.03.08 18:20:51.451,0.67699,0.67711,1.25,1.00
2016.03.08 18:20:54.231,0.67699,0.67711,1.69,1.00
2016.03.08 18:20:55.393,0.67702,0.67713,1.50,1.00
2016.03.08 18:20:57.005,0.67703,0.67716,1.00,1.00
2016.03.08 18:20:57.512,0.67704,0.67716,1.25,1.00
2016.03.08 18:20:58.226,0.67705,0.67716,1.00,1.00
2016.03.08 18:20:58.429,0.67705,0.67719,1.50,1.00
2016.03.08 18:20:58.934,0.67706,0.67719,1.00,1.00
2016.03.08 18:20:59.141,0.67708,0.67719,1.00,1.00
2016.03.08 18:20:59.691,0.67708,0.6772,1.00,1.00
2016.03.08 18:21:04.263,0.67708,0.67718,1.00,1.00
2016.03.08 18:21:04.769,0.67706,0.67718,1.69,1.00
2016.03.08 18:21:06.948,0.67707,0.67718,1.00,1.00
2016.03.08 18:21:09.130,0.67706,0.67718,1.69,1.00
2016.03.08 18:21:17.338,0.67706,0.67718,2.44,1.00
2016.03.08 18:21:22.726,0.67708,0.67718,1.00,1.00
2016.03.08 18:21:23.260,0.67706,0.67718,2.44,1.00
2016.03.08 18:21:26.729,0.67706,0.67718,1.69,1.00
2016.03.08 18:21:29.590,0.67706,0.6772,1.69,1.00
2016.03.08 18:21:29.692,0.67709,0.67722,1.00,1.00
2016.03.08 18:21:30.203,0.67708,0.67722,1.50,1.00
2016.03.08 18:21:30.749,0.67709,0.67722,1.00,1.00
2016.03.08 18:21:32.253,0.67708,0.67722,1.00,1.50
2016.03.08 18:21:38.204,0.67707,0.67722,1.87,1.50
2016.03.08 18:21:43.245,0.67709,0.67722,1.00,1.00
2016.03.08 18:21:43.815,0.67707,0.67722,1.50,1.87
2016.03.08 18:21:44.317,0.67707,0.67722,1.87,1.50
2016.03.08 18:21:45.909,0.67708,0.67722,1.00,1.00
2016.03.08 18:21:46.440,0.67707,0.67722,1.87,1.50
2016.03.08 18:21:46.542,0.67709,0.67722,1.00,1.50
2016.03.08 18:21:46.643,0.67707,0.67722,1.87,1.50
2016.03.08 18:21:49.853,0.67709,0.67722,1.00,1.50
2016.03.08 18:21:50.056,0.67707,0.67722,1.87,1.50
2016.03.08 18:21:50.612,0.67709,0.67722,1.00,1.00
2016.03.08 18:21:51.930,0.67707,0.67722,1.87,1.50
2016.03.08 18:21:55.749,0.67713,0.67722,1.00,1.50
2016.03.08 18:21:55.851,0.67714,0.67724,1.25,1.00
2016.03.08 18:21:55.902,0.67717,0.67728,1.00,1.95
2016.03.08 18:21:55.953,0.67717,0.6773,1.00,1.87
2016.03.08 18:21:56.474,0.67718,0.6773,1.00,1.00
2016.03.08 18:21:57.395,0.67716,0.6773,1.69,1.00
2016.03.08 18:21:58.002,0.67717,0.6773,1.00,1.00
2016.03.08 18:21:58.104,0.67719,0.6773,1.00,1.00
2016.03.08 18:21:58.307,0.67717,0.6773,1.12,1.00
2016.03.08 18:21:58.853,0.67718,0.6773,1.00,1.00
2016.03.08 18:22:02.516,0.67721,0.67732,1.00,1.00
2016.03.08 18:22:02.866,0.67723,0.67732,1.00,1.00
2016.03.08 18:22:02.917,0.67724,0.67735,1.00,1.00
2016.03.08 18:22:03.070,0.67727,0.67735,1.19,1.00
2016.03.08 18:22:03.122,0.67727,0.67739,1.19,1.00
2016.03.08 18:22:03.173,0.67727,0.67741,1.19,1.50
2016.03.08 18:22:03.681,0.67727,0.6774,1.69,1.00
2016.03.08 18:22:03.910,0.67727,0.67738,1.69,1.00
2016.03.08 18:22:04.879,0.67727,0.67738,1.19,1.37
2016.03.08 18:22:04.931,0.67724,0.67738,1.12,1.37
2016.03.08 18:22:05.091,0.67722,0.67735,1.31,1.00
2016.03.08 18:22:05.496,0.67718,0.67731,1.25,1.00
2016.03.08 18:22:06.002,0.67717,0.6773,2.44,1.00
2016.03.08 18:22:06.216,0.67722,0.67732,1.19,1.00
2016.03.08 18:22:06.267,0.67722,0.67735,1.19,1.87
2016.03.08 18:22:06.722,0.67722,0.67733,1.19,1.00
2016.03.08 18:22:06.823,0.67719,0.67733,2.44,1.50
2016.03.08 18:22:07.136,0.67719,0.6773,1.31,1.00
2016.03.08 18:22:08.116,0.67718,0.6773,1.19,1.00
2016.03.08 18:22:09.601,0.67718,0.67729,1.69,1.00
2016.03.08 18:22:11.213,0.67718,0.67731,1.19,1.00
2016.03.08 18:22:26.222,0.67719,0.67732,1.69,1.00
2016.03.08 18:22:26.755,0.67721,0.67733,1.00,1.00
2016.03.08 18:22:27.263,0.67722,0.67733,1.19,1.00
2016.03.08 18:22:30.102,0.67724,0.67735,1.00,1.35
2016.03.08 18:22:30.153,0.67728,0.67736,1.00,1.00
2016.03.08 18:22:30.254,0.67729,0.67741,1.00,2.32
2016.03.08 18:22:30.356,0.67729,0.67741,1.00,1.50
2016.03.08 18:22:31.086,0.67729,0.6774,1.00,1.00
2016.03.08 18:22:32.539,0.67732,0.67741,1.00,1.00
2016.03.08 18:22:32.590,0.67732,0.67743,1.00,1.12
2016.03.08 18:22:32.641,0.67735,0.67743,1.25,1.00
2016.03.08 18:22:32.692,0.67736,0.67747,1.00,1.50
2016.03.08 18:22:32.744,0.67736,0.67748,1.00,1.00
2016.03.08 18:22:32.795,0.67739,0.67748,1.00,1.00
2016.03.08 18:22:33.214,0.67737,0.67748,1.00,1.00
2016.03.08 18:22:33.367,0.67736,0.67745,1.00,1.00
2016.03.08 18:22:33.525,0.67736,0.6775,1.00,2.10
2016.03.08 18:22:33.576,0.67732,0.67746,1.69,1.00
2016.03.08 18:22:34.083,0.67734,0.67747,1.00,1.00
2016.03.08 18:22:34.387,0.67737,0.6775,2.06,1.00
2016.03.08 18:22:38.599,0.67737,0.6775,1.69,1.00
2016.03.08 18:22:46.003,0.67738,0.67751,1.69,1.00
2016.03.08 18:22:47.941,0.67738,0.6775,1.25,1.00
2016.03.08 18:22:48.444,0.67738,0.67751,1.69,1.00
2016.03.08 18:22:49.521,0.67738,0.6775,1.69,1.00
2016.03.08 18:22:50.028,0.67739,0.6775,1.00,1.00
2016.03.08 18:22:52.722,0.67737,0.6775,1.69,1.00
2016.03.08 18:22:53.026,0.67737,0.67744,1.19,1.00
2016.03.08 18:22:53.411,0.67737,0.67746,1.19,1.00
2016.03.08 18:22:53.664,0.67736,0.67745,1.00,1.00
2016.03.08 18:22:53.765,0.67736,0.67747,1.00,1.00
2016.03.08 18:22:54.272,0.67736,0.67746,1.00,1.00
2016.03.08 18:22:54.809,0.67734,0.67745,1.00,1.00
2016.03.08 18:22:55.315,0.67732,0.67745,2.06,1.00
2016.03.08 18:22:55.900,0.67732,0.67742,1.69,1.00
2016.03.08 18:22:56.203,0.67733,0.67744,1.25,1.00
2016.03.08 18:22:56.406,0.67732,0.67741,1.00,1.00
2016.03.08 18:22:57.006,0.67731,0.67741,1.50,1.00
2016.03.08 18:22:57.514,0.67729,0.67741,1.69,1.00
2016.03.08 18:22:59.252,0.67731,0.67741,1.00,1.00
2016.03.08 18:23:01.285,0.67732,0.67742,1.00,1.00
2016.03.08 18:23:01.790,0.67731,0.67742,2.25,1.00
2016.03.08 18:23:01.892,0.67731,0.67744,2.62,1.00
2016.03.08 18:23:01.943,0.67732,0.67745,1.31,1.00
2016.03.08 18:23:02.460,0.67732,0.67746,1.31,1.00
2016.03.08 18:23:04.042,0.67731,0.67744,2.44,1.00
2016.03.08 18:23:04.922,0.67731,0.67746,2.81,1.00
2016.03.08 18:23:06.612,0.67731,0.67746,2.44,1.00
2016.03.08 18:23:06.764,0.67732,0.67745,1.19,1.00
2016.03.08 18:23:07.280,0.67732,0.67745,1.19,1.37
2016.03.08 18:23:08.749,0.67732,0.67742,1.19,1.00
2016.03.08 18:23:10.851,0.67732,0.67743,1.19,1.00
2016.03.08 18:23:11.509,0.67732,0.67745,1.19,2.32
2016.03.08 18:23:12.065,0.67732,0.67746,1.19,3.45
2016.03.08 18:23:12.369,0.67732,0.67743,1.19,1.00
2016.03.08 18:23:12.471,0.67732,0.67745,1.19,1.12
2016.03.08 18:23:13.007,0.67732,0.67744,1.19,1.00
2016.03.08 18:23:15.241,0.67732,0.67745,1.19,2.70
2016.03.08 18:23:15.790,0.67732,0.67744,1.19,1.50
2016.03.08 18:23:17.576,0.67732,0.67743,1.19,1.00
2016.03.08 18:23:18.438,0.6773,0.67743,1.00,1.00
2016.03.08 18:23:19.650,0.67729,0.67744,1.50,1.87
2016.03.08 18:23:21.326,0.67729,0.67741,1.00,1.00
2016.03.08 18:23:21.989,0.67727,0.67741,1.19,1.12
2016.03.08 18:23:22.041,0.67726,0.67741,1.50,2.47
2016.03.08 18:23:22.092,0.67726,0.67738,1.00,1.00
2016.03.08 18:23:22.193,0.67723,0.67737,1.25,1.50
2016.03.08 18:23:22.295,0.67723,0.67734,1.25,1.00
2016.03.08 18:23:22.396,0.67721,0.67734,1.31,1.00
2016.03.08 18:23:22.623,0.6772,0.67731,1.19,1.00
2016.03.08 18:23:22.724,0.6772,0.67733,1.19,1.12
2016.03.08 18:23:23.246,0.6772,0.67732,1.19,1.00
2016.03.08 18:23:26.040,0.6772,0.6773,1.19,1.00
2016.03.08 18:23:30.535,0.6772,0.67733,1.19,1.00
2016.03.08 18:23:31.041,0.6772,0.67732,1.19,1.00
2016.03.08 18:23:31.514,0.6772,0.6773,1.19,1.00
2016.03.08 18:23:33.495,0.6772,0.67733,1.19,1.00
2016.03.08 18:23:34.052,0.6772,0.67732,1.19,1.00
2016.03.08 18:23:35.607,0.6772,0.67731,1.19,1.00
2016.03.08 18:23:37.815,0.6772,0.67732,1.19,1.00
2016.03.08 18:23:38.474,0.6772,0.67731,1.19,1.00
2016.03.08 18:23:39.021,0.6772,0.67732,1.31,1.00
2016.03.08 18:23:39.225,0.67721,0.67736,2.06,1.35
2016.03.08 18:23:39.428,0.6772,0.67732,1.69,1.00
2016.03.08 18:23:39.782,0.6772,0.67735,3.19,1.00
2016.03.08 18:23:40.304,0.67723,0.67738,1.50,1.00
2016.03.08 18:23:40.355,0.67725,0.67738,1.00,1.00
2016.03.08 18:23:40.507,0.67727,0.67741,1.87,1.12
2016.03.08 18:23:40.558,0.6773,0.67743,1.00,1.75
2016.03.08 18:23:40.609,0.6773,0.67743,1.00,1.00
2016.03.08 18:23:41.115,0.67729,0.67744,1.25,1.00
2016.03.08 18:23:41.216,0.67728,0.67742,2.06,1.00
2016.03.08 18:23:45.847,0.67728,0.67743,3.56,1.00
2016.03.08 18:23:46.369,0.67728,0.67742,2.81,1.00
2016.03.08 18:23:49.146,0.67728,0.67741,3.56,1.00
2016.03.08 18:23:51.035,0.67729,0.67742,1.25,1.00
2016.03.08 18:23:51.541,0.67728,0.67741,3.56,1.00
2016.03.08 18:23:52.881,0.67728,0.67743,3.56,1.00
2016.03.08 18:23:53.409,0.67728,0.67742,2.81,1.00
2016.03.08 18:23:55.025,0.67728,0.67743,3.56,1.00
2016.03.08 18:23:55.202,0.67728,0.67741,3.56,1.00
2016.03.08 18:23:56.730,0.67729,0.67742,1.25,1.00
2016.03.08 18:23:58.467,0.67728,0.67742,1.69,1.00
2016.03.08 18:23:59.270,0.67728,0.67741,1.69,1.00
2016.03.08 18:24:02.904,0.67728,0.67742,1.69,1.12
2016.03.08 18:24:03.440,0.67728,0.67741,1.25,1.00
2016.03.08 18:24:03.970,0.67728,0.67742,1.31,1.00
2016.03.08 18:24:08.971,0.67728,0.67741,1.25,1.00
2016.03.08 18:24:14.028,0.67727,0.67742,1.69,1.00
2016.03.08 18:24:20.054,0.67727,0.67741,1.00,1.35
2016.03.08 18:24:20.358,0.67722,0.67735,1.25,1.00
2016.03.08 18:24:20.865,0.67721,0.67736,2.06,1.00
2016.03.08 18:24:21.370,0.67722,0.67737,1.69,1.00
2016.03.08 18:24:21.695,0.67722,0.67735,1.69,1.00
2016.03.08 18:24:21.746,0.67722,0.67737,1.25,1.00
2016.03.08 18:24:22.265,0.67723,0.67736,1.00,1.00
2016.03.08 18:24:22.892,0.67722,0.67736,1.25,1.00
2016.03.08 18:24:23.722,0.67722,0.67735,1.25,1.00
2016.03.08 18:24:25.030,0.67722,0.67736,1.25,1.00
2016.03.08 18:24:25.536,0.67722,0.67737,1.31,1.00
2016.03.08 18:24:27.567,0.67721,0.67736,2.44,1.00
2016.03.08 18:24:29.305,0.67722,0.67737,1.31,1.00
2016.03.08 18:24:29.806,0.67721,0.67736,2.44,1.00
2016.03.08 18:24:30.502,0.67722,0.67737,1.31,1.12
2016.03.08 18:24:31.010,0.67723,0.67736,1.12,1.00
2016.03.08 18:24:31.716,0.67721,0.67736,1.56,1.50
2016.03.08 18:24:31.770,0.67721,0.67734,1.56,1.00
2016.03.08 18:24:31.973,0.67717,0.67731,2.06,1.00
2016.03.08 18:24:40.701,0.67717,0.67732,2.25,1.00
2016.03.08 18:24:41.251,0.67719,0.67733,1.00,1.00
2016.03.08 18:24:41.493,0.67719,0.67734,1.75,1.00
2016.03.08 18:24:41.544,0.67721,0.67736,1.12,1.00
2016.03.08 18:24:41.954,0.67722,0.67732,1.12,1.00
2016.03.08 18:24:42.308,0.67717,0.67731,1.00,1.00
2016.03.08 18:24:46.571,0.67718,0.67731,1.00,1.50
2016.03.08 18:24:48.111,0.67718,0.6773,1.00,1.00
2016.03.08 18:24:48.661,0.67716,0.67729,1.12,1.00
2016.03.08 18:24:49.180,0.67717,0.6773,1.00,1.00
2016.03.08 18:24:50.216,0.67716,0.6773,1.00,1.00
2016.03.08 18:24:50.746,0.67717,0.6773,1.00,1.00
2016.03.08 18:24:53.494,0.67715,0.67727,1.69,1.00
2016.03.08 18:24:53.646,0.67715,0.6773,1.25,2.62
2016.03.08 18:24:53.748,0.67717,0.6773,1.00,2.25
2016.03.08 18:24:54.170,0.67715,0.67729,1.25,1.00
2016.03.08 18:24:54.423,0.67715,0.67725,1.25,1.00
2016.03.08 18:24:54.626,0.67711,0.67722,1.00,1.00
2016.03.08 18:24:54.879,0.67707,0.67722,1.31,1.00
2016.03.08 18:24:55.656,0.67707,0.6772,1.12,1.00
2016.03.08 18:24:57.165,0.67708,0.6772,1.00,1.00
2016.03.08 18:24:58.368,0.67708,0.67721,1.00,1.50
2016.03.08 18:24:58.470,0.67708,0.67723,1.37,2.25
2016.03.08 18:24:58.972,0.6771,0.67723,1.12,1.50
2016.03.08 18:24:59.353,0.67708,0.67723,1.00,2.25
2016.03.08 18:25:00.418,0.6771,0.67725,1.12,1.12
2016.03.08 18:25:00.758,0.67717,0.67729,1.12,1.00
2016.03.08 18:25:01.082,0.67717,0.67731,1.12,1.50
2016.03.08 18:25:01.586,0.67718,0.67731,1.12,1.50
2016.03.08 18:25:06.117,0.67717,0.6773,1.50,1.00
2016.03.08 18:25:06.607,0.67717,0.67728,1.12,1.00
2016.03.08 18:25:06.881,0.67717,0.67731,1.12,1.50
2016.03.08 18:25:08.031,0.67717,0.67731,1.37,1.50
2016.03.08 18:25:08.565,0.67719,0.67731,1.00,1.50
2016.03.08 18:25:10.133,0.67717,0.67731,1.50,1.00
2016.03.08 18:25:12.956,0.67717,0.67732,1.50,2.25
2016.03.08 18:25:24.015,0.67717,0.67731,1.50,1.00
2016.03.08 18:25:24.522,0.67717,0.67732,1.50,1.50
2016.03.08 18:25:24.978,0.67719,0.67732,1.37,1.00
2016.03.08 18:25:25.481,0.6772,0.67733,1.12,1.50
2016.03.08 18:25:25.988,0.67721,0.67734,1.00,1.00
2016.03.08 18:25:26.090,0.67718,0.67732,1.50,1.00
2016.03.08 18:25:26.191,0.6772,0.67732,1.00,1.00
2016.03.08 18:25:26.487,0.67721,0.67734,1.12,1.00
2016.03.08 18:25:27.044,0.6772,0.67734,1.00,1.00
2016.03.08 18:25:27.449,0.67719,0.67732,1.00,1.00
2016.03.08 18:25:27.988,0.6772,0.67732,1.00,1.00
2016.03.08 18:25:28.494,0.67721,0.67734,1.00,1.00
2016.03.08 18:25:29.050,0.67719,0.67734,1.50,1.50
2016.03.08 18:25:29.326,0.67721,0.67732,1.00,1.00
2016.03.08 18:25:29.579,0.67719,0.67732,1.12,1.00
2016.03.08 18:25:29.681,0.67721,0.67732,1.00,1.00
2016.03.08 18:25:29.833,0.67719,0.67733,1.12,1.00
2016.03.08 18:25:29.884,0.67719,0.67733,1.37,1.00
2016.03.08 18:25:29.985,0.6772,0.67733,1.00,1.00
2016.03.08 18:25:30.492,0.67721,0.67734,1.00,1.00
2016.03.08 18:25:30.674,0.67721,0.67732,1.00,1.00
2016.03.08 18:25:30.726,0.67719,0.67732,1.00,1.00
2016.03.08 18:25:31.232,0.67718,0.67731,1.50,1.00
2016.03.08 18:25:31.753,0.67719,0.67731,1.50,1.00
2016.03.08 18:25:32.107,0.67717,0.67731,1.12,1.00
2016.03.08 18:25:32.769,0.67717,0.6773,1.12,1.00
2016.03.08 18:25:37.842,0.67716,0.6773,1.12,1.50
2016.03.08 18:25:40.393,0.67718,0.6773,1.00,1.50
2016.03.08 18:25:46.857,0.67716,0.6773,1.12,1.50
2016.03.08 18:25:48.738,0.67717,0.6773,1.12,1.00
2016.03.08 18:25:49.255,0.67717,0.6773,1.50,1.00
2016.03.08 18:25:51.720,0.67717,0.67731,1.50,1.00
2016.03.08 18:25:59.470,0.67717,0.67731,1.50,1.50
2016.03.08 18:26:01.777,0.67717,0.6773,1.50,1.00
2016.03.08 18:26:07.595,0.67716,0.6773,1.25,1.00
2016.03.08 18:26:11.035,0.67718,0.6773,1.00,1.00
2016.03.08 18:26:14.068,0.67718,0.67729,1.00,1.00
2016.03.08 18:26:14.220,0.67718,0.67731,1.00,2.25
2016.03.08 18:26:14.624,0.67718,0.67728,1.00,1.00
2016.03.08 18:26:15.052,0.67718,0.6773,1.00,1.00
2016.03.08 18:26:15.558,0.67718,0.67727,1.00,1.00
2016.03.08 18:26:15.659,0.67718,0.6773,1.00,1.00
2016.03.08 18:26:20.270,0.67718,0.67727,1.00,1.00
2016.03.08 18:26:21.252,0.67718,0.6773,1.00,1.00
2016.03.08 18:26:21.858,0.67716,0.6773,1.12,1.00
2016.03.08 18:26:24.027,0.67718,0.6773,1.00,1.00
2016.03.08 18:26:26.130,0.67718,0.67728,1.00,1.00
2016.03.08 18:26:26.232,0.67718,0.6773,1.00,1.00
2016.03.08 18:26:26.740,0.67717,0.6773,1.12,1.00
2016.03.08 18:26:39.427,0.67716,0.6773,1.31,1.00
2016.03.08 18:26:40.330,0.67718,0.6773,1.00,1.00
2016.03.08 18:26:43.045,0.67717,0.6773,1.00,1.00
2016.03.08 18:26:49.246,0.67716,0.6773,1.12,1.00
2016.03.08 18:26:49.968,0.67716,0.67729,1.12,1.00
2016.03.08 18:26:52.629,0.67718,0.67726,1.00,1.00
2016.03.08 18:26:52.679,0.67718,0.67728,1.00,1.00
2016.03.08 18:26:52.781,0.67718,0.67726,1.00,1.00
2016.03.08 18:26:52.883,0.67717,0.67728,1.00,1.00
2016.03.08 18:26:55.114,0.67716,0.67726,1.50,1.00
2016.03.08 18:26:55.419,0.67711,0.6772,1.00,1.00
2016.03.08 18:26:55.940,0.6771,0.67719,1.00,1.00
2016.03.08 18:26:55.991,0.67709,0.67721,1.50,1.00
2016.03.08 18:26:56.042,0.67711,0.67721,1.00,1.00
2016.03.08 18:26:56.295,0.67709,0.67721,1.12,1.00
2016.03.08 18:26:56.493,0.67712,0.67722,1.00,1.00
2016.03.08 18:26:56.798,0.6771,0.67722,1.00,1.00
2016.03.08 18:26:57.305,0.67709,0.67721,1.12,1.00
2016.03.08 18:26:57.986,0.67708,0.67722,1.75,1.00
2016.03.08 18:26:58.392,0.67708,0.6772,1.75,1.00
2016.03.08 18:26:58.494,0.67708,0.67722,1.50,1.00
2016.03.08 18:26:58.838,0.6771,0.67724,1.12,1.00
2016.03.08 18:26:59.041,0.67712,0.67724,1.00,1.00
2016.03.08 18:26:59.142,0.6771,0.67724,1.12,1.00
2016.03.08 18:26:59.698,0.67709,0.67722,1.50,1.00
2016.03.08 18:27:00.144,0.67709,0.67719,1.00,1.00
2016.03.08 18:27:00.195,0.67708,0.67722,1.00,1.00
2016.03.08 18:27:00.246,0.6771,0.67722,1.00,1.00
2016.03.08 18:27:00.752,0.67709,0.67722,1.50,1.00
2016.03.08 18:27:00.955,0.67709,0.67722,1.00,1.00
2016.03.08 18:27:01.006,0.67707,0.6772,1.75,1.00
2016.03.08 18:27:01.319,0.67707,0.67722,1.75,2.25
2016.03.08 18:27:01.735,0.67708,0.67719,1.75,1.00
2016.03.08 18:27:01.786,0.67707,0.67719,1.50,1.00
2016.03.08 18:27:01.837,0.67707,0.67721,1.50,1.00
2016.03.08 18:27:01.989,0.6771,0.67722,1.00,1.00
2016.03.08 18:27:02.293,0.67709,0.6772,1.00,1.00
2016.03.08 18:27:02.345,0.67707,0.6772,1.12,1.00
2016.03.08 18:27:02.447,0.67707,0.67717,1.12,1.00
2016.03.08 18:27:02.968,0.67707,0.6772,1.12,1.00
2016.03.08 18:27:07.288,0.67708,0.6772,1.00,1.00
2016.03.08 18:27:07.808,0.67706,0.6772,1.50,1.00
2016.03.08 18:27:08.498,0.67708,0.67722,1.00,1.50
2016.03.08 18:27:08.549,0.6771,0.67723,1.19,1.00
2016.03.08 18:27:08.701,0.67713,0.67728,2.06,2.25
2016.03.08 18:27:08.803,0.67717,0.67728,1.00,1.50
2016.03.08 18:27:08.904,0.67717,0.6773,1.50,1.00
2016.03.08 18:27:09.895,0.67716,0.6773,1.50,1.50
2016.03.08 18:27:10.401,0.67717,0.6773,1.00,1.50
2016.03.08 18:27:10.586,0.67717,0.67728,1.00,1.00
2016.03.08 18:27:12.650,0.67716,0.67728,1.00,1.00
2016.03.08 18:27:14.413,0.67717,0.67728,1.00,1.00
2016.03.08 18:27:14.918,0.67716,0.67728,1.00,1.00
2016.03.08 18:27:15.283,0.67718,0.67728,1.00,1.00
2016.03.08 18:27:15.637,0.67715,0.67728,1.50,1.00
2016.03.08 18:27:15.941,0.67717,0.67728,1.00,1.50
2016.03.08 18:27:17.279,0.67718,0.67728,1.00,1.00
2016.03.08 18:27:17.798,0.67715,0.67728,1.75,1.00
2016.03.08 18:27:18.825,0.67718,0.67728,1.00,1.00
2016.03.08 18:27:19.355,0.67717,0.67728,1.12,1.00
2016.03.08 18:27:22.658,0.67718,0.67728,1.00,1.00
2016.03.08 18:27:23.164,0.67716,0.67728,1.50,1.00
2016.03.08 18:27:23.709,0.67716,0.67728,1.00,1.00
2016.03.08 18:27:24.215,0.67716,0.67727,1.00,1.00
2016.03.08 18:27:24.721,0.67716,0.67728,1.00,1.00
2016.03.08 18:27:25.245,0.67716,0.67729,1.50,1.00
2016.03.08 18:27:25.752,0.67716,0.67729,1.12,1.00
2016.03.08 18:27:26.925,0.67715,0.6773,1.50,2.25
2016.03.08 18:27:27.228,0.67716,0.67728,1.12,1.00
2016.03.08 18:27:29.716,0.67717,0.67728,1.00,1.50
2016.03.08 18:27:30.363,0.67716,0.67728,1.00,1.50
2016.03.08 18:27:31.763,0.67716,0.67727,1.00,1.00
2016.03.08 18:27:32.107,0.67707,0.6772,1.12,1.00
2016.03.08 18:27:32.461,0.67707,0.67722,1.12,2.25
2016.03.08 18:27:32.562,0.67708,0.67722,1.50,1.00
2016.03.08 18:27:32.967,0.67707,0.67722,1.50,2.25
2016.03.08 18:27:34.974,0.67707,0.6772,1.50,1.50
2016.03.08 18:27:39.444,0.67706,0.6772,2.00,1.00
2016.03.08 18:27:39.748,0.67706,0.67714,2.00,1.00
2016.03.08 18:27:39.950,0.67699,0.67711,2.06,1.00
2016.03.08 18:27:40.116,0.67698,0.67711,1.19,1.00
2016.03.08 18:27:41.229,0.67698,0.67712,1.19,1.00
2016.03.08 18:27:46.024,0.67699,0.67714,1.25,1.95
2016.03.08 18:27:46.288,0.67698,0.67711,1.19,1.00
2016.03.08 18:27:46.440,0.67699,0.67714,1.31,1.87
2016.03.08 18:27:48.539,0.67698,0.67713,1.56,1.00
2016.03.08 18:27:52.405,0.67699,0.67713,2.00,1.00
2016.03.08 18:27:52.607,0.67702,0.67717,1.50,1.00
2016.03.08 18:27:52.833,0.67707,0.67722,1.50,1.87
2016.03.08 18:27:53.363,0.67707,0.67722,1.87,1.50
2016.03.08 18:27:55.652,0.67707,0.67719,1.00,1.00
2016.03.08 18:27:55.905,0.67702,0.67717,1.12,1.00
2016.03.08 18:27:56.210,0.677,0.67714,1.00,1.00
2016.03.08 18:27:56.516,0.67698,0.67711,1.50,1.00
2016.03.08 18:27:59.302,0.67697,0.67712,1.31,1.00
2016.03.08 18:27:59.839,0.67697,0.67712,1.69,1.00
2016.03.08 18:28:01.397,0.67698,0.67713,1.12,1.00
2016.03.08 18:28:03.389,0.67697,0.67712,1.69,1.00
2016.03.08 18:28:04.005,0.67698,0.67713,1.12,1.00
2016.03.08 18:28:06.095,0.67697,0.67712,1.69,1.00
2016.03.08 18:28:11.536,0.67698,0.67713,1.12,1.00
2016.03.08 18:28:13.441,0.67699,0.67713,1.00,1.00
2016.03.08 18:28:15.579,0.677,0.67713,1.00,1.00
2016.03.08 18:28:15.933,0.677,0.67715,1.00,1.35
2016.03.08 18:28:16.135,0.677,0.67713,1.00,1.00
2016.03.08 18:28:16.835,0.67699,0.67714,1.50,1.00
2016.03.08 18:28:17.139,0.67698,0.67712,1.12,1.00
2016.03.08 18:28:17.657,0.67698,0.67713,1.87,1.12
2016.03.08 18:28:23.182,0.67698,0.67712,1.12,1.00
2016.03.08 18:28:25.283,0.67698,0.67713,1.87,1.00
2016.03.08 18:28:25.792,0.67698,0.67712,1.12,1.00
2016.03.08 18:28:26.795,0.67699,0.67713,1.00,1.00
2016.03.08 18:28:26.947,0.677,0.67715,1.12,1.35
2016.03.08 18:28:27.453,0.67701,0.67716,1.12,1.60
2016.03.08 18:28:27.971,0.67702,0.67717,1.00,3.60
2016.03.08 18:28:28.578,0.67703,0.67717,1.00,1.00
2016.03.08 18:28:29.083,0.67703,0.67716,1.12,1.00
2016.03.08 18:28:29.262,0.677,0.67715,1.12,1.00
2016.03.08 18:28:29.769,0.67701,0.67716,1.00,1.50
2016.03.08 18:28:31.427,0.677,0.67715,1.00,1.00
2016.03.08 18:28:31.528,0.677,0.67712,1.00,1.00
2016.03.08 18:28:31.781,0.67698,0.67712,1.50,1.00
2016.03.08 18:28:32.331,0.67698,0.67713,2.25,1.00
2016.03.08 18:28:32.763,0.67698,0.67711,2.25,1.00
2016.03.08 18:28:34.302,0.67699,0.67712,1.00,1.00
2016.03.08 18:28:36.260,0.67698,0.67712,1.50,1.00
2016.03.08 18:28:36.642,0.67696,0.67711,1.00,1.00
2016.03.08 18:28:38.474,0.67697,0.67712,1.00,1.87
2016.03.08 18:28:43.408,0.67696,0.67711,1.87,1.00
2016.03.08 18:28:43.661,0.67696,0.67709,1.00,1.00
2016.03.08 18:28:45.617,0.67696,0.67711,1.50,1.00
2016.03.08 18:28:46.632,0.67696,0.6771,1.00,1.00
2016.03.08 18:28:46.834,0.67697,0.67712,1.00,1.87
2016.03.08 18:28:47.036,0.67696,0.67709,1.00,1.00
2016.03.08 18:28:47.710,0.67696,0.67711,1.50,1.00
2016.03.08 18:28:50.263,0.67698,0.67711,1.00,1.00
2016.03.08 18:28:50.466,0.67696,0.67711,1.50,1.00
2016.03.08 18:28:51.444,0.67696,0.67709,1.25,1.00
2016.03.08 18:28:51.730,0.67696,0.67711,1.69,1.12
2016.03.08 18:28:51.988,0.67695,0.67709,1.19,1.00
2016.03.08 18:28:52.445,0.67696,0.67711,1.69,1.00
2016.03.08 18:28:52.976,0.67695,0.6771,2.06,1.00
2016.03.08 18:28:53.330,0.67698,0.67711,1.00,1.00
2016.03.08 18:28:53.846,0.67698,0.67712,1.00,1.87
2016.03.08 18:28:54.148,0.67698,0.6771,1.00,1.00
2016.03.08 18:28:55.727,0.67698,0.67712,1.00,1.87
2016.03.08 18:29:00.997,0.67697,0.67712,1.87,1.87
2016.03.08 18:29:01.250,0.67697,0.6771,1.00,1.00
2016.03.08 18:29:01.772,0.67695,0.6771,1.19,1.00
2016.03.08 18:29:02.410,0.67695,0.67709,1.00,1.00
2016.03.08 18:29:02.664,0.67692,0.67707,1.00,1.12
2016.03.08 18:29:02.866,0.67692,0.67706,1.00,1.37
2016.03.08 18:29:03.170,0.67693,0.67706,1.37,1.00
2016.03.08 18:29:03.221,0.67694,0.67709,1.12,2.25
2016.03.08 18:29:03.766,0.67695,0.67706,1.00,1.00
2016.03.08 18:29:04.290,0.67694,0.67706,1.12,1.00
2016.03.08 18:29:04.942,0.67694,0.67705,1.12,1.00
2016.03.08 18:29:06.224,0.67693,0.67702,2.44,1.00
2016.03.08 18:29:06.730,0.67693,0.67701,1.00,1.00
2016.03.08 18:29:06.983,0.67691,0.67703,1.37,1.00
2016.03.08 18:29:07.084,0.67694,0.67703,1.00,1.00
2016.03.08 18:29:07.396,0.67696,0.67703,1.00,1.00
2016.03.08 18:29:10.060,0.67694,0.67703,1.00,1.00
2016.03.08 18:29:10.161,0.67692,0.67703,1.00,1.00
2016.03.08 18:29:12.377,0.67692,0.67701,1.00,1.00
2016.03.08 18:29:12.680,0.6769,0.67701,1.50,1.00
2016.03.08 18:29:13.034,0.67693,0.67701,1.00,1.00
2016.03.08 18:29:13.085,0.67693,0.67703,1.00,1.00
2016.03.08 18:29:13.712,0.67692,0.67703,1.00,1.00
2016.03.08 18:29:13.763,0.67693,0.67701,1.00,1.00
2016.03.08 18:29:13.915,0.67691,0.67701,1.25,1.00
2016.03.08 18:29:14.018,0.67691,0.67699,1.00,1.00
2016.03.08 18:29:14.119,0.67688,0.67699,1.25,1.00
2016.03.08 18:29:15.094,0.67689,0.67699,1.00,1.00
2016.03.08 18:29:17.192,0.67688,0.67699,1.25,1.00
2016.03.08 18:29:19.371,0.67688,0.67698,1.25,1.00
2016.03.08 18:29:19.877,0.67689,0.67698,1.00,1.00
2016.03.08 18:29:20.405,0.67687,0.67698,2.44,1.00
2016.03.08 18:29:25.222,0.67687,0.67699,2.06,1.00
2016.03.08 18:29:31.228,0.67687,0.67698,2.06,1.00
2016.03.08 18:29:33.350,0.67687,0.67698,2.06,1.00
2016.03.08 18:29:34.212,0.67687,0.677,2.44,1.00
2016.03.08 18:29:34.263,0.67687,0.677,2.00,1.00
2016.03.08 18:29:34.314,0.67687,0.67698,1.31,1.00
2016.03.08 18:29:34.516,0.67688,0.677,1.50,1.00
2016.03.08 18:29:39.492,0.67688,0.67698,1.50,1.00
2016.03.08 18:29:39.644,0.6769,0.67701,1.12,1.00
2016.03.08 18:29:40.194,0.67689,0.67701,2.25,1.00
2016.03.08 18:29:40.245,0.67689,0.67701,1.87,1.00
2016.03.08 18:29:40.296,0.67689,0.67698,1.50,1.00
2016.03.08 18:29:40.972,0.67688,0.67701,1.12,1.00
2016.03.08 18:29:41.074,0.6769,0.67701,1.00,1.00
2016.03.08 18:29:41.604,0.6769,0.67702,2.25,1.00
2016.03.08 18:29:41.909,0.67693,0.67705,1.37,1.35
2016.03.08 18:29:42.264,0.67691,0.67702,2.44,1.00
2016.03.08 18:29:42.314,0.67691,0.67702,1.69,1.00
2016.03.08 18:29:42.517,0.67693,0.67699,1.00,1.00
2016.03.08 18:29:42.619,0.67689,0.67697,1.69,1.00
2016.03.08 18:29:42.767,0.67689,0.67694,1.00,1.00
2016.03.08 18:29:42.920,0.67687,0.67694,1.12,1.00
2016.03.08 18:29:44.602,0.67687,0.67692,1.12,1.00
2016.03.08 18:29:44.705,0.67682,0.67691,2.81,1.00
2016.03.08 18:29:44.756,0.67682,0.67691,1.87,1.00
2016.03.08 18:29:44.807,0.67682,0.67689,1.12,1.00
2016.03.08 18:29:44.908,0.6768,0.67689,2.62,1.00
2016.03.08 18:29:46.463,0.67679,0.67689,1.00,1.00
2016.03.08 18:29:47.109,0.67678,0.67687,2.06,1.00
2016.03.08 18:29:49.219,0.67679,0.67687,1.00,1.00
2016.03.08 18:29:49.725,0.67678,0.67687,1.87,1.00
2016.03.08 18:29:50.622,0.6768,0.67687,1.00,1.00
2016.03.08 18:29:51.073,0.6768,0.67689,1.00,1.00
2016.03.08 18:29:53.363,0.6768,0.67689,1.37,1.00
2016.03.08 18:29:53.566,0.67681,0.67691,1.00,1.00
2016.03.08 18:29:54.174,0.6768,0.67691,1.87,1.00
2016.03.08 18:29:54.376,0.67679,0.67689,2.44,1.00
2016.03.08 18:29:54.898,0.6768,0.67691,1.00,1.00
2016.03.08 18:29:55.252,0.67679,0.67689,1.87,1.00
2016.03.08 18:29:55.757,0.67678,0.67689,2.44,1.00
2016.03.08 18:29:56.353,0.67679,0.67689,1.00,1.00
2016.03.08 18:29:57.568,0.67679,0.67691,1.12,1.00
2016.03.08 18:29:57.787,0.67684,0.67694,1.00,1.00
2016.03.08 18:29:58.098,0.67682,0.67694,1.00,1.00
2016.03.08 18:29:58.525,0.67684,0.67696,1.00,1.00
2016.03.08 18:29:58.829,0.67687,0.67699,2.25,1.00
2016.03.08 18:30:05.389,0.67689,0.67699,1.00,1.00
2016.03.08 18:30:07.352,0.67687,0.67699,2.25,1.00
2016.03.08 18:30:07.884,0.67687,0.67697,1.87,1.00
2016.03.08 18:30:08.188,0.67689,0.67697,1.00,1.00
2016.03.08 18:30:08.239,0.67687,0.67697,1.87,1.00
2016.03.08 18:30:15.088,0.67687,0.67698,1.87,1.00
2016.03.08 18:30:28.095,0.67687,0.67696,1.12,1.00
2016.03.08 18:30:28.759,0.67687,0.67698,1.12,1.00
2016.03.08 18:30:32.267,0.67689,0.67698,1.12,1.00
2016.03.08 18:30:34.303,0.67687,0.67698,1.12,1.00
2016.03.08 18:30:34.354,0.67687,0.67695,1.12,1.00
2016.03.08 18:30:34.904,0.67686,0.67695,1.31,1.00
2016.03.08 18:30:36.412,0.67686,0.67698,1.31,1.00
2016.03.08 18:30:36.463,0.67686,0.67698,1.62,1.00
2016.03.08 18:30:36.983,0.67688,0.67699,1.12,1.00
2016.03.08 18:30:41.349,0.67688,0.67697,1.00,1.00
2016.03.08 18:30:51.369,0.67686,0.67697,2.06,1.00
2016.03.08 18:31:09.996,0.67686,0.67697,2.32,1.00
2016.03.08 18:31:10.536,0.67686,0.67697,1.95,1.00
2016.03.08 18:31:25.226,0.67686,0.67698,1.95,1.00
2016.03.08 18:31:37.761,0.67686,0.67699,2.25,1.00
2016.03.08 18:31:37.862,0.67692,0.67699,1.00,1.00
2016.03.08 18:31:38.216,0.67694,0.67699,1.00,1.00
2016.03.08 18:31:38.392,0.6769,0.67699,1.00,1.00
2016.03.08 18:31:38.856,0.6769,0.67702,1.50,1.00
2016.03.08 18:31:39.008,0.67691,0.677,1.00,1.00
2016.03.08 18:31:39.514,0.6769,0.67699,1.00,1.00
2016.03.08 18:31:40.460,0.67689,0.67699,1.00,1.00
2016.03.08 18:31:45.479,0.6769,0.67699,1.00,1.00
2016.03.08 18:31:45.984,0.67689,0.67699,1.00,1.00
2016.03.08 18:31:46.589,0.67688,0.67699,1.87,1.00
2016.03.08 18:31:46.793,0.67688,0.67701,1.87,1.00
2016.03.08 18:31:46.844,0.67688,0.67698,1.87,1.00
2016.03.08 18:31:47.655,0.67689,0.67698,1.00,1.00
2016.03.08 18:31:49.324,0.67687,0.67698,1.00,1.00
2016.03.08 18:31:49.981,0.67689,0.67698,1.00,1.00
2016.03.08 18:31:50.184,0.6769,0.67701,1.00,1.00
2016.03.08 18:31:50.434,0.67692,0.67701,1.00,1.00
2016.03.08 18:31:50.907,0.67692,0.67699,1.00,1.00
2016.03.08 18:31:51.421,0.67691,0.67699,1.00,1.00
2016.03.08 18:31:52.094,0.6769,0.67699,1.00,1.00
2016.03.08 18:31:56.596,0.67689,0.67699,1.00,1.00
2016.03.08 18:31:59.013,0.6769,0.67699,1.00,1.00
2016.03.08 18:31:59.421,0.67688,0.67699,1.50,1.00
2016.03.08 18:31:59.624,0.67688,0.67697,1.00,1.00
2016.03.08 18:32:00.180,0.67687,0.67697,1.50,1.00
2016.03.08 18:32:00.497,0.67689,0.67697,1.00,1.00
2016.03.08 18:32:00.548,0.67689,0.67699,1.00,1.00
2016.03.08 18:32:02.306,0.67688,0.67699,1.00,1.00
2016.03.08 18:32:02.883,0.67688,0.67696,1.00,1.00
2016.03.08 18:32:03.388,0.67689,0.67696,1.00,1.00
2016.03.08 18:32:03.540,0.67687,0.67696,1.50,1.00
2016.03.08 18:32:05.718,0.67687,0.67699,1.12,1.00
2016.03.08 18:32:06.022,0.67687,0.67697,1.12,1.00
2016.03.08 18:32:07.377,0.67687,0.67699,1.00,1.00
2016.03.08 18:32:07.804,0.67686,0.67696,1.87,1.00
2016.03.08 18:32:08.341,0.67687,0.67696,1.00,1.00
2016.03.08 18:32:08.644,0.67689,0.67696,1.00,1.00
2016.03.08 18:32:10.541,0.6769,0.67698,1.00,1.00
2016.03.08 18:32:10.835,0.67689,0.67696,1.00,1.00
2016.03.08 18:32:10.886,0.67687,0.67696,1.25,1.00
2016.03.08 18:32:22.190,0.67686,0.67696,1.00,1.00
2016.03.08 18:32:31.649,0.67687,0.67696,1.00,1.00
2016.03.08 18:32:37.029,0.67687,0.67697,1.00,1.00
2016.03.08 18:32:40.717,0.67686,0.67697,1.12,1.00
2016.03.08 18:32:41.043,0.67688,0.67697,1.00,1.00
2016.03.08 18:32:41.942,0.67686,0.67697,1.12,1.00
2016.03.08 18:32:42.452,0.67686,0.67696,1.12,1.00
2016.03.08 18:32:43.360,0.67686,0.67697,1.12,1.00
2016.03.08 18:32:43.910,0.67687,0.67697,1.00,1.00
2016.03.08 18:32:45.514,0.67686,0.67697,1.87,1.00
2016.03.08 18:32:49.630,0.67686,0.67698,1.87,1.00
2016.03.08 18:32:52.587,0.67687,0.67698,1.00,1.00
2016.03.08 18:32:57.873,0.67687,0.67697,1.00,1.00
2016.03.08 18:33:05.282,0.67688,0.67701,1.56,1.00
2016.03.08 18:33:05.333,0.67692,0.67702,1.12,1.00
2016.03.08 18:33:05.536,0.67695,0.67706,1.12,1.00
2016.03.08 18:33:06.042,0.67694,0.67706,1.87,1.00
2016.03.08 18:33:07.079,0.67696,0.67706,1.00,1.00
2016.03.08 18:33:07.602,0.67695,0.67706,1.12,1.00
2016.03.08 18:33:08.159,0.67695,0.67706,1.50,1.00
2016.03.08 18:33:10.461,0.67695,0.67707,1.50,1.00
2016.03.08 18:33:13.388,0.67694,0.67707,1.00,1.00
2016.03.08 18:33:13.926,0.67693,0.67704,1.31,1.00
2016.03.08 18:33:15.983,0.67694,0.67704,1.00,1.00
2016.03.08 18:33:18.969,0.67694,0.67703,1.00,1.00
2016.03.08 18:33:23.274,0.67694,0.67706,1.00,1.00
2016.03.08 18:33:23.578,0.67696,0.67706,1.00,1.00
2016.03.08 18:33:24.092,0.67696,0.67707,1.00,1.00
2016.03.08 18:33:27.572,0.67696,0.67706,1.00,1.00
2016.03.08 18:33:27.724,0.67693,0.67706,1.12,1.00
2016.03.08 18:33:27.876,0.67695,0.67706,1.00,1.00
2016.03.08 18:33:28.427,0.67694,0.67706,1.00,1.00
2016.03.08 18:33:29.933,0.67694,0.67705,1.00,1.00
2016.03.08 18:33:30.288,0.67692,0.67705,1.31,1.00
2016.03.08 18:33:32.397,0.67694,0.67705,1.00,1.00
2016.03.08 18:33:37.236,0.67692,0.67705,1.00,1.50
2016.03.08 18:33:37.288,0.67692,0.67699,1.00,1.00
2016.03.08 18:33:37.339,0.67688,0.67699,1.00,1.00
2016.03.08 18:33:37.440,0.67688,0.67697,1.00,1.00
2016.03.08 18:33:38.049,0.67688,0.67699,1.00,1.00
2016.03.08 18:33:38.693,0.67686,0.67699,2.25,1.00
2016.03.08 18:33:40.984,0.67686,0.67699,1.87,1.00
2016.03.08 18:33:43.603,0.67686,0.67698,1.87,1.00
2016.03.08 18:33:51.122,0.67687,0.67698,1.12,1.00
2016.03.08 18:33:51.634,0.67687,0.67698,1.50,1.00
2016.03.08 18:33:53.089,0.67687,0.677,1.50,1.00
2016.03.08 18:33:53.392,0.67688,0.67698,1.12,1.00
2016.03.08 18:33:53.953,0.67687,0.67699,2.25,1.00
2016.03.08 18:33:58.570,0.67687,0.67699,1.75,1.00
2016.03.08 18:33:58.924,0.67689,0.67702,1.50,1.50
2016.03.08 18:33:59.432,0.67689,0.67702,1.12,1.50
2016.03.08 18:33:59.622,0.67689,0.677,1.12,1.00
2016.03.08 18:33:59.775,0.67686,0.677,2.25,1.00
2016.03.08 18:34:00.281,0.67688,0.677,1.00,1.00
2016.03.08 18:34:01.986,0.67687,0.677,1.12,1.00
2016.03.08 18:34:02.087,0.67687,0.67698,1.00,1.00
2016.03.08 18:34:02.391,0.67686,0.67696,1.00,1.00
2016.03.08 18:34:02.920,0.67686,0.67696,2.25,1.00
2016.03.08 18:34:04.146,0.67686,0.67697,2.25,1.00
2016.03.08 18:34:04.652,0.67686,0.67696,1.00,1.00
2016.03.08 18:34:05.297,0.67686,0.67697,2.25,1.00
2016.03.08 18:34:05.904,0.67686,0.67697,1.00,1.00
2016.03.08 18:34:06.421,0.67686,0.67696,1.00,1.00
2016.03.08 18:34:06.960,0.67686,0.67697,1.50,1.00
2016.03.08 18:34:08.985,0.67686,0.67697,1.50,1.00
2016.03.08 18:34:15.721,0.67687,0.67697,1.00,1.00
2016.03.08 18:34:16.252,0.67686,0.67697,1.00,1.00
2016.03.08 18:34:16.774,0.67686,0.67696,1.00,1.00
2016.03.08 18:34:21.892,0.67686,0.67697,1.12,1.00
2016.03.08 18:34:33.330,0.67687,0.67697,1.00,1.00
2016.03.08 18:34:39.300,0.67687,0.67696,1.00,1.00
2016.03.08 18:34:42.761,0.67687,0.67695,1.00,1.00
2016.03.08 18:34:43.267,0.67686,0.67695,1.12,1.00
2016.03.08 18:34:56.463,0.67686,0.67694,1.00,1.00
2016.03.08 18:34:59.340,0.67686,0.67696,1.00,1.00
2016.03.08 18:34:59.594,0.67687,0.67696,1.50,1.00
2016.03.08 18:35:00.198,0.67687,0.67698,1.50,1.00
2016.03.08 18:35:04.274,0.67687,0.67697,1.50,1.00
2016.03.08 18:35:04.720,0.67686,0.67697,1.87,1.00
2016.03.08 18:35:06.502,0.67686,0.67697,1.75,1.00
2016.03.08 18:35:07.325,0.67686,0.67697,1.87,1.00
2016.03.08 18:35:08.414,0.67686,0.67695,1.12,1.00
2016.03.08 18:35:08.960,0.67687,0.67696,1.00,1.00
2016.03.08 18:35:10.165,0.67686,0.67696,1.87,1.00
2016.03.08 18:35:12.024,0.67686,0.67696,2.25,1.00
2016.03.08 18:35:12.526,0.67688,0.67696,1.00,1.00
2016.03.08 18:35:12.914,0.67686,0.67696,1.12,1.00
2016.03.08 18:35:18.200,0.67686,0.67696,2.25,1.00
2016.03.08 18:35:22.775,0.67687,0.67696,1.00,1.00
2016.03.08 18:35:23.737,0.67688,0.67696,1.00,1.00
2016.03.08 18:35:25.783,0.67686,0.67696,2.25,1.00
2016.03.08 18:35:29.344,0.67686,0.67696,1.87,1.00
2016.03.08 18:35:30.051,0.67686,0.67696,2.25,1.00
2016.03.08 18:35:31.361,0.67686,0.67696,1.87,1.00
2016.03.08 18:35:31.877,0.67686,0.67696,2.25,1.00
2016.03.08 18:35:32.484,0.67686,0.67696,1.50,1.00
2016.03.08 18:35:32.989,0.67686,0.67696,3.00,1.00
2016.03.08 18:35:33.494,0.67686,0.67696,1.95,1.00
2016.03.08 18:35:37.421,0.67686,0.67697,1.20,1.50
2016.03.08 18:35:52.885,0.67686,0.67697,1.57,1.00
2016.03.08 18:35:59.407,0.67686,0.67697,1.57,1.00
2016.03.08 18:36:19.350,0.67686,0.67697,1.57,1.50
2016.03.08 18:36:20.959,0.67691,0.67699,1.10,1.00
2016.03.08 18:36:21.061,0.67692,0.67703,1.57,1.00
2016.03.08 18:36:21.112,0.67694,0.67703,1.29,1.00
2016.03.08 18:36:21.163,0.67694,0.67705,1.39,1.50
2016.03.08 18:36:21.265,0.67693,0.67702,1.76,1.00
2016.03.08 18:36:21.569,0.67693,0.677,1.00,1.00
2016.03.08 18:36:21.716,0.67688,0.677,1.12,1.00
2016.03.08 18:36:22.476,0.67688,0.67698,1.12,1.00
2016.03.08 18:36:24.864,0.67688,0.67698,1.37,1.00
2016.03.08 18:36:25.362,0.67689,0.677,1.00,1.00
2016.03.08 18:36:25.882,0.67688,0.67699,1.50,1.00
2016.03.08 18:36:26.389,0.6769,0.67699,1.00,1.00
2016.03.08 18:36:26.563,0.67688,0.67699,1.12,1.00
2016.03.08 18:36:27.272,0.67687,0.67698,1.00,1.00
2016.03.08 18:36:27.803,0.67689,0.677,1.00,1.00
2016.03.08 18:36:28.308,0.67687,0.677,1.75,1.00
2016.03.08 18:36:30.182,0.67688,0.677,1.00,1.00
2016.03.08 18:36:30.233,0.67688,0.67698,1.00,1.00
2016.03.08 18:36:31.701,0.67686,0.67698,1.50,1.00
2016.03.08 18:36:32.235,0.67686,0.67698,1.00,1.00
2016.03.08 18:36:34.724,0.67686,0.67691,1.12,1.00
2016.03.08 18:36:34.776,0.67685,0.67689,3.00,1.00
2016.03.08 18:36:34.878,0.67681,0.6769,1.20,2.10
2016.03.08 18:36:34.929,0.67679,0.67683,1.00,1.00
2016.03.08 18:36:35.031,0.67672,0.67685,1.87,1.00
2016.03.08 18:36:35.083,0.67673,0.67685,1.00,1.00
2016.03.08 18:36:35.281,0.67671,0.67679,1.00,1.00
2016.03.08 18:36:35.335,0.67671,0.67681,1.00,1.00
2016.03.08 18:36:35.387,0.67673,0.67681,1.00,1.00
2016.03.08 18:36:35.438,0.67672,0.67683,1.00,1.00
2016.03.08 18:36:35.540,0.67674,0.67686,1.00,1.87
2016.03.08 18:36:35.642,0.67675,0.67686,1.37,1.00
2016.03.08 18:36:35.856,0.67673,0.67686,1.50,1.00
2016.03.08 18:36:35.913,0.67677,0.67686,1.00,1.00
2016.03.08 18:36:36.423,0.67675,0.67686,1.37,1.00
2016.03.08 18:36:37.004,0.67675,0.67686,1.69,1.00
2016.03.08 18:36:38.461,0.67674,0.67682,1.00,1.00
2016.03.08 18:36:38.664,0.67668,0.67678,1.25,1.00
2016.03.08 18:36:43.688,0.67667,0.67677,1.69,1.00
2016.03.08 18:36:44.262,0.67667,0.67676,1.69,1.00
2016.03.08 18:36:44.315,0.67664,0.67668,1.00,1.00
2016.03.08 18:36:44.417,0.6766,0.67668,1.00,1.00
2016.03.08 18:36:44.821,0.67657,0.67668,1.00,1.00
2016.03.08 18:36:49.417,0.67657,0.67666,1.00,1.00
2016.03.08 18:36:49.962,0.67656,0.67666,1.50,1.00
2016.03.08 18:36:52.741,0.67656,0.67666,2.44,1.00
2016.03.08 18:36:56.701,0.67658,0.67666,1.19,1.00
2016.03.08 18:37:00.134,0.67658,0.67667,1.19,1.00
2016.03.08 18:37:07.035,0.67658,0.67666,1.19,1.00
2016.03.08 18:37:25.123,0.67658,0.67667,1.19,1.00
2016.03.08 18:37:40.838,0.67658,0.67665,1.19,1.00
2016.03.08 18:37:40.939,0.67654,0.67665,1.69,1.00
2016.03.08 18:37:41.041,0.67654,0.67662,1.19,1.00
2016.03.08 18:37:41.461,0.67643,0.67653,1.19,1.00
2016.03.08 18:37:41.614,0.6764,0.6765,1.31,1.00
2016.03.08 18:37:41.716,0.67639,0.67649,1.00,1.00
2016.03.08 18:37:42.122,0.67645,0.67649,1.00,1.00
2016.03.08 18:37:42.173,0.67645,0.67651,1.69,1.00
2016.03.08 18:37:42.275,0.67645,0.67656,1.25,1.37
2016.03.08 18:37:42.326,0.67645,0.67656,1.25,1.00
2016.03.08 18:37:42.479,0.67645,0.67659,1.25,1.50
2016.03.08 18:37:42.530,0.67648,0.67659,1.00,1.50
2016.03.08 18:37:43.147,0.67648,0.67657,1.00,1.00
2016.03.08 18:37:43.451,0.67649,0.67658,1.19,1.00
2016.03.08 18:37:44.121,0.67648,0.67658,1.25,1.00
2016.03.08 18:37:45.258,0.67648,0.67658,1.69,1.00
2016.03.08 18:37:46.310,0.67648,0.67659,1.69,1.00
2016.03.08 18:37:46.711,0.67651,0.67659,1.00,1.00
2016.03.08 18:37:47.511,0.67651,0.67658,1.00,1.00
2016.03.08 18:37:48.321,0.67651,0.67659,1.00,1.00
2016.03.08 18:37:48.822,0.67651,0.6766,1.00,1.87
2016.03.08 18:37:50.450,0.67651,0.67659,1.00,1.00
2016.03.08 18:37:50.984,0.67649,0.67658,1.19,1.00
2016.03.08 18:37:51.035,0.67649,0.6766,1.19,1.50
2016.03.08 18:37:52.512,0.6765,0.67659,1.25,1.00
2016.03.08 18:37:54.445,0.67653,0.67659,1.00,1.00
2016.03.08 18:37:54.967,0.67653,0.6766,1.00,1.00
2016.03.08 18:37:56.641,0.67653,0.67658,1.00,1.00
2016.03.08 18:37:56.753,0.6765,0.67658,1.25,1.00
2016.03.08 18:37:56.905,0.6765,0.6766,1.25,1.50
2016.03.08 18:37:57.060,0.67652,0.67661,1.00,1.00
2016.03.08 18:38:00.200,0.67652,0.67662,1.00,1.50
2016.03.08 18:38:00.717,0.67651,0.67662,1.00,1.87
2016.03.08 18:38:01.250,0.67651,0.67661,1.00,1.00
2016.03.08 18:38:01.554,0.67651,0.67659,1.00,1.00
2016.03.08 18:38:03.391,0.67651,0.6766,1.00,1.00
2016.03.08 18:38:04.508,0.67649,0.6766,1.69,1.00
2016.03.08 18:38:04.610,0.67648,0.67659,1.00,1.00
2016.03.08 18:38:07.699,0.67648,0.67658,1.00,1.00
2016.03.08 18:38:09.755,0.67648,0.67659,1.00,1.00
2016.03.08 18:38:10.458,0.67649,0.67659,1.00,1.00
2016.03.08 18:38:19.954,0.6765,0.67659,1.00,1.00
2016.03.08 18:38:28.556,0.6765,0.6766,1.00,1.12
2016.03.08 18:38:29.059,0.67651,0.67661,1.00,1.00
2016.03.08 18:38:40.879,0.67651,0.6766,1.00,1.00
2016.03.08 18:38:43.217,0.67651,0.67661,1.00,1.00
2016.03.08 18:38:47.275,0.67651,0.6766,1.00,1.00
2016.03.08 18:39:05.183,0.67651,0.67661,1.00,1.00
2016.03.08 18:39:07.305,0.67651,0.6766,1.00,1.00
2016.03.08 18:39:07.847,0.67654,0.67662,1.00,1.12
2016.03.08 18:39:07.950,0.67651,0.67661,1.00,1.00
2016.03.08 18:39:10.151,0.67651,0.67659,1.00,1.00
2016.03.08 18:39:12.254,0.67651,0.67661,1.00,1.00
2016.03.08 18:39:17.749,0.67656,0.67661,1.00,1.00
2016.03.08 18:39:17.850,0.67657,0.67663,1.00,1.00
2016.03.08 18:39:18.078,0.67657,0.67669,1.00,1.50
2016.03.08 18:39:18.586,0.67658,0.67668,1.00,1.00
2016.03.08 18:39:19.091,0.67658,0.67668,1.69,1.00
2016.03.08 18:39:19.637,0.67658,0.67669,1.69,1.00
2016.03.08 18:39:20.156,0.67658,0.67668,1.69,1.00
2016.03.08 18:39:20.662,0.67658,0.67667,1.69,1.00
2016.03.08 18:39:22.928,0.67658,0.67668,1.69,1.00
2016.03.08 18:39:30.413,0.67659,0.67667,1.25,1.00
2016.03.08 18:39:32.792,0.67659,0.67666,1.25,1.00
2016.03.08 18:39:33.045,0.67659,0.67668,1.25,1.00
2016.03.08 18:39:35.658,0.67658,0.67666,1.19,1.00
2016.03.08 18:39:36.012,0.67658,0.67669,1.19,1.00
2016.03.08 18:39:36.215,0.67658,0.67667,1.19,1.00
2016.03.08 18:39:39.758,0.67658,0.67668,1.19,1.50
2016.03.08 18:39:42.693,0.67658,0.67667,1.19,1.00
2016.03.08 18:39:43.199,0.67658,0.67668,1.19,1.00
2016.03.08 18:39:45.790,0.67658,0.67667,1.19,1.00
2016.03.08 18:39:47.559,0.67658,0.67668,1.19,1.00
2016.03.08 18:39:49.405,0.67658,0.67667,1.69,1.00
2016.03.08 18:39:51.263,0.67658,0.67667,1.19,1.60
2016.03.08 18:39:51.314,0.67653,0.67665,1.76,1.00
2016.03.08 18:39:51.365,0.67653,0.67664,1.76,2.10
2016.03.08 18:39:51.578,0.67647,0.67659,2.06,1.00
2016.03.08 18:39:52.087,0.67648,0.67658,1.19,1.00
2016.03.08 18:39:52.290,0.67646,0.67657,1.12,1.35
2016.03.08 18:39:52.391,0.67647,0.67657,1.19,1.00
2016.03.08 18:39:52.846,0.67648,0.6766,1.25,1.00
2016.03.08 18:39:53.041,0.67649,0.6766,1.19,1.00
2016.03.08 18:39:53.295,0.67649,0.67662,1.69,1.00
2016.03.08 18:39:53.497,0.67649,0.67659,1.19,1.00
2016.03.08 18:39:54.833,0.67649,0.67658,1.19,1.00
2016.03.08 18:39:54.934,0.67649,0.6766,1.19,1.00
2016.03.08 18:39:56.034,0.67649,0.67659,1.19,1.00
2016.03.08 18:39:56.359,0.67649,0.67661,1.19,1.00
2016.03.08 18:39:56.872,0.67649,0.67662,1.69,1.00
2016.03.08 18:39:57.226,0.67649,0.67659,1.19,1.00
2016.03.08 18:39:57.856,0.67649,0.6766,1.19,1.00
2016.03.08 18:39:58.377,0.67649,0.67661,1.19,1.12
2016.03.08 18:39:59.552,0.67649,0.67662,1.69,1.00
2016.03.08 18:39:59.855,0.67649,0.6766,1.19,1.00
2016.03.08 18:40:00.986,0.67649,0.67661,1.19,1.00
2016.03.08 18:40:01.955,0.67649,0.6766,1.19,1.00
2016.03.08 18:40:02.157,0.67649,0.67662,1.69,1.00
2016.03.08 18:40:03.478,0.67649,0.67661,1.19,1.00
2016.03.08 18:40:04.009,0.67649,0.67662,1.69,1.12
2016.03.08 18:40:04.365,0.67649,0.6766,1.69,1.00
2016.03.08 18:40:04.669,0.67649,0.67657,1.19,1.00
2016.03.08 18:40:04.821,0.67649,0.67661,1.19,1.00
2016.03.08 18:40:05.131,0.67647,0.6766,2.44,1.37
2016.03.08 18:40:05.668,0.67649,0.6766,1.00,1.12
2016.03.08 18:40:06.175,0.67647,0.6766,2.44,1.00
2016.03.08 18:40:07.275,0.67647,0.67658,1.69,1.00
2016.03.08 18:40:08.930,0.67647,0.6766,2.81,1.50
2016.03.08 18:40:09.436,0.67648,0.6766,1.19,1.50
2016.03.08 18:40:11.052,0.67648,0.67658,1.19,1.00
2016.03.08 18:40:11.356,0.67648,0.6766,1.19,1.50
2016.03.08 18:40:17.319,0.67648,0.67658,1.19,1.00
2016.03.08 18:40:23.463,0.67648,0.67656,1.19,1.00
2016.03.08 18:40:23.615,0.67644,0.67656,1.69,1.00
2016.03.08 18:40:23.716,0.67645,0.67654,1.00,1.00
2016.03.08 18:40:24.218,0.67643,0.67654,1.19,1.00
2016.03.08 18:40:24.471,0.67643,0.67656,1.56,1.50
2016.03.08 18:40:24.623,0.67648,0.67657,1.19,1.00
2016.03.08 18:40:25.443,0.67648,0.67656,1.19,1.00
2016.03.08 18:40:25.950,0.67643,0.67656,1.69,1.50
2016.03.08 18:40:26.003,0.67643,0.67654,1.19,1.00
2016.03.08 18:40:26.155,0.6764,0.67651,1.25,1.00
2016.03.08 18:40:26.357,0.67639,0.67649,1.19,1.00
2016.03.08 18:40:26.699,0.67637,0.67646,1.19,1.00
2016.03.08 18:40:41.671,0.67637,0.67645,1.19,1.00
2016.03.08 18:40:42.324,0.67634,0.67644,1.19,1.00
2016.03.08 18:40:42.527,0.67631,0.67644,1.25,1.50
2016.03.08 18:40:42.578,0.6763,0.67642,2.06,1.00
2016.03.08 18:40:42.899,0.6763,0.6764,1.19,1.00
2016.03.08 18:40:45.393,0.6763,0.67639,1.19,1.00
2016.03.08 18:40:50.152,0.6763,0.67641,1.19,1.00
2016.03.08 18:40:55.976,0.6763,0.6764,1.19,1.00
2016.03.08 18:41:01.231,0.67631,0.6764,1.19,1.00
2016.03.08 18:41:01.791,0.67627,0.6764,1.69,1.00
2016.03.08 18:41:05.531,0.67627,0.67638,1.19,1.00
2016.03.08 18:41:06.032,0.67626,0.67637,1.19,1.00
2016.03.08 18:41:07.537,0.67626,0.67638,1.19,1.50
2016.03.08 18:41:11.316,0.67626,0.67636,1.19,1.00
2016.03.08 18:41:23.920,0.67626,0.67638,1.19,1.00
2016.03.08 18:41:25.225,0.67627,0.67638,1.19,1.50
2016.03.08 18:41:40.189,0.67626,0.67638,1.69,1.50
2016.03.08 18:41:46.364,0.67626,0.6764,2.44,1.50
2016.03.08 18:41:47.086,0.67629,0.6764,1.62,1.00
2016.03.08 18:41:47.137,0.67629,0.67642,1.69,1.50
2016.03.08 18:41:47.642,0.67629,0.67642,1.69,1.50
2016.03.08 18:41:49.881,0.67629,0.6764,1.69,1.00
2016.03.08 18:41:50.185,0.6763,0.67643,1.50,1.50
2016.03.08 18:41:50.690,0.67632,0.67642,1.00,1.00
2016.03.08 18:41:50.791,0.6763,0.67642,1.50,1.00
2016.03.08 18:41:51.310,0.6763,0.67643,1.69,1.00
2016.03.08 18:41:51.816,0.6763,0.67642,1.69,1.00
2016.03.08 18:41:53.392,0.6763,0.67642,1.69,1.00
2016.03.08 18:41:53.493,0.67629,0.67644,2.44,1.50
2016.03.08 18:41:53.596,0.67628,0.67642,1.01,1.00
2016.03.08 18:41:53.800,0.67627,0.67642,2.04,1.00
2016.03.08 18:41:54.321,0.67628,0.67643,1.69,1.50
2016.03.08 18:41:54.726,0.67628,0.67641,1.19,1.00
2016.03.08 18:41:55.352,0.67627,0.6764,1.69,1.00
2016.03.08 18:41:55.725,0.67626,0.67638,2.51,1.00
2016.03.08 18:41:58.108,0.67626,0.6764,2.06,1.00
2016.03.08 18:41:58.361,0.67626,0.67638,2.06,1.00
2016.03.08 18:41:58.846,0.67626,0.6764,2.06,1.00
2016.03.08 18:42:00.187,0.67626,0.67639,2.44,1.00
2016.03.08 18:42:01.265,0.67629,0.67641,1.25,1.00
2016.03.08 18:42:01.771,0.67629,0.6764,1.25,1.00
2016.03.08 18:42:04.939,0.67629,0.67641,1.25,1.00
2016.03.08 18:42:05.445,0.6763,0.67641,1.00,1.00
2016.03.08 18:42:06.441,0.67629,0.67641,1.31,1.00
2016.03.08 18:42:08.459,0.67626,0.67638,2.44,1.00
2016.03.08 18:42:08.965,0.67626,0.67639,2.44,1.50
2016.03.08 18:42:09.490,0.67626,0.6764,2.44,1.00
2016.03.08 18:42:12.199,0.67626,0.6764,1.69,1.00
2016.03.08 18:42:14.950,0.67626,0.6764,1.94,1.00
2016.03.08 18:42:15.569,0.67627,0.67641,1.94,1.50
2016.03.08 18:42:16.083,0.67629,0.67642,1.50,1.00
2016.03.08 18:42:16.589,0.67629,0.67641,1.50,1.00
2016.03.08 18:42:16.690,0.67627,0.6764,1.69,1.00
2016.03.08 18:42:17.845,0.67626,0.6764,1.76,1.00
2016.03.08 18:42:18.220,0.67626,0.67637,1.31,1.00
2016.03.08 18:42:18.999,0.67626,0.67639,2.06,1.00
2016.03.08 18:42:19.504,0.67626,0.6764,2.44,1.50
2016.03.08 18:42:20.079,0.6763,0.67641,1.00,1.00
2016.03.08 18:42:20.736,0.67629,0.67641,1.00,1.00
2016.03.08 18:42:21.242,0.67628,0.6764,1.12,1.00
2016.03.08 18:42:21.981,0.67628,0.67641,1.12,1.50
2016.03.08 18:42:25.286,0.67627,0.67638,1.00,1.00
2016.03.08 18:42:37.179,0.67626,0.67639,1.69,1.00
2016.03.08 18:42:59.435,0.67626,0.67639,2.00,1.00
2016.03.08 18:43:12.562,0.67626,0.6764,1.69,1.00
2016.03.08 18:43:18.924,0.67626,0.67639,1.69,1.00
