2018.03.06 06:00:02.010,0.72415,0.72425,1.32,1.00
2018.03.06 06:00:04.449,0.72415,0.72425,1.69,1.00
2018.03.06 06:00:04.551,0.72416,0.72427,1.44,1.87
2018.03.06 06:00:04.965,0.72416,0.72425,1.87,1.00
2018.03.06 06:00:06.780,0.72416,0.72425,1.87,1.00
2018.03.06 06:00:07.773,0.72414,0.72422,1.75,1.50
2018.03.06 06:00:08.096,0.72414,0.72423,1.75,2.44
2018.03.06 06:00:09.461,0.72414,0.72422,1.37,1.12
2018.03.06 06:00:12.302,0.72414,0.72422,1.37,1.44
2018.03.06 06:00:13.520,0.72413,0.72422,1.12,1.25
2018.03.06 06:00:13.848,0.72413,0.72422,1.12,1.44
2018.03.06 06:00:13.900,0.72412,0.72422,3.45,1.25
2018.03.06 06:00:14.002,0.72413,0.72422,1.12,1.37
2018.03.06 06:00:15.101,0.72412,0.72421,4.95,2.06
2018.03.06 06:00:19.598,0.72413,0.72423,1.12,2.25
2018.03.06 06:00:32.774,0.72415,0.72425,1.31,2.89
2018.03.06 06:00:33.381,0.72415,0.72424,1.12,1.00
2018.03.06 06:00:36.756,0.72413,0.72423,1.85,1.12
2018.03.06 06:00:37.284,0.72412,0.72422,2.62,1.25
2018.03.06 06:00:41.951,0.72413,0.72422,1.95,1.50
2018.03.06 06:00:42.550,0.72412,0.72422,2.62,4.12
2018.03.06 06:00:43.104,0.72413,0.72422,1.75,1.87
2018.03.06 06:00:43.715,0.72413,0.72422,1.75,1.50
2018.03.06 06:00:49.741,0.72413,0.72422,1.12,1.44
2018.03.06 06:00:50.382,0.72412,0.7242,1.87,1.00
2018.03.06 06:00:52.589,0.72412,0.72422,1.95,3.37
2018.03.06 06:01:00.309,0.72413,0.72422,1.87,1.00
2018.03.06 06:01:00.361,0.72413,0.72424,1.75,3.07
2018.03.06 06:01:00.906,0.72413,0.72423,1.85,1.50
2018.03.06 06:01:01.575,0.72412,0.72422,2.62,1.12
2018.03.06 06:01:13.898,0.72412,0.72423,1.20,3.75
2018.03.06 06:01:15.650,0.72413,0.72421,1.00,1.00
2018.03.06 06:01:16.189,0.72411,0.72422,1.95,1.12
2018.03.06 06:01:16.784,0.72411,0.72422,2.70,1.44
2018.03.06 06:01:17.809,0.72411,0.72422,3.45,3.37
2018.03.06 06:01:19.278,0.72411,0.72422,2.89,1.37
2018.03.06 06:01:19.805,0.72411,0.72422,1.95,1.00
2018.03.06 06:01:25.599,0.72411,0.72422,2.89,1.25
2018.03.06 06:01:26.161,0.72411,0.72422,2.14,1.25
2018.03.06 06:01:27.049,0.72415,0.72425,1.00,1.57
2018.03.06 06:01:27.419,0.72417,0.72426,1.00,1.00
2018.03.06 06:01:28.045,0.72417,0.72427,1.00,1.12
2018.03.06 06:01:28.701,0.72417,0.72426,1.00,1.00
2018.03.06 06:01:29.218,0.72417,0.72427,1.00,2.06
2018.03.06 06:01:30.295,0.72415,0.72426,1.57,1.31
2018.03.06 06:01:30.860,0.72414,0.72425,1.87,1.87
2018.03.06 06:01:36.385,0.72414,0.72423,1.12,1.31
2018.03.06 06:01:36.692,0.72414,0.72423,1.12,1.50
2018.03.06 06:01:37.108,0.72414,0.72423,1.12,2.70
2018.03.06 06:01:37.213,0.72416,0.72426,1.25,1.95
2018.03.06 06:01:38.450,0.72415,0.72426,1.57,1.87
2018.03.06 06:01:39.048,0.72416,0.72426,1.00,1.31
2018.03.06 06:01:43.860,0.72415,0.72426,2.70,1.12
2018.03.06 06:01:44.403,0.72417,0.72426,1.00,1.69
2018.03.06 06:02:01.745,0.72417,0.72427,1.00,2.06
2018.03.06 06:02:01.797,0.72415,0.72425,1.95,1.87
2018.03.06 06:02:04.079,0.72417,0.72426,1.00,2.62
2018.03.06 06:02:04.182,0.72414,0.72423,1.76,1.00
2018.03.06 06:02:04.792,0.72415,0.72423,1.20,1.00
2018.03.06 06:02:06.926,0.72416,0.72423,1.95,1.00
2018.03.06 06:02:08.468,0.72416,0.72423,1.00,1.00
2018.03.06 06:02:12.611,0.72415,0.72423,2.14,1.00
2018.03.06 06:02:15.466,0.72416,0.72422,1.12,1.00
2018.03.06 06:02:15.570,0.72416,0.7242,1.57,1.00
2018.03.06 06:02:15.776,0.72412,0.7242,2.51,1.00
2018.03.06 06:02:17.213,0.72413,0.7242,1.57,1.00
2018.03.06 06:02:17.264,0.72413,0.72418,1.57,1.00
2018.03.06 06:02:18.942,0.72411,0.72418,3.64,1.00
2018.03.06 06:02:20.565,0.72412,0.72423,2.44,2.25
2018.03.06 06:02:26.709,0.72412,0.72423,3.64,2.06
2018.03.06 06:02:27.705,0.72412,0.72423,3.07,1.87
2018.03.06 06:02:28.258,0.72412,0.72423,3.64,2.06
2018.03.06 06:02:28.818,0.72412,0.72423,3.07,1.87
2018.03.06 06:02:33.391,0.72412,0.72423,3.64,2.06
2018.03.06 06:02:34.280,0.72411,0.72421,1.82,1.50
2018.03.06 06:02:36.385,0.72412,0.72423,1.87,1.19
2018.03.06 06:02:36.483,0.72414,0.72425,1.00,5.32
2018.03.06 06:02:37.097,0.72415,0.72425,1.50,1.12
2018.03.06 06:02:53.935,0.72417,0.72426,1.00,1.20
2018.03.06 06:03:12.620,0.72417,0.72426,1.45,1.31
2018.03.06 06:03:13.163,0.72417,0.72426,1.20,1.12
2018.03.06 06:03:23.576,0.72418,0.72427,1.20,2.06
2018.03.06 06:03:29.466,0.72418,0.72427,2.51,1.87
2018.03.06 06:03:30.015,0.72418,0.72427,2.25,2.25
2018.03.06 06:03:30.971,0.72418,0.72427,1.69,1.12
2018.03.06 06:03:31.114,0.72422,0.72431,6.94,1.45
2018.03.06 06:03:31.167,0.72423,0.72433,2.25,1.57
2018.03.06 06:03:31.272,0.72425,0.72436,1.00,2.70
2018.03.06 06:03:32.170,0.72426,0.72436,1.00,1.20
2018.03.06 06:03:33.534,0.72426,0.72436,1.00,1.50
2018.03.06 06:03:36.659,0.72426,0.72437,1.45,1.75
2018.03.06 06:03:40.015,0.72426,0.72437,1.10,1.85
2018.03.06 06:03:40.544,0.72426,0.72437,1.10,1.57
2018.03.06 06:03:41.057,0.72425,0.72436,1.20,1.12
2018.03.06 06:03:42.853,0.72425,0.72436,1.20,1.12
2018.03.06 06:03:45.063,0.72425,0.72436,1.57,1.50
2018.03.06 06:03:49.566,0.72425,0.72436,1.57,1.87
2018.03.06 06:03:52.889,0.72427,0.72436,1.00,1.12
2018.03.06 06:03:53.476,0.72425,0.72436,1.76,1.12
2018.03.06 06:03:54.543,0.72427,0.72436,1.00,1.12
2018.03.06 06:03:56.895,0.72425,0.72436,1.10,3.75
2018.03.06 06:03:57.442,0.72423,0.72434,1.57,1.00
2018.03.06 06:03:58.046,0.72425,0.72434,1.00,1.00
2018.03.06 06:03:58.354,0.72425,0.72436,3.00,1.12
2018.03.06 06:04:02.670,0.72425,0.72436,2.70,1.12
2018.03.06 06:04:05.859,0.72426,0.72436,1.20,4.87
2018.03.06 06:04:06.991,0.72426,0.72436,1.20,1.12
2018.03.06 06:04:12.131,0.72427,0.72437,1.95,1.87
2018.03.06 06:04:16.903,0.72426,0.72437,2.32,1.75
2018.03.06 06:04:19.644,0.72427,0.72436,1.20,1.12
2018.03.06 06:04:20.158,0.72426,0.72436,1.39,1.31
2018.03.06 06:04:20.853,0.72426,0.72436,1.45,1.12
2018.03.06 06:04:21.369,0.72426,0.72436,1.20,1.12
2018.03.06 06:04:22.034,0.72425,0.72436,1.95,1.87
2018.03.06 06:04:22.642,0.72425,0.72436,1.95,1.69
2018.03.06 06:04:23.486,0.72425,0.72436,1.95,1.69
2018.03.06 06:04:23.909,0.72427,0.72436,1.20,3.00
2018.03.06 06:04:24.431,0.72427,0.72436,1.20,1.31
2018.03.06 06:04:25.020,0.72426,0.72436,2.70,1.12
2018.03.06 06:04:25.939,0.72427,0.72437,1.20,1.50
2018.03.06 06:04:43.969,0.72427,0.72437,2.51,1.00
2018.03.06 06:04:44.187,0.7243,0.72441,4.01,1.87
2018.03.06 06:04:44.912,0.72431,0.72441,1.20,1.87
2018.03.06 06:04:50.969,0.72431,0.72441,1.95,1.87
2018.03.06 06:04:52.262,0.72431,0.72441,1.95,1.87
2018.03.06 06:04:54.528,0.72434,0.72443,1.95,1.87
2018.03.06 06:04:54.896,0.72434,0.72444,1.10,3.19
2018.03.06 06:04:54.998,0.72434,0.72442,1.57,1.12
2018.03.06 06:04:55.535,0.72433,0.72443,1.95,4.87
2018.03.06 06:04:56.117,0.72433,0.72443,1.95,4.12
2018.03.06 06:04:57.795,0.72433,0.72442,1.95,3.37
2018.03.06 06:04:58.330,0.72433,0.72442,1.95,1.50
2018.03.06 06:04:58.836,0.72433,0.72441,1.95,1.00
2018.03.06 06:05:03.852,0.72433,0.72443,1.95,3.75
2018.03.06 06:05:08.893,0.72435,0.72443,1.07,1.12
2018.03.06 06:05:10.211,0.72434,0.72443,1.47,1.31
2018.03.06 06:05:10.722,0.72435,0.72443,1.07,1.31
2018.03.06 06:05:13.186,0.72434,0.72443,1.45,1.12
2018.03.06 06:05:14.846,0.72437,0.72448,2.70,5.06
2018.03.06 06:05:14.898,0.72437,0.72448,4.57,1.12
2018.03.06 06:05:15.104,0.72439,0.72449,1.20,1.50
2018.03.06 06:05:20.351,0.7244,0.72449,1.45,1.50
2018.03.06 06:05:23.849,0.7244,0.7245,1.20,2.25
2018.03.06 06:05:23.952,0.72441,0.72452,1.57,1.00
2018.03.06 06:05:24.155,0.72442,0.72452,1.07,1.00
2018.03.06 06:05:24.477,0.72444,0.72454,1.57,2.44
2018.03.06 06:05:25.255,0.72444,0.72454,1.10,2.44
2018.03.06 06:05:26.301,0.72446,0.72455,1.12,3.19
2018.03.06 06:05:26.405,0.72448,0.72459,2.70,1.12
2018.03.06 06:05:26.458,0.7245,0.7246,1.20,1.12
2018.03.06 06:05:27.007,0.72451,0.7246,1.20,1.50
2018.03.06 06:05:27.509,0.7245,0.7246,1.20,1.12
2018.03.06 06:05:30.794,0.7245,0.72458,1.20,1.00
2018.03.06 06:05:31.326,0.72451,0.72458,1.45,1.00
2018.03.06 06:05:39.308,0.7245,0.72458,1.95,1.00
2018.03.06 06:05:42.885,0.7245,0.72458,1.00,1.00
2018.03.06 06:05:47.883,0.72449,0.72458,1.57,1.00
2018.03.06 06:05:48.222,0.72444,0.7245,1.50,1.00
2018.03.06 06:05:48.740,0.72443,0.72451,3.07,1.00
2018.03.06 06:05:53.299,0.72445,0.72455,1.00,2.14
2018.03.06 06:05:53.352,0.72447,0.72455,1.00,1.10
2018.03.06 06:05:53.703,0.72444,0.72452,2.32,1.00
2018.03.06 06:05:53.807,0.72446,0.72455,1.00,1.50
2018.03.06 06:05:53.858,0.72446,0.72453,1.00,1.00
2018.03.06 06:05:54.483,0.72445,0.72453,1.00,1.00
2018.03.06 06:05:56.424,0.72445,0.72454,1.00,1.00
2018.03.06 06:06:00.268,0.72444,0.72454,2.32,1.50
2018.03.06 06:06:00.756,0.72444,0.72452,2.32,1.00
2018.03.06 06:06:01.801,0.72444,0.72452,2.32,1.00
2018.03.06 06:06:02.222,0.72446,0.72454,1.00,1.00
2018.03.06 06:06:03.744,0.72446,0.72454,1.37,1.00
2018.03.06 06:06:04.386,0.72446,0.72454,1.00,1.00
2018.03.06 06:06:04.918,0.72447,0.72454,1.00,1.00
2018.03.06 06:06:13.170,0.72447,0.72457,1.00,1.62
2018.03.06 06:06:23.117,0.72447,0.72456,1.00,3.79
2018.03.06 06:06:23.168,0.72445,0.72454,1.00,1.25
2018.03.06 06:06:26.739,0.72445,0.72455,1.50,1.25
2018.03.06 06:06:27.294,0.72445,0.72455,1.50,1.31
2018.03.06 06:06:29.943,0.72445,0.72454,4.12,1.00
2018.03.06 06:06:30.285,0.72446,0.72456,2.44,1.69
2018.03.06 06:06:30.822,0.72447,0.72457,2.44,1.50
2018.03.06 06:06:37.629,0.72446,0.72455,1.50,1.00
2018.03.06 06:06:38.778,0.72446,0.72456,1.57,1.31
2018.03.06 06:06:46.183,0.72445,0.72455,1.20,1.12
2018.03.06 06:06:54.823,0.72446,0.72455,1.12,1.31
2018.03.06 06:06:55.004,0.72447,0.72456,1.37,1.12
2018.03.06 06:06:55.337,0.72448,0.72458,1.50,3.37
2018.03.06 06:07:00.400,0.72448,0.72458,1.50,3.97
2018.03.06 06:07:03.513,0.72448,0.72458,1.50,3.97
2018.03.06 06:07:04.017,0.72448,0.72457,1.50,1.00
2018.03.06 06:07:04.950,0.72447,0.72457,3.00,1.12
2018.03.06 06:07:12.170,0.72447,0.72457,5.62,1.72
2018.03.06 06:07:13.839,0.72447,0.72457,3.75,1.35
2018.03.06 06:07:32.121,0.72448,0.72456,1.00,1.00
2018.03.06 06:07:32.815,0.72448,0.72457,1.50,2.29
2018.03.06 06:07:33.364,0.72446,0.72456,2.32,1.35
2018.03.06 06:07:47.746,0.72446,0.72456,3.37,1.72
2018.03.06 06:07:52.343,0.72446,0.72456,1.00,1.00
2018.03.06 06:07:53.955,0.72446,0.72456,1.37,1.31
2018.03.06 06:07:54.526,0.72446,0.72455,1.50,1.00
2018.03.06 06:07:54.578,0.72446,0.72457,1.50,3.41
2018.03.06 06:07:59.222,0.72446,0.72457,1.69,4.12
2018.03.06 06:07:59.887,0.72446,0.72456,1.50,1.25
2018.03.06 06:08:00.142,0.72446,0.72455,1.00,1.12
2018.03.06 06:08:00.194,0.72446,0.72454,1.00,1.12
2018.03.06 06:08:00.315,0.72443,0.72453,1.87,1.69
2018.03.06 06:08:01.844,0.72444,0.72454,1.87,1.69
2018.03.06 06:08:03.675,0.72445,0.72455,2.62,2.06
2018.03.06 06:08:04.076,0.72446,0.72456,1.50,3.56
2018.03.06 06:08:07.213,0.72446,0.72456,1.95,3.37
2018.03.06 06:08:08.751,0.72446,0.72457,2.81,4.31
2018.03.06 06:08:11.512,0.72446,0.72455,1.50,1.00
2018.03.06 06:08:12.048,0.72446,0.72457,1.57,2.89
2018.03.06 06:08:13.896,0.72446,0.72456,1.00,2.66
2018.03.06 06:08:14.466,0.72445,0.72455,1.50,1.72
2018.03.06 06:08:15.454,0.72445,0.72454,1.87,1.12
2018.03.06 06:08:27.687,0.72445,0.72454,1.12,1.00
2018.03.06 06:08:38.864,0.72443,0.72453,3.45,1.87
2018.03.06 06:08:40.776,0.72444,0.72453,1.00,3.37
2018.03.06 06:08:45.986,0.72443,0.72452,1.37,2.44
2018.03.06 06:08:53.264,0.72443,0.72453,4.87,1.37
2018.03.06 06:08:56.894,0.72444,0.72455,3.94,2.70
2018.03.06 06:09:06.398,0.72444,0.72455,1.37,4.05
2018.03.06 06:09:30.681,0.72444,0.72454,1.12,2.62
2018.03.06 06:09:32.176,0.72443,0.72454,1.37,1.87
2018.03.06 06:09:32.229,0.72442,0.72451,1.20,2.06
2018.03.06 06:09:32.383,0.72441,0.7245,3.45,1.44
2018.03.06 06:09:32.990,0.72441,0.7245,1.87,1.25
2018.03.06 06:09:33.804,0.7244,0.72449,3.07,1.50
2018.03.06 06:09:34.325,0.7244,0.72448,2.62,1.25
2018.03.06 06:09:34.437,0.7244,0.72448,1.00,1.00
2018.03.06 06:09:34.824,0.72437,0.72448,1.57,1.12
2018.03.06 06:09:35.386,0.72438,0.72446,1.00,1.12
2018.03.06 06:09:35.612,0.72433,0.72442,1.00,1.12
2018.03.06 06:09:35.819,0.72431,0.72442,2.32,2.62
2018.03.06 06:09:36.664,0.72432,0.72441,1.25,2.25
2018.03.06 06:09:37.282,0.7243,0.72441,7.20,2.25
2018.03.06 06:09:40.688,0.7243,0.7244,4.01,1.00
2018.03.06 06:09:44.124,0.7243,0.72441,3.07,3.00
2018.03.06 06:09:44.711,0.7243,0.72441,2.14,2.25
2018.03.06 06:09:51.441,0.7243,0.7244,1.95,1.12
2018.03.06 06:09:51.980,0.7243,0.72441,5.89,1.50
2018.03.06 06:09:52.542,0.72432,0.72441,1.37,1.37
2018.03.06 06:10:01.314,0.72432,0.72442,2.25,2.06
2018.03.06 06:10:03.538,0.7243,0.7244,1.20,1.50
2018.03.06 06:10:08.978,0.7243,0.7244,1.20,1.50
2018.03.06 06:10:10.656,0.7243,0.72439,1.57,1.00
2018.03.06 06:10:14.637,0.72429,0.72439,3.19,1.00
2018.03.06 06:10:16.199,0.72429,0.72438,2.25,1.50
2018.03.06 06:10:16.406,0.72426,0.72434,1.87,1.00
2018.03.06 06:10:16.469,0.72425,0.7243,1.10,1.00
2018.03.06 06:10:16.778,0.72422,0.72428,1.87,1.00
2018.03.06 06:10:16.968,0.72422,0.7243,1.12,1.00
2018.03.06 06:10:17.468,0.72423,0.72432,1.62,1.87
2018.03.06 06:10:18.313,0.72422,0.72432,3.82,1.37
2018.03.06 06:10:27.424,0.72423,0.72432,2.06,1.12
2018.03.06 06:10:34.706,0.72426,0.72435,1.00,2.62
2018.03.06 06:10:34.758,0.72427,0.72436,1.00,1.12
2018.03.06 06:10:35.377,0.72428,0.72436,1.00,1.12
2018.03.06 06:10:52.571,0.72427,0.72436,1.12,1.00
2018.03.06 06:10:53.155,0.72426,0.72436,4.50,1.44
2018.03.06 06:10:54.474,0.72426,0.72436,2.62,1.44
2018.03.06 06:10:55.031,0.72425,0.72436,2.25,1.69
2018.03.06 06:11:01.126,0.72426,0.72436,2.62,1.87
2018.03.06 06:11:03.279,0.72425,0.72436,2.89,1.50
2018.03.06 06:11:03.824,0.72425,0.72436,4.95,1.50
2018.03.06 06:11:04.914,0.72425,0.72436,2.32,1.50
2018.03.06 06:11:05.440,0.72426,0.72436,1.31,1.95
2018.03.06 06:11:06.063,0.72427,0.72436,1.00,1.12
2018.03.06 06:11:15.213,0.72427,0.72435,1.00,1.50
2018.03.06 06:11:15.982,0.72427,0.72435,1.00,1.37
2018.03.06 06:11:16.665,0.72427,0.72435,1.00,1.12
2018.03.06 06:11:30.622,0.72426,0.72436,2.89,1.69
2018.03.06 06:11:33.506,0.72426,0.72436,1.94,1.00
2018.03.06 06:11:34.207,0.72426,0.72436,3.63,1.50
2018.03.06 06:11:34.866,0.72426,0.72436,2.88,1.00
2018.03.06 06:11:36.687,0.72426,0.72436,3.63,1.50
2018.03.06 06:11:37.196,0.72428,0.72436,1.25,1.00
2018.03.06 06:11:39.761,0.72427,0.72437,1.30,1.37
2018.03.06 06:11:49.689,0.72427,0.72437,2.24,1.87
2018.03.06 06:11:51.157,0.72427,0.72437,2.24,1.12
2018.03.06 06:11:52.664,0.72426,0.72437,2.88,1.87
2018.03.06 06:11:55.038,0.72426,0.72437,3.63,2.44
2018.03.06 06:11:57.183,0.72426,0.72436,2.88,1.37
2018.03.06 06:11:57.362,0.72428,0.72436,1.30,1.87
2018.03.06 06:11:59.744,0.72428,0.72436,1.18,1.50
2018.03.06 06:12:00.283,0.72428,0.72436,1.00,1.50
2018.03.06 06:12:01.256,0.72426,0.72436,3.82,1.00
2018.03.06 06:12:07.287,0.72426,0.72435,1.12,1.00
2018.03.06 06:12:08.459,0.72426,0.72434,1.12,1.00
2018.03.06 06:12:09.198,0.72427,0.72434,1.00,1.00
2018.03.06 06:12:19.108,0.72427,0.72434,2.25,1.00
2018.03.06 06:12:19.785,0.72427,0.72434,1.12,1.00
2018.03.06 06:12:21.149,0.72433,0.72439,1.50,1.20
2018.03.06 06:12:21.479,0.72433,0.7244,3.07,1.00
2018.03.06 06:12:22.423,0.72434,0.72441,1.87,1.00
2018.03.06 06:12:27.285,0.72434,0.72443,3.56,1.00
2018.03.06 06:12:27.808,0.72434,0.72444,2.44,1.87
2018.03.06 06:12:28.246,0.72435,0.72445,1.57,1.37
2018.03.06 06:12:28.837,0.72436,0.72446,1.10,2.62
2018.03.06 06:12:29.747,0.72436,0.72446,1.01,1.12
2018.03.06 06:12:30.343,0.72436,0.72446,1.39,1.87
2018.03.06 06:12:31.005,0.72436,0.72446,1.01,1.12
2018.03.06 06:12:32.708,0.72436,0.72446,1.39,1.12
2018.03.06 06:12:33.272,0.72436,0.72446,1.69,1.12
2018.03.06 06:12:36.509,0.72435,0.72445,3.45,1.25
2018.03.06 06:12:40.991,0.72435,0.72446,2.70,1.12
2018.03.06 06:12:41.869,0.72435,0.72446,3.82,1.31
2018.03.06 06:12:42.426,0.72435,0.72446,3.07,1.12
2018.03.06 06:12:47.094,0.72436,0.72446,1.50,1.12
2018.03.06 06:12:47.408,0.72439,0.72448,1.69,1.00
2018.03.06 06:12:48.326,0.72439,0.72448,4.01,1.00
2018.03.06 06:12:48.379,0.72441,0.72451,1.00,1.10
2018.03.06 06:12:48.984,0.72441,0.72452,1.00,1.00
2018.03.06 06:12:52.554,0.72441,0.72452,1.20,1.00
2018.03.06 06:12:57.764,0.72441,0.72452,2.14,1.00
2018.03.06 06:12:58.844,0.72442,0.72452,1.12,1.00
2018.03.06 06:12:58.896,0.72444,0.72455,4.69,1.20
2018.03.06 06:13:02.700,0.72446,0.72456,1.10,1.31
2018.03.06 06:13:04.450,0.72445,0.72456,1.12,2.62
2018.03.06 06:13:04.953,0.72445,0.72456,1.12,1.69
2018.03.06 06:13:05.718,0.72445,0.72456,1.31,2.62
2018.03.06 06:13:09.678,0.72445,0.72456,1.50,1.87
2018.03.06 06:13:13.047,0.72445,0.72456,1.00,1.50
2018.03.06 06:13:13.643,0.72445,0.72456,1.25,1.87
2018.03.06 06:13:19.489,0.72445,0.72455,1.87,1.31
2018.03.06 06:13:20.248,0.72445,0.72456,1.50,2.62
2018.03.06 06:13:24.693,0.72447,0.72456,2.25,1.12
2018.03.06 06:13:25.252,0.72447,0.72456,1.00,1.69
2018.03.06 06:13:26.244,0.72445,0.72455,2.89,1.37
2018.03.06 06:13:26.853,0.72445,0.72456,1.95,2.25
2018.03.06 06:13:27.380,0.72445,0.72456,1.57,5.62
2018.03.06 06:13:29.631,0.72445,0.72455,1.00,1.31
2018.03.06 06:13:30.147,0.72445,0.72455,1.00,2.80
2018.03.06 06:13:35.975,0.72445,0.72456,1.12,2.44
2018.03.06 06:13:36.491,0.72445,0.72456,1.25,1.50
2018.03.06 06:13:42.153,0.72446,0.72456,1.00,1.12
2018.03.06 06:14:02.915,0.72446,0.72457,1.95,1.12
2018.03.06 06:14:03.259,0.72448,0.72457,1.00,1.00
2018.03.06 06:14:04.154,0.72449,0.72458,1.00,1.10
2018.03.06 06:14:04.906,0.72449,0.72457,1.69,1.00
2018.03.06 06:14:08.222,0.72449,0.72459,1.50,5.32
2018.03.06 06:14:08.924,0.72449,0.72458,1.25,1.00
2018.03.06 06:14:11.172,0.72449,0.72458,1.69,2.25
2018.03.06 06:14:19.878,0.72448,0.72458,1.20,2.25
2018.03.06 06:14:24.642,0.72447,0.72457,4.39,1.37
2018.03.06 06:14:25.450,0.72447,0.72457,5.32,1.50
2018.03.06 06:14:28.851,0.72447,0.72457,3.64,1.37
2018.03.06 06:14:34.744,0.72446,0.72457,1.20,2.06
2018.03.06 06:14:35.110,0.72444,0.72455,2.32,3.37
2018.03.06 06:14:35.659,0.72443,0.72454,3.45,2.44
2018.03.06 06:14:36.627,0.72443,0.72454,3.07,2.25
2018.03.06 06:14:39.161,0.72443,0.72454,2.62,1.50
2018.03.06 06:14:40.262,0.72443,0.72453,1.57,1.12
2018.03.06 06:14:42.281,0.72443,0.72454,1.57,1.76
2018.03.06 06:14:46.414,0.72444,0.72455,3.37,2.92
2018.03.06 06:14:46.751,0.72446,0.72455,1.12,1.12
2018.03.06 06:14:48.667,0.72447,0.72456,1.00,1.50
2018.03.06 06:14:51.140,0.72446,0.72456,1.50,1.50
2018.03.06 06:14:58.902,0.72446,0.72456,1.37,1.50
2018.03.06 06:14:59.465,0.72446,0.72456,1.50,1.31
2018.03.06 06:15:01.271,0.72446,0.72456,2.25,1.31
2018.03.06 06:15:01.778,0.72446,0.72456,1.50,1.12
2018.03.06 06:15:02.309,0.72446,0.72456,3.00,1.12
2018.03.06 06:15:03.031,0.72446,0.72457,4.87,1.50
2018.03.06 06:15:18.212,0.72445,0.72454,1.47,2.06
2018.03.06 06:15:18.349,0.72443,0.72453,1.95,1.50
2018.03.06 06:15:18.866,0.72444,0.72454,1.87,1.37
2018.03.06 06:15:20.036,0.72445,0.72454,1.57,1.00
2018.03.06 06:15:21.467,0.72446,0.72454,1.87,1.00
2018.03.06 06:15:22.272,0.72446,0.72454,1.00,1.00
2018.03.06 06:15:22.748,0.72444,0.72453,1.20,1.00
2018.03.06 06:15:22.866,0.72443,0.7245,1.37,1.12
2018.03.06 06:15:23.376,0.72443,0.72451,1.37,2.44
2018.03.06 06:15:39.230,0.72442,0.72451,1.50,1.12
2018.03.06 06:15:40.162,0.72442,0.72451,1.00,1.00
2018.03.06 06:15:48.109,0.72442,0.72451,1.50,1.25
2018.03.06 06:15:48.802,0.72442,0.72451,1.50,1.25
2018.03.06 06:15:51.153,0.72442,0.72451,1.00,1.62
2018.03.06 06:15:51.722,0.72442,0.72451,1.50,2.25
2018.03.06 06:15:52.433,0.72442,0.72451,1.00,1.62
2018.03.06 06:15:57.540,0.72445,0.72453,3.37,1.00
2018.03.06 06:15:57.592,0.72446,0.72456,1.31,1.00
2018.03.06 06:15:57.846,0.72446,0.72456,1.12,1.69
2018.03.06 06:15:57.999,0.72444,0.72454,1.12,1.31
2018.03.06 06:15:58.782,0.72443,0.72453,1.20,1.00
2018.03.06 06:15:59.459,0.72443,0.72453,1.57,1.37
2018.03.06 06:16:00.242,0.72444,0.72453,1.00,1.00
2018.03.06 06:16:00.722,0.72445,0.72455,1.50,1.75
2018.03.06 06:16:00.774,0.72445,0.72455,2.44,1.25
2018.03.06 06:16:01.277,0.72446,0.72456,2.62,1.00
2018.03.06 06:16:02.439,0.72447,0.72456,1.00,1.00
2018.03.06 06:16:03.003,0.72446,0.72456,1.87,1.00
2018.03.06 06:16:04.554,0.72447,0.72456,1.00,1.69
2018.03.06 06:16:05.682,0.72447,0.72456,3.37,1.00
2018.03.06 06:16:06.228,0.72448,0.72457,1.50,1.00
2018.03.06 06:16:10.452,0.72446,0.72456,1.20,1.00
2018.03.06 06:16:10.606,0.72445,0.72455,1.95,2.29
2018.03.06 06:16:10.788,0.72445,0.72454,1.95,1.44
2018.03.06 06:16:12.619,0.72444,0.72453,1.12,1.00
2018.03.06 06:16:16.493,0.72444,0.72454,1.20,1.12
2018.03.06 06:16:17.198,0.72445,0.72453,1.12,1.00
2018.03.06 06:16:17.798,0.72445,0.72455,1.00,1.10
2018.03.06 06:16:25.157,0.72445,0.72455,1.12,1.62
2018.03.06 06:16:25.925,0.72445,0.72453,1.12,1.00
2018.03.06 06:16:28.246,0.72445,0.72455,1.00,1.50
2018.03.06 06:16:30.940,0.72444,0.72455,3.82,1.12
2018.03.06 06:16:31.043,0.72444,0.72453,1.10,1.50
2018.03.06 06:16:31.299,0.72442,0.72451,1.12,1.00
2018.03.06 06:16:31.835,0.72442,0.72452,1.37,1.50
2018.03.06 06:16:32.399,0.72442,0.72451,1.12,1.00
2018.03.06 06:16:33.537,0.72442,0.72452,1.57,1.12
2018.03.06 06:16:34.177,0.72442,0.72452,2.32,1.12
2018.03.06 06:16:34.711,0.72442,0.72452,1.57,1.12
2018.03.06 06:16:34.815,0.72444,0.72453,4.12,1.00
2018.03.06 06:16:34.867,0.72445,0.72455,1.87,1.50
2018.03.06 06:16:36.344,0.72445,0.72455,4.76,1.00
2018.03.06 06:16:39.840,0.72445,0.72455,1.87,1.00
2018.03.06 06:16:42.635,0.72445,0.72455,2.14,1.00
2018.03.06 06:16:44.229,0.72445,0.72455,1.95,1.00
2018.03.06 06:16:48.331,0.72443,0.72454,1.57,1.12
2018.03.06 06:16:48.384,0.72443,0.72452,1.20,1.37
2018.03.06 06:16:55.110,0.72443,0.72452,1.37,1.12
2018.03.06 06:16:55.996,0.72442,0.72452,1.95,1.00
2018.03.06 06:17:03.325,0.72441,0.72451,6.07,1.12
2018.03.06 06:17:04.014,0.72442,0.72451,1.00,1.31
2018.03.06 06:17:05.295,0.72442,0.72451,2.25,1.31
2018.03.06 06:17:05.884,0.72441,0.72451,1.57,1.12
2018.03.06 06:17:05.936,0.72439,0.72447,1.57,1.00
2018.03.06 06:17:06.193,0.72437,0.72447,2.32,1.00
2018.03.06 06:17:06.902,0.72437,0.72447,4.39,1.12
2018.03.06 06:17:14.285,0.72437,0.72448,4.76,1.00
2018.03.06 06:17:15.822,0.72437,0.72448,5.51,1.00
2018.03.06 06:17:22.467,0.72438,0.72448,1.07,1.00
2018.03.06 06:17:23.285,0.72438,0.72448,1.10,1.00
2018.03.06 06:17:45.096,0.7244,0.72449,1.00,1.50
2018.03.06 06:17:45.408,0.72445,0.72456,1.31,2.70
2018.03.06 06:17:45.511,0.72445,0.72456,1.12,2.32
2018.03.06 06:17:46.129,0.72445,0.72455,1.20,1.12
2018.03.06 06:17:52.808,0.72445,0.72454,1.20,1.00
2018.03.06 06:17:54.669,0.72445,0.72455,1.20,2.81
2018.03.06 06:17:55.209,0.72445,0.72454,1.20,1.00
2018.03.06 06:17:55.756,0.72445,0.72455,1.10,2.06
2018.03.06 06:17:56.760,0.72445,0.72456,1.87,3.00
2018.03.06 06:17:57.349,0.72445,0.72456,3.07,2.25
2018.03.06 06:17:57.890,0.72445,0.72456,4.12,2.81
2018.03.06 06:17:59.350,0.72445,0.72456,2.14,1.87
2018.03.06 06:18:01.807,0.72445,0.72456,2.62,2.44
2018.03.06 06:18:02.366,0.72445,0.72456,3.45,3.19
2018.03.06 06:18:16.635,0.72446,0.72456,1.37,1.87
2018.03.06 06:18:22.051,0.72448,0.72458,1.31,3.00
2018.03.06 06:18:22.154,0.72453,0.7246,1.00,1.37
2018.03.06 06:18:22.206,0.7245,0.72459,2.44,1.50
2018.03.06 06:18:22.305,0.72451,0.72461,2.25,2.62
2018.03.06 06:18:22.516,0.7245,0.7246,1.20,1.87
2018.03.06 06:18:26.590,0.7245,0.7246,1.01,1.87
2018.03.06 06:18:28.561,0.7245,0.7246,1.62,1.87
2018.03.06 06:18:30.021,0.72457,0.72463,1.30,1.57
2018.03.06 06:18:30.185,0.72456,0.72464,1.50,1.00
2018.03.06 06:18:30.391,0.72456,0.72467,1.87,1.50
2018.03.06 06:18:31.217,0.72456,0.72467,1.10,1.75
2018.03.06 06:18:31.732,0.72455,0.72464,1.00,1.12
2018.03.06 06:18:32.262,0.72455,0.72466,1.69,1.87
2018.03.06 06:18:34.139,0.72454,0.72465,2.69,1.00
2018.03.06 06:18:34.661,0.72454,0.72465,1.57,3.75
2018.03.06 06:18:35.170,0.72454,0.72465,1.20,1.87
2018.03.06 06:18:36.516,0.72454,0.72465,1.57,1.12
2018.03.06 06:18:37.060,0.72455,0.72465,1.19,1.12
2018.03.06 06:18:40.049,0.72455,0.72464,1.19,1.00
2018.03.06 06:18:40.579,0.72455,0.72465,1.19,1.00
2018.03.06 06:18:43.496,0.72455,0.72466,1.20,2.25
2018.03.06 06:18:49.207,0.72456,0.72467,2.25,1.87
2018.03.06 06:18:49.961,0.72456,0.72467,1.39,1.87
2018.03.06 06:18:50.390,0.72455,0.72466,2.32,2.62
2018.03.06 06:18:51.993,0.72455,0.72465,1.20,1.00
2018.03.06 06:18:52.540,0.72455,0.72464,1.12,1.00
2018.03.06 06:18:54.184,0.72456,0.72465,1.00,1.00
2018.03.06 06:18:54.700,0.72456,0.72465,1.62,1.00
2018.03.06 06:18:55.947,0.72456,0.72466,1.37,1.00
2018.03.06 06:18:56.661,0.72456,0.72467,1.00,2.06
2018.03.06 06:18:58.098,0.72455,0.72466,2.14,1.50
2018.03.06 06:18:58.636,0.72454,0.72465,4.57,1.00
2018.03.06 06:18:59.206,0.72454,0.72465,3.45,1.00
2018.03.06 06:19:00.471,0.72456,0.72465,1.00,1.00
2018.03.06 06:19:01.185,0.72456,0.72466,1.00,1.00
2018.03.06 06:19:02.117,0.72455,0.72466,1.57,1.12
2018.03.06 06:19:02.667,0.72455,0.72465,3.82,1.00
2018.03.06 06:19:04.082,0.72456,0.72466,1.37,1.37
2018.03.06 06:19:04.822,0.72456,0.72466,1.00,1.50
2018.03.06 06:19:05.142,0.72454,0.72465,1.57,4.12
2018.03.06 06:19:10.294,0.72454,0.72464,1.57,1.12
2018.03.06 06:19:11.091,0.72453,0.72463,1.87,1.49
2018.03.06 06:19:11.928,0.72453,0.72463,2.25,2.24
2018.03.06 06:19:12.741,0.72453,0.72463,1.87,1.12
2018.03.06 06:19:27.517,0.72453,0.72463,2.80,2.06
2018.03.06 06:19:28.264,0.72453,0.72463,1.87,1.12
2018.03.06 06:19:29.053,0.72455,0.72463,1.00,1.12
2018.03.06 06:19:29.165,0.72455,0.72466,1.87,1.87
2018.03.06 06:19:29.916,0.72456,0.72467,1.69,3.94
2018.03.06 06:19:30.519,0.72456,0.72467,1.69,2.62
2018.03.06 06:19:31.042,0.72456,0.72467,1.76,4.01
2018.03.06 06:19:31.580,0.72456,0.72465,1.12,1.00
2018.03.06 06:19:32.987,0.72456,0.72466,1.62,1.50
2018.03.06 06:19:36.533,0.72455,0.72466,1.45,4.69
2018.03.06 06:19:36.636,0.72454,0.72464,1.57,2.44
2018.03.06 06:19:37.397,0.72454,0.72465,2.62,1.20
2018.03.06 06:19:37.920,0.72456,0.72466,1.87,1.87
2018.03.06 06:19:38.500,0.72456,0.72464,1.12,1.12
2018.03.06 06:19:47.242,0.72456,0.72464,1.50,1.00
2018.03.06 06:19:50.598,0.72456,0.72465,2.81,1.00
2018.03.06 06:19:51.116,0.72456,0.72465,2.70,1.44
2018.03.06 06:19:51.703,0.72456,0.72465,2.70,1.25
2018.03.06 06:19:52.267,0.72454,0.72464,1.37,1.31
2018.03.06 06:19:52.902,0.72454,0.72464,1.50,1.87
2018.03.06 06:20:02.287,0.72454,0.72464,1.37,1.50
2018.03.06 06:20:02.926,0.72454,0.72464,1.37,1.37
2018.03.06 06:20:03.428,0.72453,0.72464,3.07,1.00
2018.03.06 06:20:03.481,0.72452,0.72462,2.32,1.37
2018.03.06 06:20:03.534,0.72451,0.72461,2.32,1.50
2018.03.06 06:20:03.691,0.7245,0.72459,3.82,1.00
2018.03.06 06:20:04.579,0.7245,0.72459,1.50,1.50
2018.03.06 06:20:04.928,0.72448,0.72458,1.10,1.50
2018.03.06 06:20:14.743,0.72448,0.72456,1.00,1.00
2018.03.06 06:20:15.853,0.72448,0.72457,1.00,2.25
2018.03.06 06:20:32.617,0.72448,0.72456,1.00,1.00
2018.03.06 06:20:33.207,0.72446,0.72457,4.39,2.25
2018.03.06 06:20:41.188,0.72447,0.72457,2.70,2.25
2018.03.06 06:20:44.068,0.72447,0.72457,1.95,1.00
2018.03.06 06:20:45.021,0.72447,0.72457,1.95,1.50
2018.03.06 06:20:45.682,0.72447,0.72457,1.95,1.00
2018.03.06 06:20:47.763,0.72447,0.72456,1.10,1.75
2018.03.06 06:20:54.432,0.72446,0.72457,2.32,2.25
2018.03.06 06:20:55.032,0.72446,0.72457,3.64,3.00
2018.03.06 06:20:57.028,0.72447,0.72458,5.25,2.62
2018.03.06 06:20:57.597,0.72447,0.72458,3.45,2.25
2018.03.06 06:20:58.155,0.72447,0.72458,3.45,2.25
2018.03.06 06:21:00.162,0.72447,0.72456,1.30,1.00
2018.03.06 06:21:00.214,0.72445,0.72454,3.07,1.50
2018.03.06 06:21:00.265,0.72444,0.72455,4.20,3.56
2018.03.06 06:21:00.471,0.72445,0.72455,1.00,2.44
2018.03.06 06:21:20.502,0.72446,0.72455,1.12,1.50
2018.03.06 06:21:28.231,0.72446,0.72456,1.00,1.50
2018.03.06 06:21:30.510,0.72447,0.72457,1.87,1.00
2018.03.06 06:21:36.397,0.72447,0.72457,1.87,2.44
2018.03.06 06:21:37.006,0.72447,0.72457,1.87,1.12
2018.03.06 06:21:41.206,0.72447,0.72457,1.50,3.00
2018.03.06 06:21:41.516,0.72445,0.72455,1.95,2.06
2018.03.06 06:21:42.033,0.72445,0.72455,1.20,2.44
2018.03.06 06:21:42.084,0.72443,0.72451,3.45,1.00
2018.03.06 06:22:28.307,0.72443,0.7245,1.12,1.00
2018.03.06 06:22:31.556,0.72443,0.72451,1.12,1.12
2018.03.06 06:22:37.085,0.72443,0.72451,1.87,1.50
2018.03.06 06:22:37.755,0.72443,0.72451,1.50,1.37
2018.03.06 06:22:39.454,0.72443,0.72451,1.37,1.69
2018.03.06 06:22:50.902,0.72443,0.72451,1.37,1.62
2018.03.06 06:22:54.474,0.72443,0.72452,1.50,1.00
2018.03.06 06:22:58.273,0.72446,0.72455,1.00,1.10
2018.03.06 06:22:58.902,0.72446,0.72456,1.00,4.12
2018.03.06 06:23:00.123,0.72446,0.72456,1.00,3.19
2018.03.06 06:23:01.278,0.72446,0.72456,1.00,2.81
2018.03.06 06:23:07.456,0.72447,0.72457,1.00,3.00
2018.03.06 06:23:07.816,0.72443,0.72453,1.57,2.25
2018.03.06 06:23:09.472,0.72443,0.72453,2.25,2.25
2018.03.06 06:23:29.473,0.72443,0.72453,1.50,1.75
2018.03.06 06:23:37.182,0.72443,0.72453,1.00,1.75
2018.03.06 06:23:40.881,0.72443,0.72453,1.10,1.12
2018.03.06 06:23:41.383,0.72444,0.72454,1.00,1.57
2018.03.06 06:23:43.155,0.72446,0.72455,1.00,1.57
2018.03.06 06:23:43.665,0.72446,0.72455,1.00,1.50
2018.03.06 06:23:45.923,0.72444,0.72455,1.00,1.25
2018.03.06 06:23:45.976,0.72443,0.72453,2.14,1.12
2018.03.06 06:23:46.617,0.72443,0.72453,1.00,1.50
2018.03.06 06:23:48.600,0.72444,0.72453,1.00,1.37
2018.03.06 06:23:49.255,0.72444,0.72454,1.00,2.62
2018.03.06 06:23:52.609,0.72443,0.72454,1.10,3.82
2018.03.06 06:23:54.395,0.72443,0.72453,1.00,1.87
2018.03.06 06:23:55.523,0.72443,0.72453,1.00,2.44
2018.03.06 06:24:00.684,0.72443,0.72453,1.00,1.50
2018.03.06 06:24:01.227,0.72444,0.72453,1.00,1.25
2018.03.06 06:24:04.000,0.72444,0.72454,1.00,2.51
2018.03.06 06:24:05.221,0.72443,0.72453,1.50,3.75
2018.03.06 06:24:05.847,0.72443,0.72452,1.00,1.50
2018.03.06 06:24:09.676,0.72448,0.72455,1.00,1.10
2018.03.06 06:24:09.779,0.72448,0.72458,1.00,1.95
2018.03.06 06:24:10.590,0.72448,0.72458,1.00,2.70
2018.03.06 06:24:11.131,0.72448,0.72458,1.00,2.62
2018.03.06 06:24:11.235,0.72446,0.72457,2.32,3.56
2018.03.06 06:24:11.795,0.72445,0.72455,1.00,1.00
2018.03.06 06:24:17.311,0.72445,0.72454,1.00,2.62
2018.03.06 06:24:17.820,0.72444,0.72454,1.50,3.37
2018.03.06 06:24:20.142,0.72444,0.72454,1.50,2.62
2018.03.06 06:24:20.761,0.72444,0.72454,1.50,1.50
2018.03.06 06:24:21.957,0.72442,0.72452,2.32,1.87
2018.03.06 06:24:22.680,0.72442,0.72452,2.25,1.50
2018.03.06 06:24:24.133,0.72442,0.72451,3.00,1.12
2018.03.06 06:24:25.087,0.72442,0.72452,2.25,1.50
2018.03.06 06:24:30.394,0.72442,0.72451,3.00,1.12
2018.03.06 06:24:35.588,0.72444,0.72452,1.00,1.00
2018.03.06 06:24:36.131,0.72443,0.72453,1.00,1.12
2018.03.06 06:24:36.712,0.72445,0.72454,1.00,1.50
2018.03.06 06:24:36.764,0.72446,0.72457,1.00,3.26
2018.03.06 06:24:36.815,0.72448,0.72458,1.00,5.51
2018.03.06 06:24:38.046,0.72448,0.72458,1.00,2.62
2018.03.06 06:24:38.716,0.72448,0.72458,1.00,2.25
2018.03.06 06:24:39.375,0.72448,0.72457,1.12,1.00
2018.03.06 06:24:40.350,0.72448,0.72458,1.00,1.69
2018.03.06 06:24:40.659,0.72444,0.72455,2.32,1.25
2018.03.06 06:24:41.359,0.72444,0.72455,1.95,1.50
2018.03.06 06:24:41.977,0.72444,0.72454,1.87,1.00
2018.03.06 06:24:52.346,0.72444,0.72454,1.00,2.25
2018.03.06 06:24:52.853,0.72443,0.72454,1.95,2.44
2018.03.06 06:24:53.398,0.72443,0.72454,1.57,2.44
2018.03.06 06:25:00.032,0.72444,0.72452,1.10,1.12
2018.03.06 06:25:06.829,0.72443,0.72453,1.00,5.44
2018.03.06 06:25:07.348,0.72442,0.72453,1.87,4.69
2018.03.06 06:25:08.353,0.72444,0.72453,1.00,1.00
2018.03.06 06:25:09.159,0.72444,0.72454,1.00,1.12
2018.03.06 06:25:19.938,0.72445,0.72454,1.00,1.12
2018.03.06 06:25:20.125,0.72447,0.72458,1.00,2.32
2018.03.06 06:25:20.482,0.72446,0.72456,1.00,1.50
2018.03.06 06:25:20.699,0.72444,0.72455,1.57,1.12
2018.03.06 06:25:21.597,0.72446,0.72454,1.00,1.00
2018.03.06 06:25:22.264,0.72447,0.72457,1.12,1.95
2018.03.06 06:25:22.774,0.72447,0.72457,1.00,1.12
2018.03.06 06:25:22.825,0.72446,0.72456,1.12,1.37
2018.03.06 06:25:23.350,0.72445,0.72454,1.50,1.50
2018.03.06 06:25:24.529,0.72445,0.72454,1.00,1.62
2018.03.06 06:25:25.963,0.72445,0.72454,1.00,1.12
2018.03.06 06:25:30.240,0.72445,0.72454,1.00,1.37
2018.03.06 06:25:30.909,0.72444,0.72453,1.50,1.69
2018.03.06 06:25:31.522,0.72444,0.72453,1.50,2.62
2018.03.06 06:25:32.259,0.72444,0.72453,1.50,1.69
2018.03.06 06:25:35.077,0.72444,0.72453,1.50,2.44
2018.03.06 06:25:35.836,0.72444,0.72453,1.50,1.50
2018.03.06 06:25:36.587,0.72444,0.72453,1.50,2.44
2018.03.06 06:25:37.238,0.72444,0.72453,1.50,1.50
2018.03.06 06:25:38.682,0.72444,0.72453,1.50,2.44
2018.03.06 06:25:39.686,0.72444,0.72453,1.50,1.50
2018.03.06 06:25:51.629,0.72442,0.72453,3.45,2.62
2018.03.06 06:25:52.428,0.72446,0.72454,1.00,1.00
2018.03.06 06:25:52.480,0.72446,0.72457,1.00,2.51
2018.03.06 06:25:55.630,0.72447,0.72457,1.50,1.95
2018.03.06 06:25:56.176,0.72446,0.72456,1.10,1.00
2018.03.06 06:25:58.882,0.72446,0.72457,1.25,2.62
2018.03.06 06:26:00.235,0.72446,0.72457,1.26,1.50
2018.03.06 06:26:04.005,0.72447,0.72456,1.10,1.00
2018.03.06 06:26:04.355,0.72453,0.72458,1.50,1.12
2018.03.06 06:26:04.409,0.72455,0.72464,1.87,1.12
2018.03.06 06:26:04.462,0.72457,0.72464,1.12,1.00
2018.03.06 06:26:04.513,0.72455,0.72465,1.12,1.20
2018.03.06 06:26:04.668,0.72457,0.72467,1.00,1.75
2018.03.06 06:26:07.062,0.72457,0.72467,1.10,1.87
2018.03.06 06:26:07.493,0.72455,0.72466,1.95,1.12
2018.03.06 06:26:08.409,0.72455,0.72465,1.00,1.00
2018.03.06 06:26:08.982,0.72455,0.72466,1.00,1.87
2018.03.06 06:26:12.347,0.72455,0.72465,1.12,1.00
2018.03.06 06:26:12.944,0.72455,0.72464,1.00,1.25
2018.03.06 06:26:14.005,0.72456,0.72464,1.00,1.00
2018.03.06 06:26:14.579,0.72455,0.72464,1.00,1.00
2018.03.06 06:26:16.817,0.72453,0.72464,2.32,2.25
2018.03.06 06:26:17.361,0.72452,0.72463,3.07,2.81
2018.03.06 06:26:17.907,0.72452,0.72462,3.07,2.62
2018.03.06 06:26:28.252,0.72452,0.72463,3.07,4.12
2018.03.06 06:26:33.487,0.72452,0.72462,2.62,4.12
2018.03.06 06:26:41.736,0.72452,0.72462,2.62,4.12
2018.03.06 06:26:43.312,0.72453,0.72462,1.50,2.62
2018.03.06 06:27:05.658,0.72457,0.72464,1.00,1.25
2018.03.06 06:27:05.812,0.72456,0.72466,1.00,1.12
2018.03.06 06:27:07.988,0.72455,0.72466,1.95,1.50
2018.03.06 06:27:08.192,0.72455,0.72465,1.20,3.00
2018.03.06 06:27:14.595,0.72453,0.72463,1.76,3.94
2018.03.06 06:27:15.398,0.72453,0.72463,1.10,1.87
2018.03.06 06:27:16.329,0.72453,0.72463,1.57,1.87
2018.03.06 06:27:16.636,0.72451,0.72461,1.20,1.75
2018.03.06 06:27:16.791,0.7245,0.72458,1.12,1.00
2018.03.06 06:27:24.251,0.7245,0.72458,1.00,1.87
2018.03.06 06:27:26.132,0.72449,0.72458,1.12,1.50
2018.03.06 06:27:33.119,0.72449,0.72457,1.00,1.50
2018.03.06 06:27:37.041,0.72448,0.72456,1.12,1.12
2018.03.06 06:27:38.710,0.72448,0.72458,1.50,1.50
2018.03.06 06:27:40.789,0.72449,0.72458,1.00,1.50
2018.03.06 06:27:44.801,0.72448,0.72458,1.50,1.50
2018.03.06 06:27:50.132,0.72448,0.72458,1.50,1.69
2018.03.06 06:27:51.012,0.72448,0.72457,2.25,1.01
2018.03.06 06:27:52.634,0.72447,0.72457,1.87,1.95
2018.03.06 06:27:53.165,0.72448,0.72457,1.50,1.10
2018.03.06 06:28:05.888,0.72448,0.72456,1.00,3.26
2018.03.06 06:28:06.026,0.72445,0.72454,1.12,2.81
2018.03.06 06:28:06.083,0.7244,0.72449,1.00,1.00
2018.03.06 06:28:06.398,0.72433,0.7244,1.00,1.12
2018.03.06 06:28:06.939,0.72429,0.7244,2.06,3.07
2018.03.06 06:28:07.466,0.7243,0.72438,1.00,1.10
2018.03.06 06:28:07.701,0.72428,0.72436,1.87,1.00
2018.03.06 06:28:09.159,0.72427,0.72436,1.00,2.32
2018.03.06 06:28:09.211,0.72424,0.72434,3.19,1.87
2018.03.06 06:28:16.176,0.72423,0.72433,1.00,2.70
2018.03.06 06:28:22.477,0.72423,0.72431,1.00,3.07
2018.03.06 06:28:22.791,0.72421,0.72428,1.50,1.00
2018.03.06 06:28:27.784,0.72421,0.7243,1.37,4.20
2018.03.06 06:28:28.293,0.72424,0.7243,1.00,1.07
2018.03.06 06:28:28.349,0.72425,0.72434,1.00,1.47
2018.03.06 06:28:28.923,0.72426,0.72434,1.00,1.87
2018.03.06 06:28:29.448,0.72425,0.72434,1.50,1.37
2018.03.06 06:28:30.470,0.72423,0.72433,3.00,1.10
2018.03.06 06:28:31.108,0.72423,0.72433,1.50,3.07
2018.03.06 06:28:35.590,0.72424,0.72434,2.44,4.95
2018.03.06 06:28:35.695,0.72425,0.72434,1.00,1.10
2018.03.06 06:28:36.210,0.72425,0.72433,1.00,1.12
2018.03.06 06:28:36.746,0.72425,0.72433,1.00,1.37
2018.03.06 06:28:37.902,0.72425,0.72433,1.00,1.00
2018.03.06 06:28:50.597,0.72424,0.72432,1.00,1.00
2018.03.06 06:28:52.481,0.72422,0.72432,1.12,1.50
2018.03.06 06:28:52.533,0.72419,0.72428,2.32,1.94
2018.03.06 06:28:52.638,0.72417,0.72426,1.57,4.12
2018.03.06 06:28:52.746,0.72415,0.72423,1.76,1.12
2018.03.06 06:28:52.894,0.72413,0.72422,1.95,2.25
2018.03.06 06:28:53.204,0.72414,0.72419,1.00,1.87
2018.03.06 06:28:53.371,0.72409,0.72419,1.45,1.12
2018.03.06 06:28:53.540,0.72409,0.72419,1.10,1.12
2018.03.06 06:28:54.051,0.72408,0.72418,1.10,1.00
2018.03.06 06:28:56.023,0.72408,0.72418,1.00,2.25
2018.03.06 06:28:56.340,0.72405,0.72414,1.10,1.37
2018.03.06 06:29:04.601,0.72405,0.72413,1.00,3.75
2018.03.06 06:29:05.133,0.72405,0.72413,1.00,1.87
2018.03.06 06:29:11.616,0.72402,0.72412,1.07,1.87
2018.03.06 06:29:11.822,0.72401,0.72411,1.31,1.50
2018.03.06 06:29:12.450,0.72403,0.72413,2.25,4.50
2018.03.06 06:29:13.689,0.72403,0.72413,2.51,4.50
2018.03.06 06:29:14.321,0.72403,0.72413,2.51,1.87
2018.03.06 06:29:14.882,0.72403,0.72413,2.89,1.87
2018.03.06 06:29:15.189,0.72405,0.72413,1.87,1.50
2018.03.06 06:29:15.766,0.72405,0.72413,1.87,2.10
2018.03.06 06:29:15.969,0.72404,0.72413,2.14,1.00
2018.03.06 06:29:16.633,0.72405,0.72413,1.31,1.00
2018.03.06 06:29:17.191,0.72404,0.72413,1.10,1.00
2018.03.06 06:29:17.731,0.72404,0.72413,1.57,1.00
2018.03.06 06:29:21.244,0.72404,0.72413,1.10,1.00
2018.03.06 06:29:21.500,0.72402,0.72411,1.20,2.25
2018.03.06 06:29:21.733,0.72402,0.72412,1.76,1.50
2018.03.06 06:29:22.247,0.72402,0.72413,1.95,2.62
2018.03.06 06:29:23.010,0.72403,0.72413,2.70,2.62
2018.03.06 06:29:23.113,0.72403,0.72413,1.01,3.75
2018.03.06 06:29:23.935,0.72403,0.72413,1.25,1.87
2018.03.06 06:29:24.594,0.72404,0.72413,1.00,1.87
2018.03.06 06:29:25.696,0.72403,0.72413,1.76,1.87
2018.03.06 06:29:29.493,0.72403,0.72413,1.00,1.50
2018.03.06 06:29:29.544,0.72402,0.72411,1.10,1.50
2018.03.06 06:29:29.875,0.724,0.72408,1.37,1.00
2018.03.06 06:29:30.325,0.724,0.72408,1.12,1.00
2018.03.06 06:29:30.377,0.724,0.7241,1.87,1.12
2018.03.06 06:29:30.978,0.724,0.72409,1.12,1.00
2018.03.06 06:29:32.060,0.72399,0.72409,1.57,1.00
2018.03.06 06:29:32.728,0.72399,0.72409,1.57,1.00
2018.03.06 06:29:33.669,0.72399,0.72409,2.32,1.00
2018.03.06 06:29:34.327,0.72399,0.72409,3.26,1.00
2018.03.06 06:29:34.951,0.72399,0.72409,3.26,1.00
2018.03.06 06:29:35.003,0.72403,0.72413,3.00,1.87
2018.03.06 06:29:35.054,0.72403,0.72413,4.12,2.25
2018.03.06 06:29:35.730,0.72404,0.72414,3.64,1.50
2018.03.06 06:29:36.249,0.72404,0.72414,3.26,1.50
2018.03.06 06:29:36.753,0.72404,0.72414,2.51,1.00
2018.03.06 06:29:37.443,0.72406,0.72414,1.10,1.00
2018.03.06 06:29:41.917,0.72404,0.72414,1.95,1.50
2018.03.06 06:29:42.516,0.72406,0.72414,1.00,1.50
2018.03.06 06:29:46.740,0.72407,0.72414,1.00,1.50
2018.03.06 06:29:47.182,0.72404,0.72414,1.95,1.50
2018.03.06 06:29:50.716,0.72404,0.72414,3.07,1.50
2018.03.06 06:29:56.933,0.72404,0.72414,1.95,1.50
2018.03.06 06:29:56.985,0.72404,0.72414,1.95,2.06
2018.03.06 06:29:57.679,0.72404,0.72414,1.00,2.62
2018.03.06 06:30:00.942,0.72403,0.72413,1.99,1.12
2018.03.06 06:30:01.259,0.72403,0.72411,1.04,2.44
2018.03.06 06:30:01.978,0.724,0.72409,1.79,1.00
2018.03.06 06:30:10.242,0.72401,0.72411,1.91,1.12
2018.03.06 06:30:10.894,0.72401,0.72411,2.66,1.87
2018.03.06 06:30:11.553,0.72401,0.72411,1.91,1.12
2018.03.06 06:30:12.178,0.72405,0.72414,1.12,1.50
2018.03.06 06:30:16.492,0.72404,0.72414,5.17,2.25
2018.03.06 06:30:17.176,0.72405,0.72414,1.69,1.00
2018.03.06 06:30:36.573,0.72405,0.72415,2.32,1.12
2018.03.06 06:30:37.081,0.72405,0.72414,1.10,1.12
2018.03.06 06:30:38.203,0.72404,0.72414,1.87,1.12
2018.03.06 06:30:38.312,0.72402,0.72412,1.99,1.12
2018.03.06 06:30:38.843,0.72402,0.72412,1.16,1.37
2018.03.06 06:30:39.727,0.72404,0.72413,1.12,1.37
2018.03.06 06:30:40.272,0.72403,0.72413,1.05,1.12
2018.03.06 06:30:40.814,0.72404,0.72413,1.00,1.12
2018.03.06 06:30:42.077,0.72404,0.72412,1.00,1.00
2018.03.06 06:30:42.648,0.72404,0.72413,1.00,1.00
2018.03.06 06:30:43.308,0.72403,0.72413,1.15,1.00
2018.03.06 06:30:43.666,0.72401,0.72409,1.61,1.00
2018.03.06 06:30:43.718,0.72401,0.72411,3.11,1.12
2018.03.06 06:30:44.605,0.724,0.7241,3.86,1.00
2018.03.06 06:30:45.780,0.724,0.72409,1.16,1.00
2018.03.06 06:30:46.230,0.72399,0.72409,2.70,1.00
2018.03.06 06:30:46.687,0.72397,0.72407,1.57,1.00
2018.03.06 06:30:47.293,0.72396,0.72406,1.10,1.87
2018.03.06 06:30:47.600,0.72394,0.72404,2.32,1.50
2018.03.06 06:30:48.142,0.72394,0.72404,2.70,1.50
2018.03.06 06:30:50.061,0.72392,0.72402,1.57,4.12
2018.03.06 06:30:50.112,0.72393,0.72403,2.25,1.69
2018.03.06 06:30:50.863,0.72394,0.72404,1.87,2.62
2018.03.06 06:30:51.538,0.72395,0.72404,2.06,1.50
2018.03.06 06:30:52.251,0.72394,0.72404,2.44,2.25
2018.03.06 06:30:52.786,0.72394,0.72404,1.12,1.87
2018.03.06 06:30:53.921,0.72394,0.72404,1.12,1.87
2018.03.06 06:30:54.805,0.72394,0.72402,1.00,1.37
2018.03.06 06:30:54.858,0.72389,0.72399,1.45,1.37
2018.03.06 06:30:56.499,0.72389,0.72399,1.00,3.00
2018.03.06 06:30:57.140,0.72388,0.72396,1.00,1.00
2018.03.06 06:30:57.446,0.72392,0.72397,4.12,1.00
2018.03.06 06:30:57.498,0.72393,0.72401,2.06,1.00
2018.03.06 06:30:57.596,0.72394,0.72404,1.31,2.32
2018.03.06 06:30:58.121,0.72395,0.72405,1.00,5.70
2018.03.06 06:30:59.951,0.72395,0.72405,1.00,2.25
2018.03.06 06:31:00.596,0.72395,0.72405,1.12,1.87
2018.03.06 06:31:03.964,0.72395,0.72405,1.12,1.87
2018.03.06 06:31:05.699,0.72395,0.72405,1.50,1.87
2018.03.06 06:31:08.672,0.72395,0.72405,2.00,2.25
2018.03.06 06:31:28.581,0.72395,0.72405,3.94,1.50
2018.03.06 06:31:36.927,0.72396,0.72404,1.12,1.00
2018.03.06 06:31:37.963,0.72398,0.72406,1.12,2.25
2018.03.06 06:31:38.223,0.72402,0.72412,1.87,1.76
2018.03.06 06:31:38.328,0.72405,0.72415,1.12,2.32
2018.03.06 06:31:40.410,0.72405,0.72415,1.87,1.87
2018.03.06 06:31:41.020,0.72405,0.72415,2.25,1.87
2018.03.06 06:31:46.902,0.72405,0.72415,3.26,1.12
2018.03.06 06:31:47.445,0.72407,0.72415,1.87,1.00
2018.03.06 06:31:47.497,0.72407,0.72417,2.62,1.00
2018.03.06 06:31:48.027,0.72408,0.72418,1.87,1.00
2018.03.06 06:31:48.663,0.72408,0.72418,4.50,1.12
2018.03.06 06:31:48.766,0.7241,0.7242,1.12,2.44
2018.03.06 06:31:49.271,0.7241,0.7242,1.12,1.50
2018.03.06 06:31:50.053,0.72411,0.7242,1.12,2.25
2018.03.06 06:31:50.414,0.72409,0.72419,1.87,1.00
2018.03.06 06:31:52.845,0.7241,0.72419,1.12,1.12
2018.03.06 06:31:53.393,0.7241,0.7242,4.12,1.12
2018.03.06 06:32:01.729,0.72411,0.7242,2.25,1.00
2018.03.06 06:32:01.781,0.72414,0.72423,1.37,1.47
2018.03.06 06:32:01.934,0.72415,0.72424,1.50,1.12
2018.03.06 06:32:02.477,0.72412,0.72422,1.57,1.00
2018.03.06 06:32:02.988,0.72411,0.72421,1.87,1.00
2018.03.06 06:32:03.986,0.7241,0.72418,1.37,1.00
2018.03.06 06:32:04.495,0.7241,0.72418,1.00,1.00
2018.03.06 06:32:06.526,0.72408,0.72418,2.25,4.12
2018.03.06 06:32:07.112,0.72408,0.72418,1.12,1.12
2018.03.06 06:32:07.959,0.72408,0.72417,1.12,1.50
2018.03.06 06:32:08.063,0.72406,0.72416,1.00,2.25
2018.03.06 06:32:08.396,0.72401,0.7241,1.87,2.06
2018.03.06 06:32:08.902,0.72401,0.72409,1.87,1.00
2018.03.06 06:32:12.539,0.724,0.72408,1.87,1.00
2018.03.06 06:32:15.330,0.72401,0.72407,1.12,1.00
2018.03.06 06:32:23.000,0.724,0.72408,2.62,1.00
2018.03.06 06:32:28.905,0.724,0.72408,1.87,3.37
2018.03.06 06:32:33.481,0.72401,0.72408,1.12,7.69
2018.03.06 06:33:08.111,0.72398,0.72408,4.95,1.50
2018.03.06 06:33:08.912,0.72399,0.72408,1.37,1.87
2018.03.06 06:33:12.224,0.72399,0.72408,1.37,1.12
2018.03.06 06:33:12.889,0.72399,0.72408,1.87,1.87
2018.03.06 06:33:18.906,0.72398,0.72408,4.57,1.12
2018.03.06 06:33:25.110,0.72399,0.72408,1.37,1.12
2018.03.06 06:33:25.594,0.72398,0.72408,2.62,1.50
2018.03.06 06:33:26.280,0.72398,0.72408,1.20,1.00
2018.03.06 06:33:26.801,0.72398,0.72407,1.12,1.00
2018.03.06 06:33:32.679,0.72398,0.72406,1.00,1.00
2018.03.06 06:33:33.229,0.72398,0.72405,1.00,1.00
2018.03.06 06:33:40.603,0.72398,0.72406,1.00,1.00
2018.03.06 06:33:45.915,0.72398,0.72407,1.00,1.50
2018.03.06 06:33:47.854,0.72398,0.72406,1.00,1.00
2018.03.06 06:33:48.940,0.72396,0.72405,1.57,1.50
2018.03.06 06:33:48.992,0.72394,0.72403,1.57,1.12
2018.03.06 06:33:49.523,0.72393,0.72402,1.12,1.87
2018.03.06 06:33:56.048,0.72392,0.72401,1.95,1.00
2018.03.06 06:33:58.979,0.7239,0.72398,1.07,1.00
2018.03.06 06:33:59.031,0.72389,0.72398,1.00,1.00
2018.03.06 06:34:02.372,0.72388,0.72397,1.87,1.50
2018.03.06 06:34:12.430,0.72387,0.72397,1.50,1.87
2018.03.06 06:34:13.852,0.72387,0.72396,1.00,1.00
2018.03.06 06:34:13.903,0.72385,0.72394,1.20,1.00
2018.03.06 06:34:14.504,0.72387,0.72396,1.00,1.00
2018.03.06 06:34:21.825,0.72384,0.72393,1.00,1.12
2018.03.06 06:34:22.135,0.72378,0.72387,1.87,1.00
2018.03.06 06:34:22.739,0.72376,0.72385,2.14,1.00
2018.03.06 06:34:23.368,0.72376,0.72385,1.20,1.50
2018.03.06 06:34:23.523,0.72376,0.72384,1.00,3.00
2018.03.06 06:34:23.793,0.72374,0.72383,1.10,1.00
2018.03.06 06:34:23.955,0.72373,0.7238,1.57,1.00
2018.03.06 06:34:24.007,0.72375,0.72384,1.00,2.25
2018.03.06 06:34:24.528,0.72374,0.72383,1.13,1.50
2018.03.06 06:34:25.033,0.72376,0.72384,1.00,3.75
2018.03.06 06:34:26.265,0.72376,0.72383,2.06,1.00
2018.03.06 06:34:26.817,0.72376,0.72383,1.25,1.00
2018.03.06 06:34:28.461,0.72376,0.72385,1.00,2.62
2018.03.06 06:34:29.890,0.72374,0.72383,1.39,1.00
2018.03.06 06:34:30.218,0.72372,0.72381,1.25,1.00
2018.03.06 06:34:30.538,0.72375,0.72383,1.00,3.00
2018.03.06 06:34:31.286,0.72374,0.72383,1.25,1.50
2018.03.06 06:34:32.058,0.72376,0.72383,1.00,1.50
2018.03.06 06:34:32.693,0.72373,0.72382,1.44,1.00
2018.03.06 06:34:33.230,0.72372,0.72381,1.88,1.00
2018.03.06 06:34:33.766,0.72375,0.72382,1.50,1.00
2018.03.06 06:34:35.693,0.72375,0.72384,1.69,1.50
2018.03.06 06:34:36.509,0.72374,0.72381,3.56,1.00
2018.03.06 06:34:36.560,0.72377,0.72385,1.00,1.00
2018.03.06 06:34:36.612,0.72377,0.72383,1.25,1.00
2018.03.06 06:34:37.163,0.72378,0.72383,1.00,1.00
2018.03.06 06:34:37.735,0.72378,0.72384,1.00,1.00
2018.03.06 06:34:41.390,0.72378,0.72382,1.00,1.00
2018.03.06 06:34:41.748,0.72378,0.72384,1.00,1.00
2018.03.06 06:34:45.041,0.72378,0.72384,1.44,1.00
2018.03.06 06:34:45.357,0.72383,0.7239,5.81,1.00
2018.03.06 06:34:45.410,0.72384,0.72392,1.62,1.00
2018.03.06 06:34:45.550,0.72383,0.7239,1.12,1.00
2018.03.06 06:34:46.028,0.7238,0.72386,1.51,1.00
2018.03.06 06:34:46.532,0.72379,0.72385,1.69,1.00
2018.03.06 06:34:49.342,0.7238,0.72386,1.87,1.00
2018.03.06 06:35:01.431,0.72381,0.72388,1.69,1.00
2018.03.06 06:35:01.956,0.72381,0.72389,2.25,1.50
2018.03.06 06:35:02.044,0.72383,0.72392,3.19,1.00
2018.03.06 06:35:02.350,0.72383,0.7239,1.25,1.00
2018.03.06 06:35:02.858,0.72382,0.72389,1.88,1.00
2018.03.06 06:35:03.446,0.72382,0.72389,1.25,1.00
2018.03.06 06:35:04.174,0.72381,0.72389,1.50,1.00
2018.03.06 06:35:04.947,0.72382,0.72388,1.00,1.00
2018.03.06 06:35:05.488,0.72381,0.72388,1.25,1.00
2018.03.06 06:35:05.850,0.72381,0.7239,3.38,2.25
2018.03.06 06:35:06.056,0.72385,0.72391,1.00,1.00
2018.03.06 06:35:06.373,0.72382,0.72391,1.01,1.00
2018.03.06 06:35:06.425,0.72382,0.72389,1.25,1.00
2018.03.06 06:35:06.816,0.72384,0.72391,1.00,1.00
2018.03.06 06:35:06.868,0.72384,0.72393,1.44,1.69
2018.03.06 06:35:07.403,0.72384,0.72393,1.00,1.50
2018.03.06 06:35:08.396,0.72384,0.72393,1.50,1.69
2018.03.06 06:35:08.968,0.72384,0.72393,1.25,1.50
2018.03.06 06:35:10.133,0.72384,0.72393,2.63,1.50
2018.03.06 06:35:10.639,0.72384,0.72393,1.69,1.50
2018.03.06 06:35:11.215,0.72385,0.72393,1.00,1.50
2018.03.06 06:35:14.994,0.72385,0.72392,1.00,1.00
2018.03.06 06:35:16.408,0.72385,0.72394,1.00,3.38
2018.03.06 06:35:17.958,0.72385,0.72394,1.00,2.06
2018.03.06 06:35:18.464,0.72385,0.72394,1.00,2.06
2018.03.06 06:35:19.597,0.72385,0.72394,1.00,2.25
2018.03.06 06:35:20.137,0.72385,0.72394,1.00,2.06
2018.03.06 06:35:20.708,0.72383,0.72392,1.01,1.50
2018.03.06 06:35:21.073,0.72382,0.7239,1.00,1.00
2018.03.06 06:35:25.990,0.72381,0.7239,2.06,1.00
2018.03.06 06:35:26.701,0.72381,0.7239,3.19,1.00
2018.03.06 06:35:27.227,0.72381,0.7239,2.06,1.00
2018.03.06 06:35:28.263,0.72381,0.7239,3.00,1.00
2018.03.06 06:35:28.912,0.72381,0.7239,2.06,1.00
2018.03.06 06:35:29.415,0.72382,0.7239,1.44,1.00
2018.03.06 06:35:31.931,0.72383,0.72392,4.12,1.00
2018.03.06 06:35:32.036,0.72384,0.72392,1.56,1.00
2018.03.06 06:35:32.540,0.72384,0.72393,2.51,1.00
2018.03.06 06:35:33.224,0.72386,0.72393,1.00,1.00
2018.03.06 06:35:33.750,0.72385,0.72393,1.50,1.00
2018.03.06 06:35:34.262,0.72386,0.72393,1.50,1.00
2018.03.06 06:35:34.789,0.72385,0.72393,1.31,1.00
2018.03.06 06:35:35.295,0.72385,0.72393,2.44,1.00
2018.03.06 06:35:35.810,0.72385,0.72393,1.31,1.00
2018.03.06 06:35:39.553,0.72385,0.72393,2.63,1.00
2018.03.06 06:35:40.090,0.72385,0.72393,1.00,1.00
2018.03.06 06:35:40.620,0.72384,0.72393,1.00,1.00
2018.03.06 06:35:40.925,0.72385,0.72393,5.25,1.00
2018.03.06 06:35:41.600,0.72385,0.72393,1.87,1.00
2018.03.06 06:35:42.842,0.72385,0.72393,1.69,1.00
2018.03.06 06:35:43.832,0.72385,0.72393,1.19,1.00
2018.03.06 06:35:44.881,0.72385,0.72393,1.69,1.00
2018.03.06 06:35:45.542,0.72385,0.72393,1.19,1.00
2018.03.06 06:35:46.092,0.72385,0.72393,1.25,1.00
2018.03.06 06:35:47.122,0.72386,0.72393,1.00,1.00
2018.03.06 06:35:47.640,0.72386,0.72394,1.44,1.00
2018.03.06 06:35:48.118,0.72385,0.72394,3.75,1.00
2018.03.06 06:35:48.666,0.72385,0.72393,1.00,1.00
2018.03.06 06:35:52.630,0.72386,0.72393,1.50,1.00
2018.03.06 06:35:53.164,0.72386,0.72394,2.44,1.00
2018.03.06 06:35:53.691,0.72386,0.72394,1.25,1.00
2018.03.06 06:35:54.170,0.72385,0.72392,2.44,1.00
2018.03.06 06:35:54.324,0.72385,0.72394,3.19,1.00
2018.03.06 06:35:54.480,0.72387,0.72394,1.00,1.00
2018.03.06 06:35:54.584,0.72385,0.72394,4.13,1.00
2018.03.06 06:35:55.138,0.72386,0.72394,1.00,1.00
2018.03.06 06:36:01.047,0.72386,0.72393,1.00,1.00
2018.03.06 06:36:01.830,0.72385,0.72393,1.25,1.00
2018.03.06 06:36:02.746,0.72385,0.72393,1.19,1.00
2018.03.06 06:36:03.309,0.72385,0.72393,1.25,1.00
2018.03.06 06:36:06.569,0.72385,0.72391,1.00,1.00
2018.03.06 06:36:13.392,0.72385,0.7239,1.00,1.00
2018.03.06 06:36:14.839,0.72385,0.72392,1.00,1.00
2018.03.06 06:36:27.462,0.72385,0.72391,1.00,1.00
2018.03.06 06:36:28.863,0.72385,0.72392,1.00,1.00
2018.03.06 06:36:29.394,0.72385,0.72393,1.50,1.00
2018.03.06 06:36:29.929,0.72385,0.72393,1.25,1.00
2018.03.06 06:36:31.908,0.72385,0.72393,1.50,1.00
2018.03.06 06:36:32.418,0.72385,0.72393,1.25,1.00
2018.03.06 06:36:33.774,0.72385,0.72394,3.00,1.87
2018.03.06 06:36:34.285,0.72385,0.72393,3.19,1.00
2018.03.06 06:36:34.796,0.72386,0.72393,1.00,1.00
2018.03.06 06:36:35.465,0.72386,0.72393,2.25,1.00
2018.03.06 06:36:37.768,0.72386,0.72393,3.75,1.00
2018.03.06 06:36:38.310,0.72386,0.72393,2.25,1.00
2018.03.06 06:36:38.943,0.72386,0.72393,3.19,1.00
2018.03.06 06:36:39.591,0.72387,0.72393,1.25,1.00
2018.03.06 06:36:40.105,0.72386,0.72393,2.44,1.00
2018.03.06 06:36:40.772,0.72387,0.72393,1.13,1.00
2018.03.06 06:36:41.282,0.72386,0.72393,2.44,1.00
2018.03.06 06:36:41.793,0.72387,0.72393,1.13,1.00
2018.03.06 06:36:45.377,0.72386,0.72393,2.81,1.00
2018.03.06 06:36:46.444,0.72387,0.72393,1.00,1.00
2018.03.06 06:36:46.950,0.72386,0.72393,2.25,1.00
2018.03.06 06:36:48.933,0.72387,0.72393,1.00,1.00
2018.03.06 06:36:49.443,0.72386,0.72393,2.25,1.00
2018.03.06 06:36:49.973,0.72387,0.72393,1.00,1.00
2018.03.06 06:36:50.512,0.72386,0.72393,2.25,1.00
2018.03.06 06:36:51.243,0.72386,0.72393,2.06,1.00
2018.03.06 06:36:51.890,0.72386,0.72393,2.25,1.00
2018.03.06 06:36:52.494,0.72386,0.72393,3.00,1.00
2018.03.06 06:36:53.041,0.72386,0.72393,2.06,1.00
2018.03.06 06:36:54.606,0.72386,0.72393,3.00,1.00
2018.03.06 06:36:55.118,0.72386,0.72393,2.06,1.00
2018.03.06 06:36:55.697,0.72386,0.72393,3.00,1.00
2018.03.06 06:36:56.230,0.72386,0.72393,2.06,1.00
2018.03.06 06:36:57.590,0.72386,0.72393,3.00,1.00
2018.03.06 06:36:58.112,0.72386,0.72393,2.06,1.00
2018.03.06 06:36:59.089,0.72386,0.72393,3.00,1.00
2018.03.06 06:36:59.598,0.72386,0.72393,2.06,1.00
2018.03.06 06:37:00.202,0.72386,0.72393,3.19,1.00
2018.03.06 06:37:00.872,0.72386,0.72393,1.00,1.00
2018.03.06 06:37:01.893,0.72386,0.72393,1.31,1.00
2018.03.06 06:37:02.426,0.72384,0.72393,2.44,1.00
2018.03.06 06:37:02.478,0.72384,0.72391,1.50,1.00
2018.03.06 06:37:03.001,0.72383,0.72391,1.00,1.00
2018.03.06 06:37:03.495,0.72384,0.72392,2.25,1.00
2018.03.06 06:37:04.105,0.72384,0.72392,1.25,1.00
2018.03.06 06:37:05.897,0.72383,0.72392,2.51,1.00
2018.03.06 06:37:06.226,0.72383,0.7239,1.50,1.00
2018.03.06 06:37:06.397,0.72383,0.72392,1.00,1.12
2018.03.06 06:37:07.695,0.72383,0.72392,1.88,1.00
2018.03.06 06:37:08.207,0.72383,0.72392,1.50,1.00
2018.03.06 06:37:08.719,0.72383,0.72392,1.46,1.00
2018.03.06 06:37:11.459,0.72385,0.72392,1.00,1.00
2018.03.06 06:37:14.531,0.72383,0.72392,4.54,1.00
2018.03.06 06:37:15.055,0.72384,0.72392,1.88,1.00
2018.03.06 06:37:15.709,0.72384,0.72392,1.69,1.00
2018.03.06 06:37:16.883,0.72384,0.72392,1.88,1.00
2018.03.06 06:37:17.684,0.72384,0.72392,1.69,1.00
2018.03.06 06:37:20.265,0.72384,0.72393,4.09,1.00
2018.03.06 06:37:20.600,0.72386,0.72393,1.25,1.00
2018.03.06 06:37:21.123,0.72384,0.72393,2.63,1.00
2018.03.06 06:37:22.565,0.72384,0.72392,1.00,1.00
2018.03.06 06:37:24.775,0.72384,0.72393,3.19,1.00
2018.03.06 06:37:25.336,0.72386,0.72393,1.00,1.00
2018.03.06 06:37:28.316,0.72384,0.72393,1.69,1.00
2018.03.06 06:37:32.636,0.72384,0.72391,1.50,1.00
2018.03.06 06:37:48.646,0.72384,0.72391,1.44,1.00
2018.03.06 06:37:49.184,0.72384,0.72391,1.00,1.00
2018.03.06 06:38:00.316,0.72384,0.72393,2.96,1.00
2018.03.06 06:38:00.519,0.72386,0.72393,1.25,1.00
2018.03.06 06:38:01.058,0.72385,0.72393,1.25,1.00
2018.03.06 06:38:01.367,0.72383,0.72392,2.02,1.00
2018.03.06 06:38:02.352,0.72383,0.72392,3.75,1.00
2018.03.06 06:38:03.121,0.72385,0.72392,1.00,1.00
2018.03.06 06:38:12.712,0.72386,0.72392,1.31,1.00
2018.03.06 06:38:12.815,0.72386,0.72395,1.25,1.00
2018.03.06 06:38:13.323,0.72385,0.72394,3.94,1.00
2018.03.06 06:38:13.899,0.72385,0.72394,2.81,1.00
2018.03.06 06:38:14.416,0.72385,0.72394,4.13,1.00
2018.03.06 06:38:14.927,0.72385,0.72394,2.81,1.00
2018.03.06 06:38:15.834,0.72385,0.72394,3.94,1.00
2018.03.06 06:38:16.367,0.72385,0.72394,2.63,1.00
2018.03.06 06:38:17.287,0.72385,0.72393,1.13,1.00
2018.03.06 06:38:18.155,0.72385,0.72393,1.50,1.00
2018.03.06 06:38:18.674,0.72385,0.72393,1.25,1.00
2018.03.06 06:38:23.697,0.72386,0.72393,1.00,1.00
2018.03.06 06:38:35.768,0.72386,0.72393,3.19,1.00
2018.03.06 06:38:36.289,0.72386,0.72393,2.81,1.00
2018.03.06 06:38:37.366,0.72386,0.72393,3.19,1.00
2018.03.06 06:38:37.906,0.72386,0.72393,2.63,1.00
2018.03.06 06:38:38.480,0.72386,0.72393,3.00,1.00
2018.03.06 06:38:39.070,0.72386,0.72393,2.63,1.00
2018.03.06 06:38:39.828,0.72386,0.72393,2.44,1.00
2018.03.06 06:38:43.547,0.72386,0.72393,1.88,1.00
2018.03.06 06:38:44.512,0.72386,0.72393,3.19,1.00
2018.03.06 06:38:45.185,0.72386,0.72393,2.63,1.00
2018.03.06 06:38:46.747,0.72386,0.72393,2.63,1.00
2018.03.06 06:38:47.294,0.72386,0.72393,2.44,1.00
2018.03.06 06:38:48.543,0.72386,0.72393,2.81,1.00
2018.03.06 06:38:49.094,0.72386,0.72393,1.88,1.00
2018.03.06 06:38:49.877,0.72386,0.72393,1.88,1.00
2018.03.06 06:38:50.380,0.72386,0.72393,1.88,1.00
2018.03.06 06:38:51.103,0.72386,0.72393,1.88,1.00
2018.03.06 06:38:51.638,0.72386,0.72393,1.88,1.00
2018.03.06 06:38:52.766,0.72386,0.72393,2.06,1.00
2018.03.06 06:38:57.469,0.72386,0.72393,2.06,1.00
2018.03.06 06:38:58.078,0.72386,0.72393,2.06,1.00
2018.03.06 06:38:58.330,0.72387,0.72395,1.13,1.00
2018.03.06 06:38:59.940,0.72387,0.72395,1.38,1.00
2018.03.06 06:39:00.543,0.72387,0.72395,1.13,1.00
2018.03.06 06:39:01.067,0.72386,0.72395,4.50,1.00
2018.03.06 06:39:01.621,0.72386,0.72395,3.19,1.00
2018.03.06 06:39:02.183,0.72386,0.72395,4.13,1.00
2018.03.06 06:39:02.733,0.72386,0.72395,2.81,1.00
2018.03.06 06:39:04.849,0.72386,0.72395,4.13,1.00
2018.03.06 06:39:05.539,0.72386,0.72395,2.81,1.00
2018.03.06 06:39:06.093,0.72386,0.72395,4.13,1.00
2018.03.06 06:39:06.691,0.72386,0.72395,2.81,1.00
2018.03.06 06:39:10.532,0.72386,0.72395,2.63,1.00
2018.03.06 06:39:11.218,0.72386,0.72395,2.06,1.00
2018.03.06 06:39:11.692,0.72387,0.72396,2.63,1.37
2018.03.06 06:39:12.303,0.72387,0.72396,2.63,1.37
2018.03.06 06:39:14.464,0.72387,0.72396,2.06,1.50
2018.03.06 06:39:15.466,0.72387,0.72396,1.31,1.37
2018.03.06 06:39:18.037,0.72387,0.72396,1.25,1.37
2018.03.06 06:39:18.545,0.72387,0.72396,1.44,1.37
2018.03.06 06:39:20.188,0.7239,0.72396,1.38,1.00
2018.03.06 06:39:20.293,0.72396,0.72402,1.00,2.25
2018.03.06 06:39:20.346,0.72396,0.72405,2.63,1.00
2018.03.06 06:39:20.449,0.72398,0.72407,1.31,1.00
2018.03.06 06:39:20.846,0.72399,0.72408,1.88,1.00
2018.03.06 06:39:21.371,0.72401,0.7241,1.25,1.00
2018.03.06 06:39:21.949,0.72401,0.7241,1.63,1.00
2018.03.06 06:39:22.382,0.72404,0.72413,1.12,1.10
2018.03.06 06:39:22.434,0.72404,0.72411,1.50,1.00
2018.03.06 06:39:22.808,0.72402,0.72411,1.25,1.00
2018.03.06 06:39:26.535,0.72401,0.7241,1.25,1.00
2018.03.06 06:39:26.639,0.72399,0.72408,2.33,1.00
2018.03.06 06:39:26.691,0.72399,0.72408,1.39,1.00
2018.03.06 06:39:27.106,0.72399,0.72408,1.88,1.00
2018.03.06 06:39:27.691,0.724,0.72409,2.44,1.00
2018.03.06 06:39:28.204,0.72401,0.7241,1.69,1.00
2018.03.06 06:39:28.529,0.72401,0.7241,3.19,1.00
2018.03.06 06:39:29.065,0.72401,0.7241,2.44,1.00
2018.03.06 06:39:29.643,0.72401,0.7241,1.50,1.00
2018.03.06 06:39:30.449,0.72401,0.7241,2.81,1.00
2018.03.06 06:39:30.986,0.72401,0.7241,1.69,1.00
2018.03.06 06:39:32.418,0.72401,0.7241,2.25,1.00
2018.03.06 06:39:33.076,0.72402,0.72411,1.00,1.00
2018.03.06 06:39:34.109,0.724,0.72409,1.31,1.00
2018.03.06 06:39:34.846,0.724,0.72409,2.33,1.00
2018.03.06 06:39:35.413,0.724,0.72409,3.26,1.00
2018.03.06 06:39:35.915,0.724,0.72409,3.08,1.00
2018.03.06 06:39:36.569,0.724,0.72409,1.00,1.00
2018.03.06 06:39:37.100,0.72399,0.72408,1.12,1.00
2018.03.06 06:39:46.320,0.72399,0.72408,1.50,1.00
2018.03.06 06:39:46.880,0.72399,0.72408,1.12,1.00
2018.03.06 06:39:50.808,0.72399,0.72408,1.95,1.00
2018.03.06 06:39:51.344,0.72399,0.72408,1.76,1.00
2018.03.06 06:39:51.966,0.72399,0.72408,1.69,1.00
2018.03.06 06:39:52.508,0.72399,0.72408,2.33,1.00
2018.03.06 06:39:53.162,0.72399,0.72408,2.63,1.00
2018.03.06 06:39:53.690,0.72399,0.72408,1.31,1.25
2018.03.06 06:39:55.217,0.72399,0.72408,1.50,1.00
2018.03.06 06:39:55.806,0.72399,0.72408,1.50,1.00
2018.03.06 06:39:56.322,0.72399,0.72408,1.50,1.00
2018.03.06 06:39:56.947,0.724,0.72409,1.50,1.00
2018.03.06 06:39:57.642,0.72399,0.72409,2.70,1.00
2018.03.06 06:39:58.352,0.724,0.72409,1.38,1.00
2018.03.06 06:39:58.857,0.724,0.72409,1.76,1.00
2018.03.06 06:39:59.369,0.72401,0.72408,1.25,1.00
2018.03.06 06:40:00.422,0.72401,0.72408,2.63,1.00
2018.03.06 06:40:00.963,0.72401,0.72408,1.69,1.00
2018.03.06 06:40:04.726,0.72399,0.72408,1.95,1.00
2018.03.06 06:40:08.971,0.72398,0.72408,4.31,1.00
2018.03.06 06:40:09.507,0.72398,0.72408,3.56,1.00
2018.03.06 06:40:10.891,0.72398,0.72408,3.75,1.00
2018.03.06 06:40:11.410,0.72401,0.72409,1.13,1.00
2018.03.06 06:40:11.930,0.724,0.72409,1.31,1.00
2018.03.06 06:40:12.450,0.724,0.72409,1.50,1.00
2018.03.06 06:40:13.188,0.724,0.72409,1.31,1.00
2018.03.06 06:40:13.732,0.724,0.72409,2.44,1.00
2018.03.06 06:40:14.240,0.72401,0.7241,1.31,1.00
2018.03.06 06:40:14.870,0.72401,0.7241,2.06,1.00
2018.03.06 06:40:15.456,0.72401,0.7241,1.25,1.00
2018.03.06 06:40:16.218,0.724,0.7241,1.10,1.00
2018.03.06 06:40:16.526,0.72398,0.72408,3.94,2.44
2018.03.06 06:40:22.900,0.724,0.72409,1.00,1.00
2018.03.06 06:40:29.274,0.72399,0.72408,1.50,1.00
2018.03.06 06:40:34.018,0.72399,0.72409,1.69,1.12
2018.03.06 06:40:34.551,0.724,0.72409,1.25,1.00
2018.03.06 06:40:35.485,0.72399,0.72408,1.10,1.50
2018.03.06 06:40:37.073,0.724,0.72408,1.00,1.12
2018.03.06 06:40:39.128,0.72401,0.72408,1.00,1.00
2018.03.06 06:40:42.246,0.72401,0.72411,1.13,1.00
2018.03.06 06:40:42.298,0.72404,0.72413,1.31,3.19
2018.03.06 06:40:42.811,0.72404,0.72414,1.50,1.31
2018.03.06 06:40:43.323,0.72403,0.72413,1.25,1.00
2018.03.06 06:40:44.022,0.72404,0.72414,3.00,1.25
2018.03.06 06:40:45.531,0.72405,0.72414,1.00,1.25
2018.03.06 06:40:45.843,0.72402,0.72411,1.25,1.12
2018.03.06 06:40:48.226,0.724,0.7241,1.10,1.00
2018.03.06 06:40:49.158,0.72398,0.72408,1.31,1.69
2018.03.06 06:40:49.665,0.72399,0.72408,1.00,1.00
2018.03.06 06:40:50.638,0.72399,0.72409,1.50,1.10
2018.03.06 06:40:51.335,0.72399,0.72409,1.58,1.00
2018.03.06 06:40:51.972,0.72399,0.72409,1.20,1.00
2018.03.06 06:40:52.278,0.724,0.72409,1.50,1.00
2018.03.06 06:40:53.064,0.72405,0.72415,1.12,1.25
2018.03.06 06:40:53.584,0.72406,0.72416,1.13,2.06
2018.03.06 06:40:56.070,0.72406,0.72416,1.81,1.87
2018.03.06 06:40:57.993,0.72406,0.72416,1.25,1.50
2018.03.06 06:40:58.534,0.72406,0.72416,1.31,1.87
2018.03.06 06:40:59.120,0.72406,0.72416,1.25,1.50
2018.03.06 06:41:00.175,0.72406,0.7241,1.00,12.04
2018.03.06 06:41:00.330,0.72395,0.72402,1.00,1.37
2018.03.06 06:41:00.434,0.72393,0.72402,1.00,1.75
2018.03.06 06:41:00.762,0.72395,0.72402,1.00,1.12
2018.03.06 06:41:01.471,0.72393,0.72402,2.25,1.75
2018.03.06 06:41:01.900,0.72391,0.72401,1.00,1.87
2018.03.06 06:41:04.078,0.72392,0.72399,1.00,1.00
2018.03.06 06:41:04.983,0.72395,0.72403,1.00,1.75
2018.03.06 06:41:05.512,0.72394,0.72402,1.00,1.12
2018.03.06 06:41:10.723,0.72394,0.72403,1.37,3.37
2018.03.06 06:41:14.657,0.72393,0.72402,2.06,1.75
2018.03.06 06:41:17.561,0.72391,0.72401,1.00,1.50
2018.03.06 06:41:18.085,0.7239,0.724,1.25,1.50
2018.03.06 06:41:24.651,0.72393,0.724,1.00,1.00
2018.03.06 06:41:24.964,0.72396,0.72403,1.00,1.75
2018.03.06 06:41:25.476,0.72395,0.72403,1.12,4.69
2018.03.06 06:41:25.961,0.72393,0.72402,1.50,1.75
2018.03.06 06:41:26.494,0.72392,0.72401,1.25,1.37
2018.03.06 06:41:27.733,0.7239,0.724,1.10,1.87
2018.03.06 06:41:28.235,0.72391,0.72401,1.25,1.87
2018.03.06 06:41:29.005,0.72391,0.72401,1.31,2.44
2018.03.06 06:41:29.057,0.7239,0.724,2.44,1.37
2018.03.06 06:41:30.491,0.7239,0.724,1.88,1.50
2018.03.06 06:41:31.011,0.7239,0.724,1.69,1.37
2018.03.06 06:41:32.192,0.7239,0.724,1.88,1.50
2018.03.06 06:41:32.964,0.7239,0.724,1.00,1.37
2018.03.06 06:41:33.479,0.7239,0.724,1.25,1.00
2018.03.06 06:41:33.990,0.72391,0.72401,1.00,1.12
2018.03.06 06:41:37.425,0.72391,0.72401,1.44,1.12
2018.03.06 06:41:37.941,0.72391,0.72401,1.25,1.12
2018.03.06 06:41:38.460,0.72391,0.72401,1.44,1.87
2018.03.06 06:41:38.980,0.72391,0.72401,1.25,1.12
2018.03.06 06:41:39.684,0.72391,0.72401,1.44,1.12
2018.03.06 06:41:40.209,0.72391,0.72401,1.25,1.12
2018.03.06 06:41:41.291,0.72391,0.72401,1.44,1.12
2018.03.06 06:41:41.862,0.72391,0.72401,1.25,1.12
2018.03.06 06:42:00.343,0.72393,0.72401,1.00,1.12
2018.03.06 06:42:00.965,0.72394,0.72402,1.12,1.37
2018.03.06 06:42:03.394,0.72393,0.72403,5.25,4.87
2018.03.06 06:42:04.720,0.72393,0.72403,3.75,1.87
2018.03.06 06:42:05.120,0.72392,0.72402,1.76,1.50
2018.03.06 06:42:06.574,0.72391,0.72401,2.62,1.50
2018.03.06 06:42:07.549,0.72393,0.72403,2.81,1.95
2018.03.06 06:42:08.499,0.72393,0.72403,4.87,4.87
2018.03.06 06:42:09.042,0.72393,0.72403,2.62,1.87
2018.03.06 06:42:13.380,0.72396,0.72403,1.00,1.87
2018.03.06 06:42:16.472,0.72394,0.72402,2.62,1.37
2018.03.06 06:42:18.035,0.72394,0.72402,1.37,1.37
2018.03.06 06:42:19.529,0.72394,0.72402,1.12,1.37
2018.03.06 06:42:21.712,0.72393,0.72403,4.87,2.62
2018.03.06 06:42:22.319,0.72393,0.72403,2.62,1.87
2018.03.06 06:42:23.969,0.72393,0.72402,1.31,1.37
2018.03.06 06:42:24.593,0.72392,0.72401,1.00,2.25
2018.03.06 06:42:24.696,0.72391,0.72399,1.25,1.00
2018.03.06 06:42:25.215,0.7239,0.72399,1.50,1.00
2018.03.06 06:42:27.051,0.7239,0.724,2.25,1.12
2018.03.06 06:42:28.576,0.72394,0.72401,1.00,2.25
2018.03.06 06:42:33.788,0.72392,0.72401,1.00,1.87
2018.03.06 06:42:39.219,0.72392,0.724,1.00,1.00
2018.03.06 06:42:39.864,0.7239,0.724,1.69,1.00
2018.03.06 06:42:40.389,0.72389,0.72399,1.88,1.00
2018.03.06 06:42:40.902,0.72388,0.72398,1.00,1.25
2018.03.06 06:42:41.056,0.72387,0.72396,1.00,1.12
2018.03.06 06:42:41.611,0.72386,0.72396,1.00,1.12
2018.03.06 06:42:51.322,0.72384,0.72393,1.10,1.00
2018.03.06 06:42:51.375,0.72381,0.72391,1.10,1.12
2018.03.06 06:42:51.427,0.7238,0.72389,1.07,1.00
2018.03.06 06:42:51.753,0.72378,0.72385,1.25,1.12
2018.03.06 06:42:52.261,0.72376,0.72386,2.89,1.50
2018.03.06 06:42:53.115,0.72376,0.72386,1.31,1.12
2018.03.06 06:42:53.486,0.72377,0.72384,1.00,1.00
2018.03.06 06:43:00.361,0.72376,0.72385,1.08,1.00
2018.03.06 06:43:00.966,0.72375,0.72385,4.20,1.00
2018.03.06 06:43:01.775,0.72377,0.72384,1.00,1.00
2018.03.06 06:43:02.439,0.72375,0.72385,4.20,1.00
2018.03.06 06:43:03.178,0.72375,0.72385,5.14,1.00
2018.03.06 06:43:03.865,0.72375,0.72385,3.26,1.00
2018.03.06 06:43:04.497,0.72376,0.72385,1.69,1.00
2018.03.06 06:43:05.541,0.72375,0.72385,4.58,1.00
2018.03.06 06:43:06.146,0.72375,0.72385,5.33,1.00
2018.03.06 06:43:06.867,0.72375,0.72385,4.58,1.00
2018.03.06 06:43:08.315,0.72377,0.72385,1.00,1.00
2018.03.06 06:43:08.838,0.72376,0.72385,1.39,1.00
2018.03.06 06:43:09.434,0.72376,0.72385,2.89,1.00
2018.03.06 06:43:09.963,0.72376,0.72385,1.39,1.00
2018.03.06 06:43:11.645,0.72376,0.72385,2.89,1.00
2018.03.06 06:43:12.400,0.72376,0.72385,1.39,1.00
2018.03.06 06:43:12.745,0.72377,0.72386,1.88,1.12
2018.03.06 06:43:12.900,0.72379,0.72388,1.31,1.00
2018.03.06 06:43:13.411,0.72379,0.72389,2.81,1.00
2018.03.06 06:43:13.776,0.7238,0.72389,1.31,1.00
2018.03.06 06:43:14.452,0.7238,0.72389,1.88,1.00
2018.03.06 06:43:15.035,0.7238,0.72389,1.31,1.00
2018.03.06 06:43:16.278,0.7238,0.72389,1.69,1.00
2018.03.06 06:43:16.795,0.72379,0.72389,3.08,1.00
2018.03.06 06:43:17.527,0.72379,0.72389,3.45,1.00
2018.03.06 06:43:18.196,0.72379,0.72389,3.45,1.00
2018.03.06 06:43:19.106,0.72379,0.72389,3.45,1.00
2018.03.06 06:43:19.779,0.72379,0.72389,2.70,1.00
2018.03.06 06:43:20.413,0.72379,0.72389,2.44,1.00
2018.03.06 06:43:20.640,0.72379,0.72388,1.00,1.75
2018.03.06 06:43:21.311,0.72378,0.72388,3.38,1.87
2018.03.06 06:43:22.862,0.72378,0.72387,2.81,1.37
2018.03.06 06:43:23.321,0.72377,0.72387,2.06,1.50
2018.03.06 06:43:23.897,0.72377,0.72387,2.63,1.87
2018.03.06 06:43:24.724,0.72377,0.72387,2.06,1.37
2018.03.06 06:43:25.879,0.72377,0.72387,2.63,1.37
2018.03.06 06:43:26.666,0.72377,0.72387,2.06,1.37
2018.03.06 06:43:27.177,0.72377,0.72387,2.25,1.37
2018.03.06 06:43:27.706,0.72377,0.72387,1.69,1.37
2018.03.06 06:43:35.038,0.72377,0.72387,2.25,1.37
2018.03.06 06:43:36.671,0.72377,0.72387,2.25,1.37
2018.03.06 06:43:37.313,0.72377,0.72387,1.69,1.37
2018.03.06 06:43:37.836,0.72377,0.72387,1.69,1.37
2018.03.06 06:43:38.664,0.72377,0.72387,2.25,1.37
2018.03.06 06:43:39.193,0.72377,0.72387,1.25,1.37
2018.03.06 06:43:40.207,0.72377,0.72387,1.76,1.37
2018.03.06 06:43:40.788,0.72377,0.72387,1.01,1.37
2018.03.06 06:43:41.510,0.72377,0.72387,3.19,1.37
2018.03.06 06:43:42.049,0.72377,0.72387,1.20,1.37
2018.03.06 06:43:42.946,0.72377,0.72387,2.33,1.37
2018.03.06 06:43:43.499,0.72377,0.72387,1.95,1.37
2018.03.06 06:43:44.583,0.72377,0.72387,2.33,1.37
2018.03.06 06:43:45.251,0.72377,0.72387,1.95,1.37
2018.03.06 06:43:46.048,0.72377,0.72387,2.33,1.37
2018.03.06 06:43:46.666,0.72377,0.72387,1.95,1.37
2018.03.06 06:43:47.298,0.72377,0.72385,1.19,1.12
2018.03.06 06:43:47.607,0.72375,0.72384,2.06,1.87
2018.03.06 06:43:48.619,0.72375,0.72383,2.81,1.87
2018.03.06 06:43:49.215,0.72375,0.72383,2.06,1.00
2018.03.06 06:43:49.752,0.72375,0.72385,1.87,3.00
2018.03.06 06:43:50.287,0.72375,0.72384,1.37,1.25
2018.03.06 06:43:51.207,0.72375,0.72384,1.56,1.69
2018.03.06 06:43:51.309,0.72374,0.72384,1.63,1.13
2018.03.06 06:43:51.666,0.72374,0.72381,1.87,1.00
2018.03.06 06:43:51.718,0.72374,0.72384,1.50,4.50
2018.03.06 06:43:53.145,0.72374,0.72383,2.62,1.69
2018.03.06 06:43:53.853,0.72374,0.72384,3.37,1.88
2018.03.06 06:43:54.512,0.72374,0.72384,1.87,1.69
2018.03.06 06:43:55.017,0.72374,0.72384,3.37,1.88
2018.03.06 06:43:55.574,0.72374,0.72384,1.87,1.69
2018.03.06 06:43:55.940,0.72377,0.72385,1.00,1.00
2018.03.06 06:44:02.409,0.72375,0.72385,2.44,1.00
2018.03.06 06:44:02.942,0.72376,0.72386,1.13,1.25
2018.03.06 06:44:13.339,0.72377,0.72386,1.00,1.00
2018.03.06 06:44:19.054,0.72377,0.72387,1.25,1.00
2018.03.06 06:44:19.999,0.72377,0.72387,3.64,1.00
2018.03.06 06:44:20.670,0.72377,0.72387,1.76,1.00
2018.03.06 06:44:21.329,0.72377,0.72387,1.95,1.00
2018.03.06 06:44:22.029,0.72377,0.72387,1.76,1.00
2018.03.06 06:44:23.460,0.72378,0.72387,1.00,1.00
2018.03.06 06:44:27.506,0.72377,0.72387,1.01,1.00
2018.03.06 06:44:28.796,0.72377,0.72387,1.58,1.00
2018.03.06 06:44:29.311,0.72377,0.72387,1.01,1.00
2018.03.06 06:44:30.386,0.72377,0.72387,1.00,1.31
2018.03.06 06:44:30.940,0.72377,0.72387,1.00,1.31
2018.03.06 06:44:34.626,0.72379,0.72389,1.50,1.00
2018.03.06 06:44:35.303,0.72379,0.72389,2.63,1.00
2018.03.06 06:44:35.899,0.72379,0.72388,1.00,1.00
2018.03.06 06:44:38.421,0.72377,0.72387,1.95,1.44
2018.03.06 06:44:38.975,0.72377,0.72387,1.00,2.25
2018.03.06 06:44:39.377,0.72375,0.72385,2.70,1.00
2018.03.06 06:44:40.072,0.72376,0.72386,1.00,1.12
2018.03.06 06:44:40.600,0.72376,0.72387,1.00,1.20
2018.03.06 06:44:42.681,0.72376,0.72387,1.88,1.00
2018.03.06 06:44:44.219,0.72376,0.72387,2.14,1.25
2018.03.06 06:44:44.271,0.72376,0.72387,1.76,1.00
2018.03.06 06:44:44.322,0.72376,0.72387,1.39,1.00
2018.03.06 06:44:44.840,0.72377,0.72387,1.38,1.00
2018.03.06 06:44:45.391,0.72377,0.72387,1.44,1.00
2018.03.06 06:44:45.869,0.72378,0.72389,4.01,1.00
2018.03.06 06:44:46.382,0.7238,0.72388,1.13,1.00
2018.03.06 06:44:46.611,0.7238,0.7239,2.81,1.00
2018.03.06 06:44:47.120,0.72381,0.72391,1.00,1.12
2018.03.06 06:44:48.905,0.7238,0.72391,1.12,1.12
2018.03.06 06:44:48.957,0.7238,0.72391,1.50,1.88
2018.03.06 06:44:51.938,0.72378,0.72388,3.37,1.00
2018.03.06 06:44:52.434,0.72378,0.72388,1.12,1.25
2018.03.06 06:44:52.537,0.72377,0.72387,1.00,1.69
2018.03.06 06:44:53.072,0.72376,0.72387,2.70,1.12
2018.03.06 06:44:53.589,0.72377,0.72387,1.48,1.00
2018.03.06 06:44:54.289,0.72377,0.72387,1.20,1.00
2018.03.06 06:44:54.768,0.72377,0.72388,1.70,1.12
2018.03.06 06:44:55.181,0.72377,0.72388,2.14,1.12
2018.03.06 06:44:55.606,0.72377,0.72388,1.50,1.12
2018.03.06 06:44:55.812,0.72377,0.72388,1.25,1.12
2018.03.06 06:44:56.628,0.72378,0.72388,1.31,1.00
2018.03.06 06:44:57.142,0.72379,0.72387,2.14,1.00
2018.03.06 06:44:57.376,0.72384,0.72394,1.00,1.88
2018.03.06 06:44:57.529,0.72385,0.72396,1.31,1.39
2018.03.06 06:44:57.580,0.72384,0.72393,1.00,1.69
2018.03.06 06:44:57.682,0.72381,0.72391,1.20,1.00
2018.03.06 06:44:58.277,0.7238,0.7239,3.00,1.00
2018.03.06 06:44:59.414,0.7238,0.7239,1.95,1.00
2018.03.06 06:44:59.625,0.7238,0.7239,5.33,1.00
2018.03.06 06:44:59.677,0.72382,0.72392,1.50,1.00
2018.03.06 06:44:59.729,0.72385,0.72394,1.31,1.00
2018.03.06 06:45:00.038,0.72386,0.72396,2.32,1.00
2018.03.06 06:45:00.990,0.72385,0.72396,1.39,1.12
2018.03.06 06:45:01.524,0.72385,0.72395,1.12,1.00
2018.03.06 06:45:02.834,0.72387,0.72396,1.00,1.00
2018.03.06 06:45:03.343,0.72386,0.72396,1.57,1.00
2018.03.06 06:45:03.964,0.72386,0.72396,1.57,1.00
2018.03.06 06:45:04.513,0.72386,0.72396,1.00,1.00
2018.03.06 06:45:05.633,0.72386,0.72397,1.20,1.00
2018.03.06 06:45:06.140,0.72388,0.72397,1.00,1.00
2018.03.06 06:45:06.676,0.72387,0.72397,1.95,1.00
2018.03.06 06:45:08.466,0.72387,0.72398,2.33,1.00
2018.03.06 06:45:10.562,0.72387,0.72398,2.25,1.62
2018.03.06 06:45:11.099,0.72388,0.72398,1.37,1.25
2018.03.06 06:45:12.005,0.72387,0.72398,1.20,1.12
2018.03.06 06:45:12.533,0.72386,0.72397,2.70,1.00
2018.03.06 06:45:15.624,0.72384,0.72394,1.45,1.50
2018.03.06 06:45:16.985,0.72383,0.72393,1.00,1.00
2018.03.06 06:45:17.138,0.72383,0.72391,1.00,1.00
2018.03.06 06:45:20.266,0.7238,0.72391,2.32,1.12
2018.03.06 06:45:20.318,0.72379,0.7239,2.32,1.12
2018.03.06 06:45:20.566,0.72379,0.72388,1.00,1.00
2018.03.06 06:45:20.721,0.72377,0.72387,2.70,1.12
2018.03.06 06:45:26.202,0.72377,0.72386,1.63,1.00
2018.03.06 06:45:32.403,0.72378,0.72386,1.00,1.00
2018.03.06 06:45:33.156,0.72377,0.72386,2.62,1.00
2018.03.06 06:45:34.012,0.72377,0.72386,2.62,1.00
2018.03.06 06:45:35.458,0.72377,0.72386,2.51,1.00
2018.03.06 06:45:37.082,0.72373,0.72383,2.30,1.57
2018.03.06 06:45:37.441,0.72372,0.72381,4.25,1.00
2018.03.06 06:45:38.302,0.72373,0.72381,1.63,1.00
2018.03.06 06:45:38.839,0.72372,0.72381,2.38,1.12
2018.03.06 06:45:39.376,0.72373,0.72381,1.05,1.00
2018.03.06 06:45:40.012,0.72372,0.72381,1.18,1.00
2018.03.06 06:45:40.115,0.72374,0.72384,1.36,1.10
2018.03.06 06:45:41.642,0.72374,0.72384,2.68,1.00
2018.03.06 06:45:41.915,0.72371,0.72382,2.62,1.20
2018.03.06 06:45:41.967,0.72371,0.7238,1.20,1.00
2018.03.06 06:45:42.645,0.72369,0.7238,1.31,1.72
2018.03.06 06:45:42.696,0.72368,0.72378,1.10,1.00
2018.03.06 06:45:43.262,0.72366,0.72377,4.01,1.50
2018.03.06 06:45:43.469,0.72365,0.72375,1.31,1.87
2018.03.06 06:45:45.196,0.72363,0.72371,1.00,1.20
2018.03.06 06:45:45.256,0.72359,0.7237,7.01,1.00
2018.03.06 06:45:45.891,0.7236,0.7237,1.01,1.00
2018.03.06 06:45:46.748,0.7236,0.7237,2.04,1.00
2018.03.06 06:45:47.714,0.72361,0.72369,1.12,1.00
2018.03.06 06:45:48.665,0.72365,0.72373,1.12,1.00
2018.03.06 06:45:48.717,0.72366,0.72376,1.69,1.10
2018.03.06 06:45:49.723,0.72365,0.72376,2.89,1.00
2018.03.06 06:45:51.259,0.72365,0.72372,1.12,1.00
2018.03.06 06:45:51.434,0.72365,0.72374,1.12,2.32
2018.03.06 06:45:52.016,0.72365,0.72374,1.12,2.32
2018.03.06 06:45:53.242,0.72366,0.72373,1.00,1.20
2018.03.06 06:45:53.791,0.72366,0.72374,1.00,1.20
2018.03.06 06:45:54.403,0.72365,0.72374,1.12,1.20
2018.03.06 06:45:55.176,0.72366,0.72374,1.00,1.20
2018.03.06 06:45:55.719,0.72365,0.72374,2.25,1.20
2018.03.06 06:45:56.581,0.72365,0.72374,2.44,1.20
2018.03.06 06:46:00.847,0.72364,0.72374,2.81,1.00
2018.03.06 06:46:01.363,0.72363,0.72373,1.95,1.00
2018.03.06 06:46:05.737,0.72362,0.72372,2.70,1.00
2018.03.06 06:46:12.177,0.72362,0.72371,1.12,1.00
2018.03.06 06:46:23.594,0.72364,0.72373,1.00,1.00
2018.03.06 06:46:23.647,0.72365,0.72375,3.37,1.00
2018.03.06 06:46:24.342,0.72364,0.72373,1.20,1.00
2018.03.06 06:46:35.008,0.72365,0.72374,1.50,1.00
2018.03.06 06:46:35.417,0.72366,0.72376,1.31,1.00
2018.03.06 06:46:36.624,0.72366,0.72376,1.50,1.00
2018.03.06 06:46:38.823,0.72366,0.72377,1.50,1.00
2018.03.06 06:46:39.480,0.72368,0.72376,1.00,1.00
2018.03.06 06:46:41.341,0.72366,0.72376,1.00,1.72
2018.03.06 06:46:41.447,0.72363,0.72374,2.70,1.12
2018.03.06 06:46:42.400,0.72362,0.7237,1.20,1.00
2018.03.06 06:46:42.823,0.72362,0.72372,1.87,1.00
2018.03.06 06:46:51.123,0.72362,0.72372,2.62,1.95
2018.03.06 06:46:51.693,0.72362,0.72372,2.62,1.10
2018.03.06 06:46:55.014,0.72362,0.72371,1.87,1.12
2018.03.06 06:46:55.117,0.72364,0.72373,1.50,1.00
2018.03.06 06:46:55.222,0.72365,0.72375,1.00,1.00
2018.03.06 06:46:55.428,0.72363,0.72373,3.37,1.00
2018.03.06 06:46:57.142,0.72362,0.72372,3.00,1.00
2018.03.06 06:46:58.533,0.72362,0.7237,2.25,1.10
2018.03.06 06:46:58.636,0.72362,0.72372,2.25,1.20
2018.03.06 06:46:59.864,0.72362,0.72371,1.75,1.12
2018.03.06 06:47:00.726,0.72363,0.72371,2.62,1.00
2018.03.06 06:47:01.010,0.72365,0.72374,1.00,1.20
2018.03.06 06:47:01.061,0.72363,0.72373,4.12,1.10
2018.03.06 06:47:01.737,0.72362,0.72373,2.25,1.39
2018.03.06 06:47:01.857,0.72363,0.72371,1.00,1.00
2018.03.06 06:47:04.767,0.72362,0.7237,1.00,1.00
2018.03.06 06:47:04.821,0.7236,0.7237,1.00,1.91
2018.03.06 06:47:04.874,0.72358,0.72368,4.50,1.00
2018.03.06 06:47:05.925,0.72359,0.72369,1.87,1.20
2018.03.06 06:47:06.285,0.7236,0.7237,3.37,1.20
2018.03.06 06:47:06.732,0.72363,0.7237,1.00,1.10
2018.03.06 06:47:06.837,0.72363,0.72374,2.44,1.45
2018.03.06 06:47:06.890,0.72362,0.72371,1.00,1.12
2018.03.06 06:47:06.993,0.72359,0.72369,1.50,1.10
2018.03.06 06:47:07.405,0.72363,0.72373,1.00,1.45
2018.03.06 06:47:07.716,0.72361,0.72372,1.00,2.32
2018.03.06 06:47:07.818,0.7236,0.7237,1.00,1.45
2018.03.06 06:47:08.421,0.7236,0.72371,2.44,1.20
2018.03.06 06:47:08.765,0.72362,0.72371,1.00,1.20
2018.03.06 06:47:09.385,0.72361,0.72371,1.50,1.20
2018.03.06 06:47:09.717,0.72359,0.72369,1.87,1.20
2018.03.06 06:47:10.259,0.72359,0.72368,1.50,1.10
2018.03.06 06:47:11.437,0.72359,0.72368,1.12,1.45
2018.03.06 06:47:11.798,0.72357,0.72367,2.81,1.10
2018.03.06 06:47:12.107,0.72355,0.72365,1.00,1.39
2018.03.06 06:47:13.099,0.72355,0.72365,1.12,1.20
2018.03.06 06:47:14.566,0.72356,0.72366,1.00,1.45
2018.03.06 06:47:15.440,0.72354,0.72364,4.50,1.00
2018.03.06 06:47:16.055,0.72355,0.72365,1.12,1.20
2018.03.06 06:47:18.219,0.72356,0.72366,1.00,1.45
2018.03.06 06:47:18.323,0.72355,0.72365,1.12,1.45
2018.03.06 06:47:18.427,0.72353,0.72363,1.00,1.20
2018.03.06 06:47:19.485,0.72354,0.72364,1.12,1.95
2018.03.06 06:47:20.030,0.72354,0.72364,2.81,2.32
2018.03.06 06:47:20.641,0.72354,0.72363,2.81,1.00
2018.03.06 06:47:21.137,0.72356,0.72366,1.31,1.20
2018.03.06 06:47:22.115,0.72356,0.72366,1.00,1.57
2018.03.06 06:47:22.219,0.72354,0.72364,1.50,1.50
2018.03.06 06:47:22.782,0.72355,0.72365,1.00,3.07
2018.03.06 06:47:23.334,0.72354,0.72364,1.50,3.07
2018.03.06 06:47:23.386,0.72356,0.72364,1.00,1.20
2018.03.06 06:47:23.439,0.72356,0.72365,1.00,1.20
2018.03.06 06:47:24.047,0.72356,0.72366,2.25,1.20
2018.03.06 06:47:25.361,0.72358,0.72366,1.00,1.10
2018.03.06 06:47:26.478,0.72358,0.72366,1.00,1.20
2018.03.06 06:47:27.117,0.72358,0.72366,1.00,1.20
2018.03.06 06:47:29.290,0.72358,0.72368,1.87,1.20
2018.03.06 06:47:29.655,0.72359,0.72369,1.50,1.10
2018.03.06 06:47:30.207,0.72358,0.72369,1.50,1.39
2018.03.06 06:47:30.547,0.72358,0.72366,1.00,1.00
2018.03.06 06:47:30.907,0.72359,0.72369,1.00,1.45
2018.03.06 06:47:31.023,0.72361,0.72369,1.00,1.45
2018.03.06 06:47:31.542,0.7236,0.72369,1.00,1.20
2018.03.06 06:47:31.752,0.72357,0.72367,1.00,1.25
2018.03.06 06:47:32.299,0.72356,0.72367,3.19,1.20
2018.03.06 06:47:33.625,0.72357,0.72367,1.00,1.20
2018.03.06 06:47:33.918,0.72359,0.72369,1.00,3.07
2018.03.06 06:47:34.449,0.72359,0.72369,1.00,1.95
2018.03.06 06:47:35.749,0.72359,0.72369,1.00,1.20
2018.03.06 06:47:36.094,0.72357,0.72366,1.00,1.20
2018.03.06 06:47:37.210,0.72358,0.72366,1.00,1.20
2018.03.06 06:47:39.963,0.72355,0.72364,1.12,1.10
2018.03.06 06:47:40.015,0.72353,0.72363,1.12,1.00
2018.03.06 06:47:40.556,0.72354,0.72362,1.00,2.51
2018.03.06 06:47:40.898,0.72352,0.72362,1.00,2.14
2018.03.06 06:47:41.629,0.72351,0.72361,1.00,1.39
2018.03.06 06:47:41.680,0.72351,0.72361,1.00,1.70
2018.03.06 06:47:41.988,0.72353,0.72361,1.00,1.20
2018.03.06 06:47:44.001,0.72352,0.72362,3.00,1.20
2018.03.06 06:47:44.209,0.7235,0.7236,1.00,1.10
2018.03.06 06:47:44.261,0.7235,0.7236,1.87,1.39
2018.03.06 06:47:44.646,0.7235,0.72361,1.00,1.10
2018.03.06 06:47:44.698,0.72351,0.72359,1.00,1.10
2018.03.06 06:47:44.802,0.72349,0.7236,1.00,1.20
2018.03.06 06:47:45.319,0.72349,0.7236,1.00,1.57
2018.03.06 06:47:46.444,0.72349,0.7236,1.00,2.32
2018.03.06 06:47:46.948,0.72349,0.7236,1.00,1.57
2018.03.06 06:47:47.980,0.72348,0.72359,1.12,1.20
2018.03.06 06:47:48.913,0.72348,0.72359,1.00,1.39
2018.03.06 06:47:48.965,0.7235,0.72358,1.00,1.10
2018.03.06 06:47:49.533,0.7235,0.72358,1.00,1.39
2018.03.06 06:47:49.636,0.72347,0.72358,1.00,1.39
2018.03.06 06:47:49.951,0.72347,0.72358,1.00,1.76
2018.03.06 06:47:52.746,0.72347,0.72358,1.00,1.45
2018.03.06 06:47:53.261,0.72348,0.72358,1.12,1.20
2018.03.06 06:47:53.365,0.7235,0.7236,1.00,1.45
2018.03.06 06:47:53.416,0.72351,0.72362,1.00,2.32
2018.03.06 06:47:54.487,0.72351,0.72362,1.31,2.32
2018.03.06 06:47:55.298,0.72351,0.72362,1.12,2.32
2018.03.06 06:47:55.477,0.72351,0.72362,1.12,2.32
2018.03.06 06:47:56.505,0.72351,0.72362,1.31,2.89
2018.03.06 06:47:56.945,0.72351,0.72361,1.12,1.20
2018.03.06 06:47:57.539,0.72351,0.72362,1.00,2.89
2018.03.06 06:47:58.958,0.72351,0.72362,1.12,2.32
2018.03.06 06:47:59.304,0.72352,0.72363,1.69,3.45
2018.03.06 06:47:59.826,0.72353,0.72363,1.00,3.82
2018.03.06 06:48:00.381,0.72353,0.72363,1.00,2.32
2018.03.06 06:48:02.008,0.72354,0.72364,2.25,1.45
2018.03.06 06:48:02.545,0.72354,0.72364,1.50,1.95
2018.03.06 06:48:03.225,0.72354,0.72363,1.00,1.57
2018.03.06 06:48:03.328,0.72352,0.72362,1.00,1.12
2018.03.06 06:48:03.866,0.72352,0.72362,1.00,2.32
2018.03.06 06:48:04.524,0.72351,0.72362,1.87,2.32
2018.03.06 06:48:05.888,0.72354,0.72361,1.00,1.10
2018.03.06 06:48:05.991,0.72356,0.72364,1.00,1.95
2018.03.06 06:48:06.197,0.72354,0.72364,1.00,2.89
2018.03.06 06:48:12.457,0.72352,0.72362,1.00,2.74
2018.03.06 06:48:13.787,0.72355,0.72363,1.00,1.45
2018.03.06 06:48:13.955,0.72355,0.72364,1.50,1.45
2018.03.06 06:48:16.291,0.72355,0.72365,1.00,2.89
2018.03.06 06:48:16.447,0.72357,0.72367,1.00,2.92
2018.03.06 06:48:16.550,0.72358,0.72367,1.00,1.45
2018.03.06 06:48:23.851,0.72359,0.72364,1.00,3.00
2018.03.06 06:48:23.948,0.72352,0.7236,1.50,1.00
2018.03.06 06:48:23.999,0.7235,0.72359,1.12,1.31
2018.03.06 06:48:24.660,0.7235,0.72359,1.50,2.32
2018.03.06 06:48:27.024,0.7235,0.72359,1.50,1.57
2018.03.06 06:48:27.540,0.7235,0.72359,1.50,1.95
2018.03.06 06:48:29.224,0.7235,0.72359,1.12,1.20
2018.03.06 06:48:30.121,0.72349,0.72358,1.50,1.00
2018.03.06 06:48:30.660,0.7235,0.72359,1.12,1.39
2018.03.06 06:48:31.463,0.7235,0.72359,1.12,1.45
2018.03.06 06:48:32.723,0.7235,0.7236,1.12,2.51
2018.03.06 06:48:34.201,0.7235,0.72358,1.12,1.00
2018.03.06 06:48:34.950,0.72349,0.7236,1.12,3.26
2018.03.06 06:48:47.776,0.7235,0.72358,1.00,1.39
2018.03.06 06:48:48.593,0.7235,0.72358,1.00,1.95
2018.03.06 06:48:48.645,0.72348,0.72359,1.00,4.57
2018.03.06 06:48:49.222,0.72348,0.72356,1.00,1.95
2018.03.06 06:48:49.824,0.72347,0.72356,1.00,3.07
2018.03.06 06:48:49.876,0.72345,0.72356,1.00,4.20
2018.03.06 06:48:50.408,0.72346,0.72356,1.00,3.82
2018.03.06 06:48:50.595,0.72346,0.72356,1.00,3.60
2018.03.06 06:48:51.132,0.72345,0.72355,1.00,2.25
2018.03.06 06:48:52.150,0.72347,0.72357,1.12,4.39
2018.03.06 06:48:52.202,0.72347,0.72357,1.50,1.10
2018.03.06 06:48:52.765,0.72348,0.72359,1.50,1.50
2018.03.06 06:48:54.669,0.72348,0.72358,1.00,1.91
2018.03.06 06:48:55.208,0.72347,0.72358,1.57,1.54
2018.03.06 06:48:57.290,0.72347,0.72357,1.57,1.00
2018.03.06 06:48:59.204,0.72347,0.72357,2.70,1.50
2018.03.06 06:48:59.762,0.72347,0.72357,1.50,1.00
2018.03.06 06:49:01.726,0.72346,0.72356,1.50,1.00
2018.03.06 06:49:02.182,0.72344,0.72354,1.20,1.00
2018.03.06 06:49:04.987,0.72343,0.72354,2.25,1.87
2018.03.06 06:49:05.974,0.72345,0.72354,1.12,2.81
2018.03.06 06:49:06.476,0.72343,0.72353,1.50,1.50
2018.03.06 06:49:07.000,0.72342,0.72352,2.25,1.50
2018.03.06 06:49:07.529,0.72343,0.72353,1.87,1.00
2018.03.06 06:49:08.137,0.72343,0.72352,1.50,1.00
2018.03.06 06:49:15.827,0.72346,0.72354,1.00,1.00
2018.03.06 06:49:16.222,0.72346,0.72356,1.50,1.00
2018.03.06 06:49:21.855,0.72345,0.72354,1.00,1.30
2018.03.06 06:49:22.390,0.72343,0.72354,1.50,2.47
2018.03.06 06:49:24.741,0.72343,0.72354,1.50,4.31
2018.03.06 06:49:25.272,0.72343,0.72354,1.87,3.00
2018.03.06 06:49:28.039,0.72345,0.72354,1.00,1.00
2018.03.06 06:49:28.493,0.72348,0.72357,1.00,1.00
2018.03.06 06:49:32.744,0.72348,0.72358,1.69,1.12
2018.03.06 06:49:35.143,0.72351,0.72359,1.12,1.00
2018.03.06 06:49:35.842,0.7235,0.7236,2.25,1.00
2018.03.06 06:49:36.765,0.7235,0.72361,1.50,1.12
2018.03.06 06:49:37.076,0.72347,0.72358,1.20,1.12
2018.03.06 06:49:37.832,0.72347,0.72357,1.00,1.12
2018.03.06 06:49:40.291,0.72347,0.72357,1.00,1.62
2018.03.06 06:49:40.802,0.72347,0.72357,1.00,1.12
2018.03.06 06:49:41.417,0.72347,0.72357,2.51,1.00
2018.03.06 06:49:45.645,0.72347,0.72357,1.12,1.00
2018.03.06 06:49:46.205,0.72346,0.72357,1.12,3.97
2018.03.06 06:49:47.176,0.72346,0.72357,1.00,2.47
2018.03.06 06:49:48.448,0.72346,0.72356,1.00,1.00
2018.03.06 06:49:52.741,0.72345,0.72355,1.87,1.00
2018.03.06 06:49:55.249,0.72345,0.72354,3.00,1.00
2018.03.06 06:49:55.877,0.72345,0.72355,2.25,1.00
2018.03.06 06:50:00.160,0.72346,0.72355,2.25,1.00
2018.03.06 06:50:05.136,0.72347,0.72357,1.87,1.31
2018.03.06 06:50:07.067,0.72347,0.72356,1.00,3.37
2018.03.06 06:50:07.662,0.72347,0.72357,1.12,2.44
2018.03.06 06:50:08.208,0.72346,0.72356,2.25,1.00
2018.03.06 06:50:15.796,0.72346,0.72355,1.50,1.00
2018.03.06 06:50:16.330,0.72345,0.72355,4.12,1.37
2018.03.06 06:50:16.981,0.72345,0.72355,2.25,1.00
2018.03.06 06:50:18.078,0.72345,0.72355,2.62,1.50
2018.03.06 06:50:18.579,0.72345,0.72355,2.62,1.31
2018.03.06 06:50:21.882,0.72345,0.72355,3.07,1.00
2018.03.06 06:50:23.210,0.72348,0.72357,1.00,2.10
2018.03.06 06:50:23.418,0.7235,0.72358,1.37,1.00
2018.03.06 06:50:23.573,0.72353,0.72363,2.62,1.87
2018.03.06 06:50:24.092,0.72353,0.72363,2.25,1.50
2018.03.06 06:50:24.689,0.72351,0.72361,3.45,1.25
2018.03.06 06:50:24.930,0.72347,0.72357,1.12,1.00
2018.03.06 06:50:25.531,0.72347,0.72357,1.12,2.47
2018.03.06 06:50:27.412,0.72347,0.72354,1.12,1.00
2018.03.06 06:50:28.048,0.72345,0.72355,3.00,1.00
2018.03.06 06:50:35.663,0.72346,0.72356,1.87,1.12
2018.03.06 06:50:36.292,0.72347,0.72357,1.50,1.50
2018.03.06 06:50:36.601,0.72348,0.72355,1.00,1.00
2018.03.06 06:50:40.641,0.72346,0.72355,1.50,1.00
2018.03.06 06:50:43.722,0.72348,0.72356,1.12,1.00
2018.03.06 06:50:48.285,0.72347,0.72356,1.00,1.00
2018.03.06 06:50:50.675,0.72346,0.72356,1.87,1.12
2018.03.06 06:50:51.361,0.72346,0.72355,1.12,1.00
2018.03.06 06:50:52.022,0.72346,0.72355,1.37,1.12
2018.03.06 06:50:53.053,0.72346,0.72355,1.37,2.06
2018.03.06 06:50:53.671,0.72346,0.72355,1.37,1.31
2018.03.06 06:50:54.332,0.72346,0.72355,1.12,1.00
2018.03.06 06:51:12.497,0.72346,0.72356,1.50,1.35
2018.03.06 06:51:13.108,0.72346,0.72356,1.12,1.91
2018.03.06 06:51:14.549,0.72345,0.72352,1.00,1.00
2018.03.06 06:51:15.060,0.72345,0.72353,1.00,1.12
2018.03.06 06:51:17.579,0.72345,0.72353,1.00,1.50
2018.03.06 06:51:20.269,0.72345,0.72353,1.00,1.12
2018.03.06 06:51:23.453,0.72346,0.72355,1.00,1.37
2018.03.06 06:51:23.624,0.72347,0.72357,2.25,1.00
2018.03.06 06:51:24.144,0.72348,0.72358,4.12,2.44
2018.03.06 06:51:24.585,0.72353,0.72361,1.00,1.20
2018.03.06 06:51:25.239,0.72351,0.72361,3.82,1.00
2018.03.06 06:51:26.067,0.72351,0.72361,2.32,1.50
2018.03.06 06:51:26.220,0.7235,0.72359,1.20,1.50
2018.03.06 06:51:26.749,0.72349,0.72358,1.00,1.31
2018.03.06 06:51:26.906,0.72346,0.72356,1.00,2.29
2018.03.06 06:51:26.958,0.72346,0.72354,1.00,1.00
2018.03.06 06:51:27.309,0.72344,0.72354,1.00,1.31
2018.03.06 06:51:30.123,0.72346,0.72354,1.00,1.00
2018.03.06 06:51:30.227,0.72346,0.72356,1.00,1.50
2018.03.06 06:51:31.369,0.72346,0.72354,1.00,1.00
2018.03.06 06:51:33.745,0.72344,0.72353,1.00,1.50
2018.03.06 06:51:33.849,0.72344,0.72351,1.00,1.00
2018.03.06 06:51:37.371,0.72342,0.72352,2.32,2.25
2018.03.06 06:51:38.311,0.72343,0.72351,1.00,1.12
2018.03.06 06:51:38.841,0.72341,0.72349,1.00,1.00
2018.03.06 06:51:39.352,0.7234,0.72349,1.00,1.00
2018.03.06 06:51:40.384,0.7234,0.72348,1.00,2.25
2018.03.06 06:51:40.974,0.72339,0.72348,1.12,3.00
2018.03.06 06:51:42.941,0.72339,0.72348,1.12,1.12
2018.03.06 06:51:49.933,0.72338,0.72348,1.50,2.81
2018.03.06 06:51:50.435,0.72338,0.72346,1.50,1.00
2018.03.06 06:51:50.766,0.72336,0.72346,1.50,1.00
2018.03.06 06:51:52.618,0.72337,0.72346,1.00,1.00
2018.03.06 06:51:53.909,0.72335,0.72345,1.00,4.87
2018.03.06 06:51:54.509,0.72336,0.72343,1.00,1.12
2018.03.06 06:51:55.853,0.72333,0.72343,1.12,1.50
2018.03.06 06:52:01.503,0.72332,0.72342,2.70,1.00
2018.03.06 06:52:02.321,0.72335,0.72344,1.00,2.06
2018.03.06 06:52:02.424,0.72333,0.72343,3.19,1.87
2018.03.06 06:52:08.602,0.72333,0.72343,1.87,2.44
2018.03.06 06:52:17.547,0.72332,0.72342,1.12,1.25
2018.03.06 06:52:17.601,0.72331,0.7234,2.70,1.00
2018.03.06 06:52:18.127,0.72332,0.72341,1.87,1.12
2018.03.06 06:52:20.101,0.72333,0.72343,1.12,2.32
2018.03.06 06:52:22.310,0.72335,0.72343,1.00,1.00
2018.03.06 06:52:22.827,0.72334,0.72343,1.00,1.00
2018.03.06 06:52:29.750,0.72335,0.72344,1.00,2.62
2018.03.06 06:52:30.290,0.72332,0.72342,1.57,2.25
2018.03.06 06:52:30.874,0.72333,0.72342,1.12,1.50
2018.03.06 06:52:31.555,0.72333,0.72342,1.50,1.50
2018.03.06 06:52:31.764,0.72333,0.72342,1.12,1.00
2018.03.06 06:52:31.816,0.72336,0.72343,1.00,1.12
2018.03.06 06:52:32.493,0.72335,0.72344,1.00,2.14
2018.03.06 06:52:34.906,0.72335,0.72343,1.00,1.00
2018.03.06 06:52:35.163,0.72333,0.72342,1.50,1.50
2018.03.06 06:52:39.338,0.72334,0.72341,1.00,1.00
2018.03.06 06:52:39.390,0.72335,0.72345,1.12,2.85
2018.03.06 06:52:39.442,0.72338,0.72345,1.00,1.00
2018.03.06 06:52:40.154,0.72338,0.72345,1.37,1.00
2018.03.06 06:52:40.994,0.72338,0.72345,1.87,1.00
2018.03.06 06:52:41.576,0.72338,0.72345,1.37,1.10
2018.03.06 06:52:43.245,0.72338,0.72345,1.00,1.00
2018.03.06 06:52:46.388,0.72338,0.72348,3.75,2.32
2018.03.06 06:52:46.571,0.7234,0.72349,2.25,1.95
2018.03.06 06:52:46.780,0.72343,0.72351,1.00,1.57
2018.03.06 06:52:47.622,0.72342,0.72351,1.87,1.20
2018.03.06 06:52:48.589,0.72343,0.72351,1.00,1.20
2018.03.06 06:52:49.147,0.72344,0.72351,1.12,1.10
2018.03.06 06:52:49.698,0.72344,0.72353,1.87,1.70
2018.03.06 06:52:49.957,0.72344,0.72353,1.12,1.70
2018.03.06 06:52:51.287,0.72344,0.72353,1.12,1.45
2018.03.06 06:52:55.800,0.72344,0.72353,1.12,1.45
2018.03.06 06:52:57.473,0.72344,0.72353,2.25,1.39
2018.03.06 06:52:59.410,0.72343,0.72352,1.50,1.10
2018.03.06 06:52:59.462,0.72343,0.72352,1.50,1.45
2018.03.06 06:53:01.730,0.72342,0.72351,1.37,1.57
2018.03.06 06:53:05.177,0.72342,0.72351,2.25,1.57
2018.03.06 06:53:05.732,0.72342,0.72351,1.87,1.20
2018.03.06 06:53:10.450,0.72343,0.72351,1.00,1.95
2018.03.06 06:53:11.066,0.72343,0.72351,1.00,1.57
2018.03.06 06:53:17.598,0.72342,0.72351,3.75,1.57
2018.03.06 06:53:21.021,0.72342,0.72351,2.62,1.20
2018.03.06 06:53:22.052,0.72345,0.72354,2.44,1.45
2018.03.06 06:53:22.156,0.72348,0.72355,1.12,1.57
2018.03.06 06:53:22.678,0.72348,0.72355,1.00,1.10
2018.03.06 06:53:23.224,0.72347,0.72355,1.87,1.10
2018.03.06 06:53:23.765,0.72346,0.72355,1.12,1.57
2018.03.06 06:53:24.267,0.72346,0.72355,1.12,1.57
2018.03.06 06:53:25.286,0.72346,0.72355,1.12,1.57
2018.03.06 06:53:25.967,0.72345,0.72354,2.25,1.76
2018.03.06 06:53:30.100,0.72341,0.72351,3.07,2.06
2018.03.06 06:53:30.162,0.72341,0.7235,1.12,1.00
2018.03.06 06:53:30.720,0.7234,0.7235,2.25,1.45
2018.03.06 06:53:33.338,0.72339,0.72349,1.00,1.57
2018.03.06 06:53:33.971,0.72339,0.72348,1.00,1.70
2018.03.06 06:53:34.633,0.72339,0.72348,1.00,1.70
2018.03.06 06:53:39.061,0.72335,0.72345,1.12,1.57
2018.03.06 06:53:41.663,0.72335,0.72345,1.00,1.45
2018.03.06 06:53:42.210,0.72335,0.72345,1.00,2.32
2018.03.06 06:53:42.262,0.72333,0.72343,2.06,1.39
2018.03.06 06:53:48.837,0.72333,0.72343,1.12,1.45
2018.03.06 06:53:49.517,0.72332,0.72342,1.50,3.64
2018.03.06 06:53:50.121,0.72331,0.72341,1.00,1.57
2018.03.06 06:53:51.250,0.72331,0.72341,1.00,1.76
2018.03.06 06:53:52.274,0.7233,0.72339,1.00,1.10
2018.03.06 06:53:52.756,0.72328,0.72338,1.00,1.10
2018.03.06 06:53:52.862,0.72328,0.72338,1.00,1.70
2018.03.06 06:53:54.513,0.72328,0.72338,1.69,1.20
2018.03.06 06:53:54.740,0.7233,0.72339,1.00,1.57
2018.03.06 06:53:57.562,0.72329,0.72339,2.25,1.20
2018.03.06 06:53:58.810,0.72331,0.72339,1.00,1.10
2018.03.06 06:54:26.009,0.7233,0.7234,1.87,1.20
2018.03.06 06:54:26.951,0.7233,0.7234,1.87,1.20
2018.03.06 06:54:28.381,0.7233,0.7234,1.37,1.57
2018.03.06 06:54:31.562,0.72332,0.7234,1.00,1.57
2018.03.06 06:54:35.926,0.72332,0.7234,1.00,1.95
2018.03.06 06:54:36.079,0.72329,0.72336,1.25,1.12
2018.03.06 06:54:36.131,0.72328,0.72336,1.12,1.75
2018.03.06 06:54:36.544,0.72329,0.72337,1.12,3.45
2018.03.06 06:54:37.202,0.7233,0.72338,1.00,1.45
2018.03.06 06:54:37.742,0.72328,0.72337,1.50,1.00
2018.03.06 06:54:39.591,0.72328,0.72337,1.00,1.76
2018.03.06 06:54:43.241,0.72329,0.72337,1.00,1.20
2018.03.06 06:54:43.830,0.72329,0.72339,1.12,2.32
2018.03.06 06:54:44.436,0.7233,0.72339,1.25,1.10
2018.03.06 06:54:44.540,0.72332,0.72339,1.00,1.20
2018.03.06 06:54:45.622,0.7233,0.7234,1.31,1.57
2018.03.06 06:54:46.144,0.7233,0.7234,1.12,1.57
2018.03.06 06:54:53.921,0.72329,0.72339,2.25,1.57
2018.03.06 06:54:54.480,0.72329,0.72339,1.50,1.95
2018.03.06 06:54:55.615,0.72328,0.72337,1.00,1.20
2018.03.06 06:54:56.202,0.72328,0.72337,1.00,1.95
2018.03.06 06:54:56.745,0.72328,0.72337,1.00,1.39
2018.03.06 06:54:57.425,0.72327,0.72336,1.00,1.95
2018.03.06 06:54:58.975,0.72327,0.72336,1.00,1.39
2018.03.06 06:54:59.555,0.72327,0.72336,1.00,1.70
2018.03.06 06:55:01.019,0.72327,0.72336,1.00,3.30
2018.03.06 06:55:01.173,0.72325,0.72335,1.12,1.76
2018.03.06 06:55:01.745,0.72325,0.72335,1.00,1.00
2018.03.06 06:55:02.990,0.72325,0.72335,1.00,2.06
2018.03.06 06:55:03.497,0.72325,0.72335,1.00,1.69
2018.03.06 06:55:04.040,0.72324,0.72334,1.00,1.25
2018.03.06 06:55:06.125,0.72324,0.72333,1.00,1.25
2018.03.06 06:55:06.484,0.72323,0.72333,1.00,6.04
2018.03.06 06:55:07.172,0.72321,0.72331,1.87,1.12
2018.03.06 06:55:07.224,0.72321,0.72331,3.00,1.12
2018.03.06 06:55:07.477,0.72323,0.72333,1.50,1.00
2018.03.06 06:55:08.654,0.72323,0.72333,1.50,1.12
2018.03.06 06:55:10.620,0.72323,0.72333,1.87,1.00
2018.03.06 06:55:11.150,0.72323,0.72333,1.87,1.12
2018.03.06 06:55:13.532,0.72325,0.72333,1.12,1.00
2018.03.06 06:55:13.586,0.72325,0.72335,1.69,1.57
2018.03.06 06:55:29.425,0.72326,0.72335,3.75,1.00
2018.03.06 06:55:29.966,0.72326,0.72335,3.37,1.00
2018.03.06 06:55:30.534,0.72326,0.72336,3.75,1.00
2018.03.06 06:55:31.092,0.72326,0.72336,3.00,1.00
2018.03.06 06:55:31.613,0.72326,0.72336,2.44,1.00
2018.03.06 06:55:32.329,0.72328,0.72337,2.44,1.00
2018.03.06 06:55:32.677,0.72332,0.72339,1.00,1.00
2018.03.06 06:55:32.881,0.72333,0.72342,1.50,1.50
2018.03.06 06:55:33.460,0.72333,0.72343,1.12,1.50
2018.03.06 06:55:39.620,0.72334,0.72341,1.00,1.00
2018.03.06 06:55:46.620,0.72335,0.72344,2.81,1.00
2018.03.06 06:55:47.628,0.72335,0.72344,1.12,1.35
2018.03.06 06:55:48.261,0.72334,0.72344,1.50,2.29
2018.03.06 06:55:48.973,0.72334,0.72343,1.00,1.25
2018.03.06 06:55:49.179,0.72333,0.7234,1.12,1.00
2018.03.06 06:55:49.770,0.72333,0.72341,1.12,1.00
2018.03.06 06:55:51.129,0.72333,0.72342,1.12,1.12
2018.03.06 06:55:51.559,0.72335,0.72342,1.00,1.00
2018.03.06 06:55:52.568,0.72336,0.72345,1.00,1.00
2018.03.06 06:55:56.945,0.72336,0.72345,1.00,2.81
2018.03.06 06:55:57.210,0.72337,0.72346,1.00,2.06
2018.03.06 06:55:57.889,0.72338,0.72347,1.00,1.00
2018.03.06 06:56:00.539,0.72338,0.72347,1.50,1.00
2018.03.06 06:56:00.643,0.7234,0.7235,1.37,1.20
2018.03.06 06:56:05.122,0.72341,0.72349,1.00,1.00
2018.03.06 06:56:05.638,0.72339,0.72348,1.37,1.10
2018.03.06 06:56:06.861,0.72339,0.72349,1.00,1.95
2018.03.06 06:56:07.393,0.72339,0.72349,1.00,1.95
2018.03.06 06:56:08.832,0.72339,0.72349,1.00,1.95
2018.03.06 06:56:10.030,0.72339,0.72349,1.00,1.95
2018.03.06 06:56:12.264,0.72339,0.72349,1.00,1.57
2018.03.06 06:56:13.083,0.72339,0.72349,1.00,1.76
2018.03.06 06:56:15.121,0.7234,0.72348,2.44,1.20
2018.03.06 06:56:15.500,0.7234,0.7235,1.50,2.32
2018.03.06 06:56:15.915,0.7234,0.72349,1.00,1.45
2018.03.06 06:56:17.374,0.7234,0.72349,1.12,1.95
2018.03.06 06:56:17.907,0.7234,0.72349,1.00,1.95
2018.03.06 06:56:18.438,0.72339,0.72348,1.00,1.20
2018.03.06 06:56:19.025,0.72339,0.72347,1.00,1.20
2018.03.06 06:56:20.032,0.72341,0.72348,1.00,1.20
2018.03.06 06:56:20.535,0.7234,0.72348,1.00,1.45
2018.03.06 06:56:21.046,0.72339,0.72348,1.00,1.20
2018.03.06 06:56:21.556,0.72339,0.72349,1.00,3.26
2018.03.06 06:56:22.242,0.72339,0.72347,1.00,1.57
2018.03.06 06:56:22.967,0.72339,0.72349,1.00,4.57
2018.03.06 06:56:24.398,0.7234,0.72349,1.00,4.57
2018.03.06 06:56:24.945,0.7234,0.72349,1.00,1.95
2018.03.06 06:56:25.483,0.72339,0.72348,1.00,1.45
2018.03.06 06:56:25.743,0.7234,0.7235,1.00,2.32
2018.03.06 06:56:26.301,0.72341,0.72349,1.00,1.45
2018.03.06 06:56:26.405,0.72341,0.72351,1.00,3.07
2018.03.06 06:56:27.340,0.72341,0.72349,1.12,1.20
2018.03.06 06:56:27.392,0.72341,0.7235,1.12,1.20
2018.03.06 06:56:27.943,0.72341,0.7235,1.12,1.70
2018.03.06 06:56:28.551,0.72341,0.7235,1.00,1.57
2018.03.06 06:56:28.791,0.7234,0.72349,1.00,1.45
2018.03.06 06:56:30.196,0.7234,0.72348,1.00,1.95
2018.03.06 06:56:30.711,0.7234,0.72348,1.00,1.39
2018.03.06 06:56:32.495,0.7234,0.72348,1.00,1.45
2018.03.06 06:56:32.596,0.7234,0.72349,1.00,2.14
2018.03.06 06:56:33.105,0.7234,0.72349,1.00,1.95
2018.03.06 06:56:33.617,0.7234,0.72349,1.00,1.39
2018.03.06 06:56:34.144,0.72341,0.72349,1.00,1.95
2018.03.06 06:56:34.655,0.72341,0.72349,1.00,2.32
2018.03.06 06:56:36.812,0.7234,0.72349,1.00,2.70
2018.03.06 06:56:37.593,0.72341,0.72349,1.00,2.32
2018.03.06 06:56:38.279,0.72341,0.72349,1.00,1.20
2018.03.06 06:56:39.397,0.72342,0.7235,1.00,1.57
2018.03.06 06:56:39.914,0.72342,0.7235,1.00,1.00
2018.03.06 06:56:40.619,0.72342,0.72351,1.00,1.10
2018.03.06 06:56:43.754,0.72344,0.72352,1.00,1.57
2018.03.06 06:56:44.132,0.72342,0.72352,1.00,1.20
2018.03.06 06:56:44.652,0.72342,0.72351,1.00,1.10
2018.03.06 06:56:45.446,0.72342,0.7235,1.00,1.00
2018.03.06 06:56:46.487,0.72342,0.7235,1.00,1.57
2018.03.06 06:56:46.590,0.72342,0.7235,1.00,1.57
2018.03.06 06:56:47.112,0.72342,0.7235,1.00,1.57
2018.03.06 06:56:48.412,0.72343,0.72351,1.00,1.20
2018.03.06 06:56:48.618,0.72345,0.72355,1.00,2.89
2018.03.06 06:56:52.564,0.72345,0.72355,1.00,1.70
2018.03.06 06:56:53.113,0.72346,0.72356,1.00,1.57
2018.03.06 06:56:56.243,0.72346,0.72356,1.00,1.95
2018.03.06 06:56:56.811,0.72346,0.72356,1.00,1.95
2018.03.06 06:57:01.521,0.72347,0.72357,1.00,2.32
2018.03.06 06:57:01.778,0.72347,0.72357,1.00,2.14
2018.03.06 06:57:05.111,0.72347,0.72357,1.50,1.20
2018.03.06 06:57:08.309,0.72347,0.72357,1.50,2.70
2018.03.06 06:57:09.002,0.72347,0.72357,1.50,2.70
2018.03.06 06:57:10.947,0.72347,0.72356,1.00,1.25
2018.03.06 06:57:11.908,0.72346,0.72356,1.00,2.62
2018.03.06 06:57:14.228,0.72346,0.72355,1.00,1.00
2018.03.06 06:57:18.314,0.72346,0.72356,1.00,1.00
2018.03.06 06:57:18.853,0.72347,0.72357,1.00,2.32
2018.03.06 06:57:19.317,0.72349,0.72358,1.00,1.57
2018.03.06 06:57:19.442,0.72349,0.72358,1.00,1.10
2018.03.06 06:57:20.651,0.7235,0.72359,1.00,1.45
2018.03.06 06:57:20.906,0.72351,0.7236,1.37,1.20
2018.03.06 06:57:21.261,0.72352,0.72362,1.37,1.57
2018.03.06 06:57:24.206,0.72352,0.72362,1.00,4.20
2018.03.06 06:57:24.310,0.7235,0.72361,1.87,3.45
2018.03.06 06:57:24.362,0.7235,0.7236,1.12,1.57
2018.03.06 06:57:27.453,0.7235,0.72358,1.00,1.00
2018.03.06 06:57:27.934,0.72349,0.72357,1.00,1.95
2018.03.06 06:57:28.523,0.72347,0.72357,2.25,1.45
2018.03.06 06:57:29.552,0.72347,0.72357,1.50,1.57
2018.03.06 06:57:30.380,0.72345,0.72356,1.00,2.32
2018.03.06 06:57:30.701,0.72345,0.72356,1.00,3.07
2018.03.06 06:57:31.586,0.72345,0.72354,1.00,1.39
2018.03.06 06:57:32.156,0.72345,0.72355,1.00,1.39
2018.03.06 06:57:33.076,0.72345,0.72356,1.00,4.76
2018.03.06 06:57:33.585,0.72346,0.72356,1.00,1.50
2018.03.06 06:57:34.116,0.72347,0.72356,1.00,1.12
2018.03.06 06:57:34.628,0.72347,0.72357,1.00,1.00
2018.03.06 06:57:35.517,0.72348,0.72358,1.00,1.00
2018.03.06 06:57:35.844,0.7235,0.7236,1.00,1.20
2018.03.06 06:57:36.447,0.72351,0.72361,1.00,3.75
2018.03.06 06:57:37.886,0.72351,0.72361,1.50,1.50
2018.03.06 06:57:39.971,0.72351,0.72359,1.00,1.00
2018.03.06 06:57:41.778,0.72351,0.72359,1.00,3.00
2018.03.06 06:57:41.882,0.72348,0.72358,1.50,1.12
2018.03.06 06:57:43.737,0.72349,0.72358,1.00,1.00
2018.03.06 06:57:43.841,0.72351,0.72359,1.00,1.12
2018.03.06 06:57:44.398,0.7235,0.7236,1.00,3.00
2018.03.06 06:57:55.093,0.7235,0.7236,1.00,1.57
2018.03.06 06:57:56.122,0.7235,0.7236,1.00,1.57
2018.03.06 06:58:00.640,0.72351,0.72361,1.00,2.25
