2018.03.22 08:00:00.449,0.72472,0.72484,3.26,1.00
2018.03.22 08:00:01.165,0.72473,0.72484,1.07,1.07
2018.03.22 08:00:01.694,0.72473,0.72485,1.07,3.07
2018.03.22 08:00:02.208,0.72472,0.72484,1.07,1.57
2018.03.22 08:00:02.755,0.72473,0.72485,1.07,2.32
2018.03.22 08:00:03.299,0.72473,0.72484,1.07,1.00
2018.03.22 08:00:03.828,0.72472,0.72484,1.07,3.82
2018.03.22 08:00:04.034,0.7247,0.72481,1.57,1.05
2018.03.22 08:00:04.367,0.72467,0.72479,3.82,1.10
2018.03.22 08:00:04.710,0.72467,0.72479,3.45,1.10
2018.03.22 08:00:05.357,0.72467,0.72478,1.07,1.57
2018.03.22 08:00:05.409,0.72464,0.72476,1.57,1.12
2018.03.22 08:00:05.511,0.72463,0.72476,3.45,2.14
2018.03.22 08:00:05.771,0.72466,0.72476,1.00,1.10
2018.03.22 08:00:06.288,0.72466,0.72477,1.57,1.10
2018.03.22 08:00:08.443,0.72466,0.72477,1.57,1.57
2018.03.22 08:00:09.378,0.72466,0.72477,1.57,1.10
2018.03.22 08:00:09.925,0.72466,0.72474,1.00,1.20
2018.03.22 08:00:10.085,0.72462,0.72474,3.64,1.20
2018.03.22 08:00:10.577,0.72464,0.72475,1.57,1.95
2018.03.22 08:00:10.680,0.72466,0.72476,1.10,1.00
2018.03.22 08:00:11.263,0.72465,0.72477,1.57,1.57
2018.03.22 08:00:12.199,0.72464,0.72474,1.07,1.00
2018.03.22 08:00:12.499,0.72463,0.72474,1.57,1.10
2018.03.22 08:00:12.706,0.72462,0.72472,1.07,1.00
2018.03.22 08:00:13.235,0.72462,0.72472,1.00,1.10
2018.03.22 08:00:13.573,0.7246,0.72468,1.10,1.00
2018.03.22 08:00:14.099,0.72458,0.72467,1.95,1.00
2018.03.22 08:00:14.403,0.72458,0.72465,1.07,1.00
2018.03.22 08:00:14.945,0.72458,0.72466,1.10,1.00
2018.03.22 08:00:18.378,0.72457,0.72464,2.32,1.00
2018.03.22 08:00:18.737,0.72453,0.72462,2.70,1.00
2018.03.22 08:00:18.860,0.72452,0.72461,1.95,1.00
2018.03.22 08:00:18.912,0.7245,0.72459,2.70,1.00
2018.03.22 08:00:19.116,0.7245,0.72459,2.32,1.00
2018.03.22 08:00:19.814,0.72451,0.7246,1.10,1.00
2018.03.22 08:00:20.459,0.72451,0.7246,2.32,1.00
2018.03.22 08:00:21.021,0.72451,0.7246,3.07,1.00
2018.03.22 08:00:21.717,0.72453,0.72461,1.57,1.00
2018.03.22 08:00:22.222,0.72453,0.72462,1.10,1.50
2018.03.22 08:00:22.375,0.72452,0.7246,2.32,1.00
2018.03.22 08:00:22.702,0.72456,0.72463,1.00,1.00
2018.03.22 08:00:23.014,0.72456,0.72465,1.50,1.00
2018.03.22 08:00:23.515,0.72456,0.72465,1.57,1.00
2018.03.22 08:00:24.028,0.72456,0.72465,1.57,1.00
2018.03.22 08:00:24.558,0.72454,0.72462,1.57,1.00
2018.03.22 08:00:25.081,0.72456,0.72463,1.00,1.00
2018.03.22 08:00:25.702,0.72456,0.72464,1.00,1.00
2018.03.22 08:00:27.447,0.72455,0.72464,1.10,1.00
2018.03.22 08:00:27.957,0.72454,0.72463,2.70,1.00
2018.03.22 08:00:28.484,0.72454,0.72463,1.95,1.00
2018.03.22 08:00:29.366,0.72454,0.72463,3.07,1.00
2018.03.22 08:00:29.603,0.72454,0.72463,1.95,1.00
2018.03.22 08:00:29.655,0.72453,0.72461,1.07,1.00
2018.03.22 08:00:29.706,0.72451,0.7246,2.32,1.00
2018.03.22 08:00:30.223,0.72451,0.7246,3.45,1.00
2018.03.22 08:00:30.377,0.72451,0.72457,1.20,1.00
2018.03.22 08:00:30.430,0.7245,0.72457,1.57,1.00
2018.03.22 08:00:30.560,0.7245,0.72459,1.50,1.00
2018.03.22 08:00:30.714,0.7245,0.72459,1.95,1.12
2018.03.22 08:00:31.062,0.7245,0.72459,1.57,1.12
2018.03.22 08:00:31.602,0.72451,0.7246,1.10,1.00
2018.03.22 08:00:32.194,0.72451,0.7246,1.07,1.00
2018.03.22 08:00:32.572,0.7245,0.72457,2.32,1.00
2018.03.22 08:00:33.229,0.7245,0.72457,1.57,1.00
2018.03.22 08:00:34.821,0.72449,0.72456,1.57,1.00
2018.03.22 08:00:35.336,0.72449,0.72456,1.00,1.00
2018.03.22 08:00:35.876,0.72447,0.72456,1.57,1.00
2018.03.22 08:00:36.384,0.72449,0.72457,1.07,1.00
2018.03.22 08:00:36.516,0.72451,0.72459,1.50,1.00
2018.03.22 08:00:36.720,0.72451,0.72457,1.10,1.00
2018.03.22 08:00:37.721,0.7245,0.72457,1.00,1.00
2018.03.22 08:00:38.528,0.7245,0.72459,1.57,1.10
2018.03.22 08:00:38.737,0.7245,0.72456,1.00,1.00
2018.03.22 08:00:39.254,0.72449,0.72456,2.32,1.00
2018.03.22 08:00:40.074,0.72452,0.72457,1.00,1.00
2018.03.22 08:00:40.125,0.7245,0.72457,3.00,1.00
2018.03.22 08:00:40.309,0.72451,0.7246,1.00,1.00
2018.03.22 08:00:44.701,0.72451,0.72458,1.00,1.00
2018.03.22 08:00:45.211,0.7245,0.72458,1.50,1.00
2018.03.22 08:00:45.936,0.72451,0.72459,1.12,1.00
2018.03.22 08:00:46.556,0.72451,0.7246,2.70,1.00
2018.03.22 08:00:47.661,0.72452,0.72461,1.12,1.00
2018.03.22 08:00:48.650,0.72455,0.72462,1.00,1.10
2018.03.22 08:00:48.909,0.72456,0.72464,1.50,1.00
2018.03.22 08:00:49.298,0.72459,0.72466,1.00,1.00
2018.03.22 08:00:49.815,0.72458,0.72465,2.62,1.00
2018.03.22 08:00:50.100,0.72458,0.72465,1.12,1.00
2018.03.22 08:00:51.027,0.72459,0.72465,1.00,1.00
2018.03.22 08:00:51.602,0.72458,0.72465,1.12,1.00
2018.03.22 08:00:52.906,0.72459,0.72467,1.12,1.10
2018.03.22 08:00:53.418,0.72459,0.72468,1.87,1.00
2018.03.22 08:00:53.522,0.72462,0.72469,1.37,1.00
2018.03.22 08:00:53.830,0.7246,0.72469,3.82,1.10
2018.03.22 08:00:57.665,0.7246,0.72468,1.12,1.00
2018.03.22 08:00:59.884,0.7246,0.72466,1.12,1.00
2018.03.22 08:01:00.232,0.72462,0.72469,1.00,1.00
2018.03.22 08:01:00.386,0.72463,0.72472,1.50,1.00
2018.03.22 08:01:00.437,0.72465,0.72472,1.00,1.00
2018.03.22 08:01:00.958,0.72465,0.72473,1.00,1.00
2018.03.22 08:01:03.031,0.72465,0.72472,1.00,1.00
2018.03.22 08:01:03.534,0.72465,0.72473,1.00,1.00
2018.03.22 08:01:03.847,0.72469,0.72476,1.87,1.00
2018.03.22 08:01:04.362,0.72469,0.72475,1.00,1.00
2018.03.22 08:01:04.672,0.72463,0.7247,1.07,1.00
2018.03.22 08:01:04.725,0.72461,0.7247,1.57,1.00
2018.03.22 08:01:05.237,0.72461,0.7247,1.95,1.00
2018.03.22 08:01:05.584,0.72459,0.72466,1.95,1.00
2018.03.22 08:01:06.097,0.72459,0.72466,1.00,1.00
2018.03.22 08:01:14.773,0.72459,0.72467,1.00,1.00
2018.03.22 08:01:15.490,0.72458,0.72467,2.32,1.10
2018.03.22 08:01:20.151,0.72458,0.72466,1.57,1.00
2018.03.22 08:01:23.517,0.72458,0.72467,3.45,1.00
2018.03.22 08:01:24.040,0.72458,0.72467,3.45,1.00
2018.03.22 08:01:25.989,0.72459,0.72467,1.07,1.00
2018.03.22 08:01:26.623,0.72459,0.72467,1.00,1.00
2018.03.22 08:01:33.930,0.7246,0.72467,1.00,1.00
2018.03.22 08:01:34.237,0.72458,0.72467,2.70,1.00
2018.03.22 08:01:34.769,0.72459,0.72467,1.00,1.00
2018.03.22 08:01:35.197,0.72461,0.72469,1.00,1.10
2018.03.22 08:01:35.737,0.7246,0.72468,1.10,1.00
2018.03.22 08:01:36.249,0.72459,0.72468,3.07,1.00
2018.03.22 08:01:37.059,0.72459,0.72467,1.10,1.00
2018.03.22 08:01:38.160,0.72458,0.72467,2.32,1.00
2018.03.22 08:01:39.617,0.72459,0.72467,1.00,1.00
2018.03.22 08:01:41.205,0.72459,0.72467,3.07,1.00
2018.03.22 08:01:41.739,0.72461,0.72468,1.00,1.00
2018.03.22 08:01:42.325,0.7246,0.72468,1.95,1.00
2018.03.22 08:01:42.631,0.72464,0.72471,1.00,1.00
2018.03.22 08:01:43.119,0.72465,0.72473,1.12,1.10
2018.03.22 08:01:43.170,0.72467,0.72474,1.00,1.00
2018.03.22 08:01:43.222,0.72467,0.72476,1.50,1.00
2018.03.22 08:01:43.478,0.72468,0.72477,5.32,1.00
2018.03.22 08:01:43.782,0.7247,0.72477,1.95,1.00
2018.03.22 08:01:44.331,0.72472,0.72478,2.32,1.00
2018.03.22 08:01:44.686,0.72469,0.72476,1.57,1.00
2018.03.22 08:01:45.198,0.72469,0.72476,1.57,1.00
2018.03.22 08:01:45.302,0.7247,0.72478,1.10,1.00
2018.03.22 08:01:46.056,0.72469,0.72478,5.32,1.00
2018.03.22 08:01:46.779,0.7247,0.72479,3.82,1.00
2018.03.22 08:01:47.352,0.7247,0.72479,1.07,1.00
2018.03.22 08:01:47.455,0.72473,0.72479,1.00,1.00
2018.03.22 08:01:47.506,0.72473,0.72481,1.00,1.50
2018.03.22 08:01:48.018,0.72473,0.7248,1.10,1.00
2018.03.22 08:01:48.172,0.72471,0.7248,1.10,1.00
2018.03.22 08:01:48.721,0.72471,0.7248,1.57,1.00
2018.03.22 08:01:48.825,0.7247,0.72478,1.07,1.00
2018.03.22 08:01:49.373,0.72471,0.72479,1.10,1.00
2018.03.22 08:01:50.177,0.72471,0.7248,1.57,1.00
2018.03.22 08:01:50.523,0.72471,0.7248,2.70,1.00
2018.03.22 08:01:51.031,0.72473,0.72481,1.95,1.00
2018.03.22 08:01:51.558,0.72474,0.72481,1.10,1.00
2018.03.22 08:01:52.124,0.72472,0.7248,1.95,1.00
2018.03.22 08:01:52.430,0.7247,0.72479,3.45,1.00
2018.03.22 08:01:52.481,0.72469,0.72477,1.45,1.00
2018.03.22 08:01:52.532,0.72469,0.72477,1.07,1.00
2018.03.22 08:01:52.736,0.72471,0.72479,1.00,1.00
2018.03.22 08:01:53.119,0.72473,0.7248,1.00,1.00
2018.03.22 08:01:53.532,0.72473,0.72482,1.76,1.00
2018.03.22 08:01:53.937,0.72476,0.72485,1.00,1.00
2018.03.22 08:01:54.467,0.72477,0.72486,1.10,1.00
2018.03.22 08:01:56.330,0.72477,0.72485,1.07,1.00
2018.03.22 08:01:56.537,0.72475,0.72484,1.07,1.00
2018.03.22 08:01:56.590,0.72473,0.72482,3.07,1.00
2018.03.22 08:01:57.104,0.72474,0.72483,1.07,1.00
2018.03.22 08:01:57.644,0.72473,0.72482,3.45,1.00
2018.03.22 08:01:57.849,0.72474,0.72485,1.10,1.20
2018.03.22 08:01:58.401,0.72474,0.72485,1.07,1.12
2018.03.22 08:01:58.919,0.72473,0.72485,1.95,1.95
2018.03.22 08:01:59.177,0.7247,0.72481,3.07,1.87
2018.03.22 08:01:59.681,0.7247,0.7248,1.07,1.10
2018.03.22 08:02:00.201,0.72472,0.72482,1.50,1.57
2018.03.22 08:02:00.460,0.72474,0.72484,1.10,1.00
2018.03.22 08:02:00.968,0.72474,0.72485,1.07,1.20
2018.03.22 08:02:01.121,0.72476,0.72486,1.95,1.00
2018.03.22 08:02:01.275,0.72478,0.72488,1.07,1.10
2018.03.22 08:02:02.177,0.72478,0.72488,1.00,1.10
2018.03.22 08:02:04.235,0.72478,0.72489,1.57,2.32
2018.03.22 08:02:05.988,0.72479,0.72489,1.00,1.57
2018.03.22 08:02:06.946,0.7248,0.72489,1.00,1.01
2018.03.22 08:02:08.594,0.7248,0.7249,1.00,3.64
2018.03.22 08:02:09.179,0.7248,0.7249,1.00,3.82
2018.03.22 08:02:09.693,0.72479,0.7249,1.50,3.82
2018.03.22 08:02:11.965,0.72479,0.7249,2.32,2.70
2018.03.22 08:02:14.278,0.72481,0.7249,1.12,1.95
2018.03.22 08:02:14.788,0.7248,0.7249,2.32,1.20
2018.03.22 08:02:19.565,0.7248,0.72491,1.10,4.57
2018.03.22 08:02:19.905,0.72479,0.72489,3.07,1.00
2018.03.22 08:02:20.419,0.72479,0.72489,2.32,1.37
2018.03.22 08:02:21.616,0.72479,0.72489,1.57,1.87
2018.03.22 08:02:22.149,0.72479,0.72488,1.57,1.00
2018.03.22 08:02:23.744,0.72479,0.72489,1.50,3.07
2018.03.22 08:02:24.826,0.72479,0.72489,1.50,2.32
2018.03.22 08:02:25.370,0.72479,0.72489,1.50,1.57
2018.03.22 08:02:25.905,0.7248,0.72489,1.50,2.25
2018.03.22 08:02:27.661,0.72479,0.72489,1.10,3.75
2018.03.22 08:02:29.092,0.72481,0.72489,1.00,3.00
2018.03.22 08:02:29.681,0.7248,0.72489,1.00,3.07
2018.03.22 08:02:33.908,0.7248,0.72488,1.50,1.00
2018.03.22 08:02:35.205,0.72481,0.72488,1.00,1.00
2018.03.22 08:02:37.864,0.7248,0.72488,1.00,1.00
2018.03.22 08:02:39.824,0.7248,0.72488,1.00,1.20
2018.03.22 08:02:40.466,0.72479,0.72488,1.50,1.20
2018.03.22 08:02:41.090,0.72479,0.72488,1.50,1.10
2018.03.22 08:02:41.925,0.72479,0.72488,1.50,1.45
2018.03.22 08:02:42.133,0.7248,0.7249,1.50,2.32
2018.03.22 08:02:44.347,0.7248,0.72487,1.00,1.00
2018.03.22 08:02:44.398,0.7248,0.7249,1.00,1.95
2018.03.22 08:02:53.584,0.72479,0.72489,1.00,1.57
2018.03.22 08:02:54.096,0.72479,0.72488,1.00,1.00
2018.03.22 08:02:54.557,0.72479,0.72484,1.00,1.00
2018.03.22 08:02:54.914,0.72479,0.72487,1.00,1.00
2018.03.22 08:02:55.522,0.72478,0.72487,2.62,1.00
2018.03.22 08:02:56.714,0.72478,0.72487,1.00,2.32
2018.03.22 08:02:57.502,0.72477,0.72487,1.00,1.20
2018.03.22 08:02:57.709,0.72474,0.72482,1.10,1.87
2018.03.22 08:02:57.864,0.72469,0.7248,4.57,1.87
2018.03.22 08:02:58.241,0.72468,0.72478,1.95,1.00
2018.03.22 08:02:58.840,0.72468,0.72478,1.10,2.32
2018.03.22 08:02:59.975,0.72467,0.72478,1.50,1.57
2018.03.22 08:03:00.511,0.72468,0.72478,1.00,1.45
2018.03.22 08:03:01.018,0.72468,0.72478,1.00,1.45
2018.03.22 08:03:03.383,0.72468,0.72478,1.00,1.95
2018.03.22 08:03:04.701,0.72468,0.72478,1.00,1.20
2018.03.22 08:03:05.847,0.72468,0.72478,1.00,1.45
2018.03.22 08:03:06.908,0.72468,0.72477,1.00,1.45
2018.03.22 08:03:07.702,0.72468,0.72477,1.00,1.95
2018.03.22 08:03:08.210,0.72467,0.72477,1.50,1.20
2018.03.22 08:03:09.019,0.72468,0.72477,1.00,1.95
2018.03.22 08:03:10.690,0.72467,0.72478,2.25,3.45
2018.03.22 08:03:15.729,0.72467,0.72477,2.25,1.20
2018.03.22 08:03:16.274,0.72468,0.72477,1.00,1.45
2018.03.22 08:03:17.377,0.72468,0.72478,1.00,1.45
2018.03.22 08:03:19.611,0.72467,0.72478,3.00,3.45
2018.03.22 08:03:20.147,0.72467,0.72476,1.50,1.57
2018.03.22 08:03:20.672,0.72466,0.72476,1.50,1.95
2018.03.22 08:03:20.830,0.72461,0.72471,1.00,2.70
2018.03.22 08:03:20.882,0.7246,0.72469,3.45,1.00
2018.03.22 08:03:24.081,0.72461,0.72469,1.00,1.07
2018.03.22 08:03:27.854,0.72461,0.7247,1.00,3.45
2018.03.22 08:03:29.966,0.72461,0.7247,1.00,3.45
2018.03.22 08:03:30.276,0.72467,0.72475,1.00,1.00
2018.03.22 08:03:30.819,0.72466,0.72473,1.00,1.87
2018.03.22 08:03:30.922,0.72461,0.72471,1.10,3.00
2018.03.22 08:03:31.106,0.72461,0.72468,1.07,1.00
2018.03.22 08:03:31.617,0.72461,0.72468,1.00,1.00
2018.03.22 08:03:32.152,0.72461,0.72469,1.00,1.50
2018.03.22 08:03:33.331,0.72461,0.72471,2.25,2.70
2018.03.22 08:03:34.736,0.72462,0.7247,1.00,1.20
2018.03.22 08:03:35.057,0.72462,0.72471,1.00,1.82
2018.03.22 08:03:36.190,0.7246,0.7247,2.25,1.57
2018.03.22 08:03:36.970,0.7246,0.7247,3.00,1.95
2018.03.22 08:03:37.264,0.7246,0.72469,2.25,1.45
2018.03.22 08:03:38.510,0.7246,0.72468,2.25,1.20
2018.03.22 08:03:39.374,0.7246,0.72468,2.25,1.20
2018.03.22 08:03:39.794,0.72459,0.72466,1.00,1.20
2018.03.22 08:03:40.201,0.72457,0.72466,2.25,1.20
2018.03.22 08:03:40.631,0.72457,0.72464,1.00,1.20
2018.03.22 08:03:41.094,0.72457,0.72465,1.00,1.20
2018.03.22 08:03:42.341,0.72457,0.72465,3.00,1.20
2018.03.22 08:03:42.868,0.72457,0.72464,2.25,1.20
2018.03.22 08:03:42.920,0.72457,0.72465,2.25,1.20
2018.03.22 08:03:43.531,0.72457,0.72464,4.50,1.20
2018.03.22 08:03:44.065,0.72457,0.72466,4.50,1.95
2018.03.22 08:03:44.800,0.72457,0.72465,4.50,1.20
2018.03.22 08:03:45.332,0.72458,0.72465,1.12,1.20
2018.03.22 08:03:46.782,0.72458,0.72465,1.12,1.45
2018.03.22 08:03:47.372,0.72458,0.72466,1.12,1.20
2018.03.22 08:03:47.916,0.72458,0.72465,1.12,1.45
2018.03.22 08:03:49.315,0.72458,0.72465,1.00,1.20
2018.03.22 08:03:49.835,0.72457,0.72465,1.00,1.45
2018.03.22 08:03:50.376,0.72456,0.72465,3.00,1.20
2018.03.22 08:03:50.890,0.72456,0.72465,3.75,1.20
2018.03.22 08:03:52.816,0.72456,0.72464,2.62,1.45
2018.03.22 08:03:57.873,0.72458,0.72464,1.00,1.45
2018.03.22 08:03:58.635,0.72455,0.72461,1.00,1.20
2018.03.22 08:03:58.738,0.72453,0.72461,1.50,1.45
2018.03.22 08:03:59.251,0.72454,0.7246,1.00,1.20
2018.03.22 08:03:59.755,0.72453,0.72461,1.50,1.20
2018.03.22 08:04:00.133,0.72455,0.72462,1.00,1.95
2018.03.22 08:04:00.304,0.72455,0.72464,1.00,1.95
2018.03.22 08:04:00.457,0.72457,0.72464,1.00,1.20
2018.03.22 08:04:00.967,0.72458,0.72465,1.00,2.32
2018.03.22 08:04:01.019,0.72456,0.72465,3.00,2.32
2018.03.22 08:04:01.796,0.72456,0.72463,2.25,1.20
2018.03.22 08:04:02.113,0.72458,0.72464,1.00,1.20
2018.03.22 08:04:02.645,0.72458,0.72464,1.00,1.45
2018.03.22 08:04:03.112,0.72456,0.72464,2.25,1.20
2018.03.22 08:04:04.213,0.72456,0.72463,2.25,1.20
2018.03.22 08:04:05.142,0.72457,0.72465,1.00,2.32
2018.03.22 08:04:05.655,0.72458,0.72465,1.00,1.20
2018.03.22 08:04:05.988,0.72456,0.72465,1.50,1.20
2018.03.22 08:04:06.523,0.72458,0.72465,1.00,1.45
2018.03.22 08:04:06.777,0.72456,0.72464,1.50,1.20
2018.03.22 08:04:07.207,0.72456,0.72463,1.50,1.20
2018.03.22 08:04:07.722,0.72455,0.72462,1.00,1.20
2018.03.22 08:04:08.227,0.72455,0.72462,1.00,1.20
2018.03.22 08:04:08.740,0.72455,0.72462,1.00,1.20
2018.03.22 08:04:09.411,0.72455,0.72462,1.50,1.20
2018.03.22 08:04:09.912,0.72456,0.72464,1.00,1.45
2018.03.22 08:04:11.899,0.72456,0.72463,1.00,1.20
2018.03.22 08:04:12.242,0.72454,0.72462,1.50,1.20
2018.03.22 08:04:15.529,0.72454,0.7246,1.00,1.45
2018.03.22 08:04:16.078,0.72454,0.72461,1.00,1.20
2018.03.22 08:04:16.915,0.72454,0.7246,1.00,1.45
2018.03.22 08:04:17.442,0.72454,0.72461,1.00,1.20
2018.03.22 08:04:20.538,0.72454,0.72461,1.50,1.20
2018.03.22 08:04:22.204,0.72454,0.72462,1.87,1.95
2018.03.22 08:04:22.718,0.72455,0.72462,1.50,1.20
2018.03.22 08:04:26.087,0.72455,0.72462,1.00,2.70
2018.03.22 08:04:26.139,0.72453,0.72461,1.00,1.01
2018.03.22 08:04:26.256,0.72452,0.72459,1.50,1.20
2018.03.22 08:04:26.307,0.72453,0.72461,1.00,1.45
2018.03.22 08:04:26.854,0.72452,0.7246,1.50,1.20
2018.03.22 08:04:27.427,0.72453,0.7246,1.00,1.20
2018.03.22 08:04:31.532,0.72452,0.7246,2.25,1.20
2018.03.22 08:04:32.038,0.72451,0.7246,1.12,1.20
2018.03.22 08:04:32.546,0.72451,0.72459,1.00,1.45
2018.03.22 08:04:35.335,0.7245,0.72459,2.25,1.95
2018.03.22 08:04:36.296,0.7245,0.72458,1.50,1.45
2018.03.22 08:04:37.918,0.7245,0.72458,1.50,1.20
2018.03.22 08:04:38.429,0.7245,0.72458,1.00,1.20
2018.03.22 08:04:38.936,0.7245,0.72457,1.12,1.20
2018.03.22 08:04:38.987,0.7245,0.72459,1.12,1.45
2018.03.22 08:04:40.013,0.72451,0.7246,4.12,1.20
2018.03.22 08:04:40.544,0.72452,0.7246,1.37,1.20
2018.03.22 08:04:40.853,0.72452,0.72459,1.37,1.20
2018.03.22 08:04:41.665,0.72453,0.72459,1.12,1.20
2018.03.22 08:04:42.209,0.72453,0.72461,1.00,1.45
2018.03.22 08:04:43.775,0.72452,0.7246,1.00,1.20
2018.03.22 08:04:44.318,0.72453,0.7246,1.12,1.20
2018.03.22 08:04:44.693,0.72453,0.72459,1.00,1.20
2018.03.22 08:04:44.796,0.72451,0.72459,1.00,1.20
2018.03.22 08:04:44.899,0.72451,0.72457,1.00,1.20
2018.03.22 08:04:45.002,0.72451,0.72458,1.00,1.20
2018.03.22 08:04:45.528,0.72451,0.72459,1.50,1.20
2018.03.22 08:04:46.148,0.72451,0.72458,1.50,1.20
2018.03.22 08:04:47.119,0.72451,0.72459,1.50,1.20
2018.03.22 08:04:48.468,0.72451,0.72459,1.50,1.20
2018.03.22 08:04:48.573,0.72451,0.72457,1.00,1.20
2018.03.22 08:04:49.091,0.7245,0.72458,1.00,1.20
2018.03.22 08:04:56.610,0.72448,0.72457,1.00,3.07
2018.03.22 08:04:56.661,0.72448,0.72456,1.00,1.20
2018.03.22 08:04:57.461,0.72448,0.72457,1.50,1.20
2018.03.22 08:04:59.162,0.72449,0.72457,1.00,1.20
2018.03.22 08:04:59.712,0.72449,0.72457,1.50,1.20
2018.03.22 08:05:00.335,0.72448,0.72456,1.50,1.45
2018.03.22 08:05:00.937,0.72448,0.72456,1.50,1.20
2018.03.22 08:05:01.786,0.72448,0.72456,1.50,1.45
2018.03.22 08:05:06.085,0.72449,0.72456,1.00,1.45
2018.03.22 08:05:08.018,0.72448,0.72455,1.00,1.20
2018.03.22 08:05:08.185,0.72446,0.72454,1.50,1.10
2018.03.22 08:05:08.729,0.72447,0.72456,1.00,1.45
2018.03.22 08:05:09.463,0.72446,0.72455,2.25,1.45
2018.03.22 08:05:10.703,0.72447,0.72456,1.50,1.20
2018.03.22 08:05:11.186,0.7245,0.72456,1.50,1.20
2018.03.22 08:05:11.518,0.72455,0.72462,1.00,1.45
2018.03.22 08:05:12.193,0.72455,0.72463,1.00,1.95
2018.03.22 08:05:12.903,0.72455,0.72461,1.00,1.20
2018.03.22 08:05:14.344,0.72454,0.72462,1.00,1.45
2018.03.22 08:05:14.983,0.72451,0.7246,1.50,1.95
2018.03.22 08:05:15.136,0.7245,0.72458,2.25,1.20
2018.03.22 08:05:15.689,0.7245,0.72457,1.50,1.20
2018.03.22 08:05:16.769,0.7245,0.72458,1.50,1.45
2018.03.22 08:05:21.366,0.7245,0.72456,1.50,1.20
2018.03.22 08:05:21.817,0.72448,0.72457,2.25,1.45
2018.03.22 08:05:22.324,0.72449,0.72457,1.00,1.45
2018.03.22 08:05:24.330,0.72451,0.72457,1.00,1.20
2018.03.22 08:05:24.868,0.72451,0.72458,1.00,1.45
2018.03.22 08:05:25.430,0.7245,0.72458,1.00,1.45
2018.03.22 08:05:26.087,0.7245,0.72458,1.00,1.20
2018.03.22 08:05:26.651,0.72451,0.72459,1.00,1.45
2018.03.22 08:05:27.912,0.72451,0.72458,1.50,1.20
2018.03.22 08:05:28.456,0.72451,0.72458,1.50,1.20
2018.03.22 08:05:29.219,0.72453,0.72462,2.10,3.07
2018.03.22 08:05:29.272,0.72457,0.72464,1.00,2.32
2018.03.22 08:05:29.815,0.72456,0.72465,3.00,1.95
2018.03.22 08:05:30.778,0.72458,0.72466,1.00,1.20
2018.03.22 08:05:31.371,0.72458,0.72467,1.00,3.82
2018.03.22 08:05:32.237,0.72458,0.72467,1.00,3.07
2018.03.22 08:05:37.437,0.72457,0.72467,1.00,2.32
2018.03.22 08:05:38.047,0.72457,0.72465,1.00,1.20
2018.03.22 08:05:38.581,0.72456,0.72465,3.45,1.20
2018.03.22 08:05:39.231,0.72456,0.72467,4.12,3.82
2018.03.22 08:05:42.506,0.72456,0.72465,2.62,1.20
2018.03.22 08:05:43.056,0.72455,0.72464,1.50,1.87
2018.03.22 08:05:43.567,0.72455,0.72464,1.50,3.82
2018.03.22 08:05:44.111,0.72455,0.72464,2.25,1.95
2018.03.22 08:05:44.639,0.72455,0.72464,2.70,1.57
2018.03.22 08:05:45.149,0.72455,0.72464,2.70,1.20
2018.03.22 08:05:45.735,0.72455,0.72465,4.12,1.57
2018.03.22 08:05:46.478,0.72455,0.72464,2.70,1.20
2018.03.22 08:05:47.153,0.72455,0.72465,4.12,2.32
2018.03.22 08:05:47.812,0.72455,0.72465,4.12,1.95
2018.03.22 08:05:48.379,0.72455,0.72464,2.70,1.20
2018.03.22 08:05:48.927,0.72455,0.72466,2.62,3.07
2018.03.22 08:05:50.673,0.72455,0.72465,2.70,1.45
2018.03.22 08:05:51.189,0.72456,0.72465,1.00,1.45
2018.03.22 08:05:51.707,0.72456,0.72466,1.50,3.07
2018.03.22 08:05:54.463,0.72457,0.72466,1.12,1.20
2018.03.22 08:05:54.995,0.72457,0.72466,1.87,1.45
2018.03.22 08:05:58.120,0.72455,0.72465,3.00,1.95
2018.03.22 08:05:58.430,0.72453,0.72462,1.12,1.57
2018.03.22 08:05:58.816,0.72453,0.72461,1.12,1.20
2018.03.22 08:05:59.324,0.72453,0.72462,1.12,1.57
2018.03.22 08:05:59.875,0.72453,0.72462,1.12,1.57
2018.03.22 08:06:00.399,0.72452,0.72461,1.50,2.32
2018.03.22 08:06:00.938,0.72452,0.72461,3.00,1.57
2018.03.22 08:06:01.463,0.72452,0.72462,3.00,1.57
2018.03.22 08:06:04.506,0.72452,0.72461,1.50,1.20
2018.03.22 08:06:05.281,0.72452,0.72461,1.50,1.20
2018.03.22 08:06:05.818,0.7245,0.72459,3.75,1.00
2018.03.22 08:06:06.333,0.7245,0.72459,3.37,1.10
2018.03.22 08:06:06.912,0.7245,0.72459,2.62,1.95
2018.03.22 08:06:07.423,0.7245,0.72458,2.62,1.45
2018.03.22 08:06:07.979,0.7245,0.72459,2.62,1.95
2018.03.22 08:06:08.761,0.7245,0.72459,3.75,1.20
2018.03.22 08:06:09.265,0.72452,0.7246,2.25,1.20
2018.03.22 08:06:09.798,0.72452,0.72462,2.25,1.20
2018.03.22 08:06:10.526,0.72454,0.72461,1.00,1.20
2018.03.22 08:06:11.261,0.72454,0.72461,1.00,1.20
2018.03.22 08:06:11.364,0.72455,0.72463,1.00,2.32
2018.03.22 08:06:11.619,0.72457,0.72463,1.00,1.20
2018.03.22 08:06:12.132,0.72457,0.72465,1.00,1.95
2018.03.22 08:06:12.459,0.72459,0.72467,1.00,2.70
2018.03.22 08:06:13.110,0.72459,0.72468,1.00,2.32
2018.03.22 08:06:15.489,0.72459,0.72468,1.00,1.57
2018.03.22 08:06:15.930,0.72457,0.72467,3.37,1.20
2018.03.22 08:06:16.434,0.72457,0.72466,1.50,1.20
2018.03.22 08:06:16.970,0.72456,0.72466,3.37,1.20
2018.03.22 08:06:17.071,0.72456,0.72465,3.37,1.20
2018.03.22 08:06:17.559,0.72456,0.72465,3.75,1.20
2018.03.22 08:06:17.712,0.72456,0.72466,3.75,1.20
2018.03.22 08:06:18.068,0.72457,0.72465,1.00,1.20
2018.03.22 08:06:18.341,0.72457,0.72467,1.00,3.45
2018.03.22 08:06:18.706,0.72456,0.72465,3.00,1.20
2018.03.22 08:06:18.810,0.72456,0.72466,3.00,1.95
2018.03.22 08:06:19.314,0.72456,0.72466,3.75,1.95
2018.03.22 08:06:20.798,0.72456,0.72466,3.75,1.95
2018.03.22 08:06:21.351,0.72456,0.72466,3.75,1.95
2018.03.22 08:06:23.444,0.72456,0.72464,1.50,1.00
2018.03.22 08:06:23.957,0.72455,0.72464,1.12,1.95
2018.03.22 08:06:24.470,0.72454,0.72463,1.50,1.95
2018.03.22 08:06:24.830,0.72453,0.72463,4.50,1.20
2018.03.22 08:06:25.384,0.72453,0.72462,3.75,1.45
2018.03.22 08:06:25.885,0.72453,0.72462,3.00,1.20
2018.03.22 08:06:26.414,0.72454,0.72463,1.37,2.32
2018.03.22 08:06:26.917,0.72453,0.72462,2.25,1.20
2018.03.22 08:06:27.447,0.72454,0.72463,4.12,1.45
2018.03.22 08:06:28.273,0.72455,0.72464,1.12,1.20
2018.03.22 08:06:30.258,0.72454,0.72463,1.12,1.20
2018.03.22 08:06:30.363,0.72453,0.72461,1.87,1.20
2018.03.22 08:06:30.865,0.72454,0.72463,1.12,3.82
2018.03.22 08:06:31.019,0.72454,0.72463,1.12,4.95
2018.03.22 08:06:31.586,0.72452,0.72462,1.37,3.07
2018.03.22 08:06:31.892,0.7245,0.72459,2.25,1.95
2018.03.22 08:06:34.664,0.7245,0.72458,1.12,1.57
2018.03.22 08:06:36.436,0.7245,0.72457,1.12,1.20
2018.03.22 08:06:36.940,0.7245,0.72458,1.12,1.57
2018.03.22 08:06:42.030,0.7245,0.72458,1.12,1.20
2018.03.22 08:06:42.557,0.7245,0.72458,1.12,1.20
2018.03.22 08:06:43.073,0.7245,0.72459,2.25,1.20
2018.03.22 08:06:44.648,0.72451,0.72458,2.25,1.20
2018.03.22 08:06:45.718,0.72451,0.7246,2.25,1.20
2018.03.22 08:06:45.975,0.7245,0.7246,1.00,4.20
2018.03.22 08:06:46.112,0.72449,0.72458,2.62,1.57
2018.03.22 08:06:46.214,0.72446,0.72454,1.00,3.00
2018.03.22 08:06:46.317,0.72448,0.72455,3.75,1.20
2018.03.22 08:06:46.368,0.7245,0.72457,1.00,1.95
2018.03.22 08:06:47.406,0.7245,0.72459,1.00,1.95
2018.03.22 08:06:47.943,0.72449,0.72458,1.12,1.20
2018.03.22 08:06:48.493,0.72449,0.72458,1.87,1.95
2018.03.22 08:06:50.508,0.72449,0.72458,3.00,1.20
2018.03.22 08:06:50.610,0.72449,0.72459,3.75,2.32
2018.03.22 08:06:51.153,0.72449,0.72459,3.75,1.45
2018.03.22 08:06:51.623,0.72453,0.7246,3.75,1.20
2018.03.22 08:06:51.776,0.72457,0.72466,1.37,1.20
2018.03.22 08:06:53.509,0.72457,0.72466,3.37,1.20
2018.03.22 08:06:54.367,0.72457,0.72466,3.37,1.45
2018.03.22 08:06:54.996,0.72457,0.72467,5.25,1.95
2018.03.22 08:06:55.607,0.72457,0.72467,5.62,1.95
2018.03.22 08:06:56.065,0.7246,0.72468,1.12,1.20
2018.03.22 08:06:56.313,0.72464,0.72474,1.50,1.20
2018.03.22 08:06:56.364,0.72464,0.72473,3.37,1.45
2018.03.22 08:06:56.570,0.72463,0.72473,1.12,2.70
2018.03.22 08:06:56.773,0.72462,0.72471,1.12,1.20
2018.03.22 08:06:57.314,0.72461,0.72472,2.25,2.70
2018.03.22 08:06:57.830,0.72461,0.72471,1.12,1.20
2018.03.22 08:06:58.358,0.7246,0.72469,1.00,1.20
2018.03.22 08:06:58.872,0.7246,0.72469,1.00,1.95
2018.03.22 08:06:59.417,0.72459,0.72468,1.87,1.20
2018.03.22 08:07:00.247,0.72459,0.72468,1.87,1.95
2018.03.22 08:07:02.573,0.72459,0.72469,2.25,1.20
2018.03.22 08:07:02.781,0.72463,0.72474,2.25,2.70
2018.03.22 08:07:02.936,0.72463,0.72474,2.25,2.70
2018.03.22 08:07:02.988,0.72463,0.72474,2.25,3.45
2018.03.22 08:07:03.444,0.72465,0.72474,2.25,1.20
2018.03.22 08:07:03.993,0.72465,0.72475,1.12,1.95
2018.03.22 08:07:04.375,0.72467,0.72476,1.50,1.10
2018.03.22 08:07:04.933,0.72467,0.72475,1.00,1.00
2018.03.22 08:07:05.374,0.72464,0.72475,3.07,2.62
2018.03.22 08:07:05.476,0.72464,0.72474,1.00,1.20
2018.03.22 08:07:06.724,0.72463,0.72474,3.75,1.95
2018.03.22 08:07:07.260,0.72463,0.72472,5.62,1.00
2018.03.22 08:07:07.311,0.72463,0.72474,3.37,2.70
2018.03.22 08:07:07.573,0.72462,0.7247,1.00,1.20
2018.03.22 08:07:07.931,0.7246,0.7247,1.12,1.10
2018.03.22 08:07:08.283,0.72462,0.72472,1.50,4.20
2018.03.22 08:07:08.834,0.72462,0.72472,3.00,2.70
2018.03.22 08:07:09.362,0.72462,0.72472,2.62,2.70
2018.03.22 08:07:11.003,0.72462,0.72472,2.62,2.70
2018.03.22 08:07:11.493,0.72462,0.72472,3.75,1.95
2018.03.22 08:07:11.601,0.72463,0.72473,1.95,1.00
2018.03.22 08:07:12.144,0.72463,0.72473,1.87,1.95
2018.03.22 08:07:12.409,0.72462,0.72471,1.07,1.00
2018.03.22 08:07:12.464,0.72461,0.72471,2.62,1.20
2018.03.22 08:07:12.980,0.72461,0.7247,2.70,1.20
2018.03.22 08:07:17.475,0.72462,0.7247,2.62,1.20
2018.03.22 08:07:17.782,0.72462,0.72473,4.50,2.32
2018.03.22 08:07:19.439,0.72462,0.72471,3.82,1.20
2018.03.22 08:07:20.240,0.72461,0.7247,1.57,1.20
2018.03.22 08:07:20.872,0.72461,0.7247,1.00,1.95
2018.03.22 08:07:21.418,0.72461,0.7247,1.50,1.95
2018.03.22 08:07:21.966,0.72461,0.7247,1.50,1.95
2018.03.22 08:07:25.739,0.72461,0.7247,1.50,1.20
2018.03.22 08:07:26.274,0.72462,0.72471,1.50,4.20
2018.03.22 08:07:26.804,0.72462,0.72471,1.00,2.70
2018.03.22 08:07:27.326,0.72461,0.72471,1.00,3.45
2018.03.22 08:07:27.735,0.72464,0.72471,3.75,1.20
2018.03.22 08:07:27.787,0.72464,0.72472,4.50,1.20
2018.03.22 08:07:28.337,0.72464,0.72473,4.50,1.00
2018.03.22 08:07:28.869,0.72464,0.72473,2.62,1.00
2018.03.22 08:07:30.207,0.72467,0.72475,1.00,1.45
2018.03.22 08:07:30.415,0.72467,0.72477,1.12,1.95
2018.03.22 08:07:30.683,0.72467,0.72478,5.70,2.70
2018.03.22 08:07:31.142,0.72473,0.7248,1.00,1.50
2018.03.22 08:07:31.665,0.72472,0.72482,1.57,1.95
2018.03.22 08:07:32.313,0.72472,0.72482,1.50,2.70
2018.03.22 08:07:32.621,0.72469,0.7248,2.32,1.95
2018.03.22 08:07:33.050,0.72469,0.72479,2.32,1.45
2018.03.22 08:07:33.569,0.72469,0.7248,2.25,2.70
2018.03.22 08:07:35.100,0.72469,0.72479,2.25,1.20
2018.03.22 08:07:35.425,0.72469,0.72478,1.12,1.20
2018.03.22 08:07:35.752,0.72466,0.72475,3.00,1.10
2018.03.22 08:07:35.854,0.72465,0.72475,1.12,1.57
2018.03.22 08:07:36.384,0.72465,0.72475,1.00,1.95
2018.03.22 08:07:37.242,0.72464,0.72473,1.50,1.20
2018.03.22 08:07:37.387,0.72462,0.72472,1.10,3.07
2018.03.22 08:07:37.438,0.7246,0.72471,1.87,3.82
2018.03.22 08:07:37.489,0.72463,0.72471,1.12,1.45
2018.03.22 08:07:37.744,0.72463,0.72473,1.12,2.70
2018.03.22 08:07:43.601,0.72462,0.72473,1.87,3.07
2018.03.22 08:07:43.806,0.72461,0.7247,1.00,1.10
2018.03.22 08:07:44.308,0.7246,0.7247,2.25,2.70
2018.03.22 08:07:44.500,0.72462,0.72472,2.25,1.20
2018.03.22 08:07:44.604,0.72464,0.72473,1.00,1.95
2018.03.22 08:07:45.104,0.72466,0.72474,1.00,1.20
2018.03.22 08:07:45.155,0.72466,0.72476,4.50,1.20
2018.03.22 08:07:45.691,0.72467,0.72478,2.25,3.45
2018.03.22 08:07:46.228,0.72467,0.72478,4.50,3.07
2018.03.22 08:07:46.760,0.72467,0.72477,2.32,1.95
2018.03.22 08:07:47.276,0.72467,0.72478,2.25,4.01
2018.03.22 08:07:48.284,0.72467,0.72478,3.00,3.07
2018.03.22 08:07:48.900,0.72467,0.72478,3.00,3.07
2018.03.22 08:07:49.416,0.72467,0.72476,2.25,1.57
2018.03.22 08:07:51.335,0.72467,0.72478,2.25,2.32
2018.03.22 08:07:51.387,0.72467,0.72478,4.95,1.20
2018.03.22 08:07:52.664,0.72468,0.72478,1.57,1.00
2018.03.22 08:07:53.708,0.72468,0.72478,1.95,1.95
2018.03.22 08:07:54.019,0.72475,0.72484,1.12,2.70
2018.03.22 08:07:54.073,0.72474,0.72484,1.00,2.32
2018.03.22 08:07:54.933,0.72473,0.72484,2.70,1.10
2018.03.22 08:07:55.760,0.72473,0.72484,3.82,1.10
2018.03.22 08:07:56.360,0.72473,0.72484,2.32,1.20
2018.03.22 08:07:57.130,0.72473,0.72484,3.00,1.20
2018.03.22 08:07:57.457,0.72473,0.72484,3.00,1.20
2018.03.22 08:08:00.704,0.72474,0.72483,1.00,1.10
2018.03.22 08:08:01.241,0.72474,0.72483,2.25,1.20
2018.03.22 08:08:01.761,0.72474,0.72483,1.00,1.20
2018.03.22 08:08:02.759,0.72473,0.72482,1.50,1.00
2018.03.22 08:08:02.861,0.72474,0.72485,1.87,3.64
2018.03.22 08:08:04.394,0.72472,0.72483,2.70,3.82
2018.03.22 08:08:04.717,0.72473,0.72482,1.00,3.82
2018.03.22 08:08:04.821,0.72473,0.72482,1.00,3.07
2018.03.22 08:08:05.337,0.72472,0.72482,3.00,1.20
2018.03.22 08:08:06.727,0.72472,0.72482,2.70,1.95
2018.03.22 08:08:07.263,0.72473,0.72482,1.00,1.57
2018.03.22 08:08:08.725,0.72472,0.72482,2.62,1.10
2018.03.22 08:08:08.879,0.72474,0.72482,1.00,1.20
2018.03.22 08:08:09.423,0.72474,0.72482,1.00,1.00
2018.03.22 08:08:10.619,0.72474,0.72484,1.00,2.70
2018.03.22 08:08:10.924,0.72477,0.72486,1.12,1.10
2018.03.22 08:08:11.231,0.72475,0.72485,1.00,1.95
2018.03.22 08:08:11.731,0.72474,0.72484,1.87,1.95
2018.03.22 08:08:12.253,0.72473,0.72484,2.62,1.20
2018.03.22 08:08:12.769,0.72473,0.72484,1.57,1.12
2018.03.22 08:08:15.038,0.72473,0.72483,1.07,1.10
2018.03.22 08:08:15.576,0.72473,0.72482,2.32,1.00
2018.03.22 08:08:16.084,0.72473,0.72482,1.57,1.00
2018.03.22 08:08:16.595,0.72473,0.72484,1.57,2.70
2018.03.22 08:08:17.100,0.72472,0.72483,3.75,1.20
2018.03.22 08:08:19.152,0.72472,0.72481,4.50,1.00
2018.03.22 08:08:19.462,0.72473,0.72483,3.00,1.20
2018.03.22 08:08:19.966,0.72473,0.72483,1.12,3.07
2018.03.22 08:08:21.244,0.72475,0.72484,1.37,1.95
2018.03.22 08:08:21.295,0.72476,0.72485,1.00,2.70
2018.03.22 08:08:21.519,0.72476,0.72486,1.87,1.20
2018.03.22 08:08:22.059,0.72476,0.72486,1.87,1.20
2018.03.22 08:08:22.847,0.72478,0.72487,1.00,1.10
2018.03.22 08:08:23.381,0.72478,0.72486,1.00,1.10
2018.03.22 08:08:23.918,0.72478,0.72486,1.00,1.95
2018.03.22 08:08:24.427,0.72477,0.72486,1.87,1.20
2018.03.22 08:08:24.972,0.72477,0.72486,1.50,1.95
2018.03.22 08:08:26.290,0.72477,0.72486,1.87,1.20
2018.03.22 08:08:26.802,0.72477,0.72488,3.00,3.82
2018.03.22 08:08:27.349,0.72478,0.72487,2.25,1.20
2018.03.22 08:08:27.875,0.72478,0.72488,1.50,1.45
2018.03.22 08:08:29.389,0.72478,0.72489,1.87,2.70
2018.03.22 08:08:29.898,0.72478,0.72487,1.00,1.95
2018.03.22 08:08:30.448,0.72477,0.72487,1.50,1.20
2018.03.22 08:08:33.174,0.72479,0.72487,1.12,1.20
2018.03.22 08:08:33.276,0.72478,0.72489,3.00,1.95
2018.03.22 08:08:33.785,0.72478,0.72489,3.07,1.20
2018.03.22 08:08:34.691,0.72479,0.72489,1.10,2.32
2018.03.22 08:08:35.242,0.72478,0.72489,1.50,2.32
2018.03.22 08:08:35.827,0.72478,0.72487,1.50,1.00
2018.03.22 08:08:36.375,0.72478,0.72489,1.50,3.07
2018.03.22 08:08:37.415,0.72479,0.72488,1.10,1.20
2018.03.22 08:08:37.928,0.72478,0.72487,1.95,1.20
2018.03.22 08:08:38.445,0.72477,0.72487,3.07,1.20
2018.03.22 08:08:38.971,0.72479,0.72489,1.50,2.70
2018.03.22 08:08:39.472,0.72479,0.72489,2.32,1.95
2018.03.22 08:08:40.345,0.72479,0.72489,1.87,1.95
2018.03.22 08:08:40.937,0.72479,0.72488,1.95,1.20
2018.03.22 08:08:41.462,0.72479,0.72489,1.87,1.95
2018.03.22 08:08:41.752,0.72479,0.72488,1.87,1.20
2018.03.22 08:08:42.124,0.72479,0.72489,1.87,1.95
2018.03.22 08:08:43.906,0.72479,0.7249,1.95,3.07
2018.03.22 08:08:44.424,0.72479,0.7249,1.87,3.07
2018.03.22 08:08:50.868,0.72479,0.72489,2.70,1.57
2018.03.22 08:08:51.389,0.72479,0.72489,2.62,1.10
2018.03.22 08:08:57.043,0.72479,0.72489,2.25,3.45
2018.03.22 08:08:57.678,0.72479,0.72489,2.25,3.45
2018.03.22 08:08:58.429,0.72479,0.72489,2.25,3.45
2018.03.22 08:09:00.605,0.72479,0.72489,2.25,3.82
2018.03.22 08:09:02.034,0.72479,0.72488,1.87,1.20
2018.03.22 08:09:02.584,0.72479,0.72488,1.12,1.57
2018.03.22 08:09:03.154,0.72479,0.72488,1.20,1.50
2018.03.22 08:09:03.692,0.7248,0.72489,1.57,2.25
2018.03.22 08:09:04.516,0.7248,0.72489,1.57,2.70
2018.03.22 08:09:04.619,0.72478,0.72487,1.10,1.12
2018.03.22 08:09:05.166,0.72477,0.72488,4.20,1.12
2018.03.22 08:09:05.704,0.72478,0.72489,1.45,2.70
2018.03.22 08:09:06.347,0.72479,0.72489,1.20,1.87
2018.03.22 08:09:07.327,0.72478,0.72489,4.57,2.62
2018.03.22 08:09:07.843,0.72478,0.72489,2.70,2.62
2018.03.22 08:09:07.998,0.72479,0.72489,2.70,1.12
2018.03.22 08:09:08.514,0.7248,0.72489,1.00,1.50
2018.03.22 08:09:09.324,0.7248,0.7249,1.50,1.20
2018.03.22 08:09:09.662,0.72484,0.72492,1.50,1.00
2018.03.22 08:09:11.325,0.72484,0.72494,3.00,3.07
2018.03.22 08:09:11.865,0.72484,0.72493,2.32,1.20
2018.03.22 08:09:16.803,0.72485,0.72494,1.50,3.64
2018.03.22 08:09:17.382,0.72485,0.72493,1.50,2.06
2018.03.22 08:09:19.601,0.72485,0.72493,1.00,2.14
2018.03.22 08:09:20.120,0.72483,0.72493,2.25,1.10
2018.03.22 08:09:20.692,0.72483,0.72493,1.12,1.57
2018.03.22 08:09:20.847,0.72483,0.72491,1.00,1.00
2018.03.22 08:09:21.391,0.72483,0.72493,1.00,3.07
2018.03.22 08:09:21.900,0.72483,0.72493,1.00,3.07
2018.03.22 08:09:22.438,0.72483,0.72493,1.00,2.32
2018.03.22 08:09:24.866,0.72482,0.72491,3.45,1.20
2018.03.22 08:09:26.228,0.7248,0.7249,3.00,1.57
2018.03.22 08:09:26.534,0.72478,0.72488,3.00,1.20
2018.03.22 08:09:27.159,0.72478,0.72488,3.75,1.20
2018.03.22 08:09:27.666,0.72478,0.72489,5.25,1.45
2018.03.22 08:09:31.364,0.72479,0.72488,3.00,1.20
2018.03.22 08:09:32.785,0.72479,0.72489,3.75,1.45
2018.03.22 08:09:34.657,0.72479,0.72487,3.00,1.20
2018.03.22 08:09:34.804,0.72478,0.72487,1.87,1.45
2018.03.22 08:09:35.332,0.72478,0.72487,1.12,1.20
2018.03.22 08:09:36.537,0.72478,0.72486,1.12,1.20
2018.03.22 08:09:36.743,0.72478,0.72488,2.25,1.20
2018.03.22 08:09:39.043,0.72479,0.72487,2.25,1.20
2018.03.22 08:09:39.597,0.72479,0.72489,2.25,1.95
2018.03.22 08:09:40.112,0.72479,0.72488,1.00,1.45
2018.03.22 08:09:40.267,0.72479,0.72488,3.37,1.20
2018.03.22 08:09:40.466,0.72484,0.72494,4.95,1.95
2018.03.22 08:09:40.580,0.72484,0.72493,1.12,1.95
2018.03.22 08:09:40.784,0.72484,0.72494,4.12,1.20
2018.03.22 08:09:41.285,0.72484,0.72493,5.14,1.20
2018.03.22 08:09:41.794,0.72485,0.72495,1.50,1.95
2018.03.22 08:09:42.339,0.72486,0.72496,1.87,2.32
2018.03.22 08:09:43.057,0.72486,0.72495,1.87,1.45
2018.03.22 08:09:43.395,0.72487,0.72496,1.87,1.10
2018.03.22 08:09:43.946,0.72486,0.72496,1.87,4.01
2018.03.22 08:09:44.474,0.72486,0.72495,1.00,2.70
2018.03.22 08:09:44.799,0.72486,0.72496,1.12,3.82
2018.03.22 08:09:46.310,0.72487,0.72496,1.00,1.10
2018.03.22 08:09:46.466,0.72489,0.72497,1.12,1.95
2018.03.22 08:09:46.705,0.7249,0.72498,1.12,1.10
2018.03.22 08:09:53.861,0.7249,0.72499,1.50,1.10
2018.03.22 08:10:01.484,0.7249,0.725,2.25,3.07
2018.03.22 08:10:02.704,0.7249,0.725,1.50,1.20
2018.03.22 08:10:06.425,0.72489,0.72498,1.00,1.57
2018.03.22 08:10:06.929,0.72488,0.72498,1.00,3.45
2018.03.22 08:10:07.957,0.72488,0.72498,2.25,3.07
2018.03.22 08:10:10.026,0.72488,0.72498,2.25,2.32
2018.03.22 08:10:11.197,0.72489,0.72499,2.25,3.07
2018.03.22 08:10:11.709,0.72489,0.72499,4.39,2.32
2018.03.22 08:10:13.386,0.7249,0.72499,1.87,2.32
2018.03.22 08:10:14.216,0.72492,0.72499,1.00,1.57
2018.03.22 08:10:14.268,0.7249,0.72499,1.87,1.57
2018.03.22 08:10:14.809,0.72491,0.72499,1.50,1.20
2018.03.22 08:10:15.634,0.72491,0.725,2.25,1.95
2018.03.22 08:10:15.685,0.72494,0.725,1.00,1.20
2018.03.22 08:10:16.189,0.72494,0.72502,2.25,1.20
2018.03.22 08:10:21.955,0.72495,0.72502,1.12,1.95
2018.03.22 08:10:24.510,0.72494,0.72502,2.25,1.20
2018.03.22 08:10:25.071,0.72494,0.72502,1.50,1.20
2018.03.22 08:10:26.022,0.72495,0.72502,1.00,1.20
2018.03.22 08:10:26.074,0.72493,0.72501,1.00,1.10
2018.03.22 08:10:26.593,0.72492,0.725,1.00,1.20
2018.03.22 08:10:27.133,0.72491,0.725,2.62,1.20
2018.03.22 08:10:31.720,0.72494,0.72501,1.87,2.32
2018.03.22 08:10:31.926,0.72494,0.72503,2.62,1.57
2018.03.22 08:10:32.462,0.72495,0.72503,1.00,1.57
2018.03.22 08:10:33.030,0.72494,0.72504,2.62,4.20
2018.03.22 08:10:33.219,0.72494,0.72502,3.37,1.20
2018.03.22 08:10:35.607,0.72494,0.72503,3.37,1.10
2018.03.22 08:10:35.810,0.72496,0.72503,1.00,1.57
2018.03.22 08:10:41.810,0.72494,0.72504,3.75,3.07
2018.03.22 08:10:46.743,0.72496,0.72504,1.00,3.82
2018.03.22 08:10:47.258,0.72495,0.72504,1.12,3.82
2018.03.22 08:10:48.366,0.72496,0.72503,1.50,1.20
2018.03.22 08:10:48.675,0.725,0.72509,1.50,2.32
2018.03.22 08:10:49.191,0.72499,0.72508,4.87,1.45
2018.03.22 08:10:51.241,0.72499,0.72507,1.45,2.25
2018.03.22 08:10:51.605,0.72497,0.72506,1.57,1.12
2018.03.22 08:10:51.852,0.72497,0.72504,1.20,3.37
2018.03.22 08:10:51.956,0.72495,0.72503,1.95,1.00
2018.03.22 08:10:52.471,0.72495,0.72504,1.95,3.37
2018.03.22 08:10:56.646,0.72496,0.72505,1.20,2.25
2018.03.22 08:10:56.872,0.72494,0.72502,1.57,1.37
2018.03.22 08:10:57.414,0.72493,0.72502,1.95,2.62
2018.03.22 08:10:58.039,0.72493,0.72502,1.57,4.50
2018.03.22 08:10:58.588,0.72493,0.72502,1.20,2.62
2018.03.22 08:10:59.881,0.72493,0.72501,1.57,1.37
2018.03.22 08:11:00.268,0.72492,0.72501,1.57,3.37
2018.03.22 08:11:00.846,0.72491,0.725,1.95,1.00
2018.03.22 08:11:01.616,0.72491,0.725,1.45,1.50
2018.03.22 08:11:02.220,0.7249,0.725,2.70,3.37
2018.03.22 08:11:03.692,0.7249,0.72499,1.20,1.12
2018.03.22 08:11:04.810,0.7249,0.72498,1.20,1.00
2018.03.22 08:11:04.962,0.72489,0.72498,1.20,1.87
2018.03.22 08:11:05.469,0.72488,0.72497,3.82,1.00
2018.03.22 08:11:06.160,0.72488,0.72496,1.95,1.00
2018.03.22 08:11:06.685,0.72487,0.72496,1.57,1.37
2018.03.22 08:11:07.651,0.72488,0.72494,1.20,1.00
2018.03.22 08:11:07.755,0.72489,0.72493,1.20,1.00
2018.03.22 08:11:07.807,0.72489,0.72495,1.20,1.00
2018.03.22 08:11:08.318,0.72488,0.72496,1.20,1.00
2018.03.22 08:11:09.737,0.72489,0.72498,1.20,1.50
2018.03.22 08:11:09.943,0.7249,0.72498,1.45,1.00
2018.03.22 08:11:10.488,0.7249,0.72498,1.20,1.00
2018.03.22 08:11:11.009,0.7249,0.72499,1.20,3.37
2018.03.22 08:11:11.522,0.72491,0.725,1.20,2.25
2018.03.22 08:11:12.536,0.72489,0.725,1.95,3.00
2018.03.22 08:11:12.739,0.72491,0.725,2.32,1.00
2018.03.22 08:11:13.270,0.72491,0.725,1.12,2.32
2018.03.22 08:11:13.710,0.72489,0.725,2.70,3.45
2018.03.22 08:11:13.761,0.72489,0.72498,2.70,1.50
2018.03.22 08:11:14.121,0.72487,0.72498,2.70,2.32
2018.03.22 08:11:15.526,0.72487,0.72498,1.95,1.57
2018.03.22 08:11:16.067,0.72486,0.72496,2.32,1.00
2018.03.22 08:11:16.921,0.72486,0.72496,4.20,1.00
2018.03.22 08:11:19.158,0.72487,0.72496,1.00,1.00
2018.03.22 08:11:19.971,0.72487,0.72496,1.57,1.10
2018.03.22 08:11:20.534,0.72487,0.72496,3.45,1.10
2018.03.22 08:11:22.850,0.72487,0.72497,2.70,3.07
2018.03.22 08:11:23.391,0.72487,0.72497,2.70,2.32
2018.03.22 08:11:24.931,0.72488,0.72497,2.32,1.10
2018.03.22 08:11:26.240,0.72488,0.72497,1.10,1.57
2018.03.22 08:11:27.814,0.72487,0.72497,3.45,1.10
2018.03.22 08:11:28.326,0.72487,0.72497,3.45,1.10
2018.03.22 08:11:29.173,0.72488,0.72497,2.25,1.00
2018.03.22 08:11:29.684,0.72487,0.72497,1.57,1.00
2018.03.22 08:11:31.675,0.72487,0.72497,4.20,1.00
2018.03.22 08:11:32.216,0.72487,0.72498,4.95,3.82
2018.03.22 08:11:32.893,0.72487,0.72498,5.70,2.32
2018.03.22 08:11:33.254,0.72487,0.72496,4.95,1.00
2018.03.22 08:11:33.705,0.72486,0.72496,1.20,1.50
2018.03.22 08:11:34.217,0.72486,0.72495,1.20,1.10
2018.03.22 08:11:34.937,0.72486,0.72495,2.32,1.00
2018.03.22 08:11:35.473,0.72487,0.72495,2.25,1.00
2018.03.22 08:11:36.582,0.72486,0.72495,4.12,1.00
2018.03.22 08:11:36.735,0.72484,0.72494,5.32,1.00
2018.03.22 08:11:37.716,0.72484,0.72493,1.12,1.00
2018.03.22 08:11:38.456,0.72484,0.72493,1.37,1.00
2018.03.22 08:11:38.858,0.72483,0.72492,1.10,2.32
2018.03.22 08:11:38.910,0.72483,0.7249,1.00,1.00
2018.03.22 08:11:38.963,0.72479,0.72489,1.20,1.50
2018.03.22 08:11:39.016,0.72478,0.72488,1.57,2.25
2018.03.22 08:11:39.555,0.72478,0.72487,1.10,1.10
2018.03.22 08:11:41.059,0.72477,0.72487,3.37,1.10
2018.03.22 08:11:41.431,0.72477,0.72487,3.82,1.10
2018.03.22 08:11:41.981,0.72477,0.72487,1.95,1.10
2018.03.22 08:11:43.346,0.72477,0.72488,4.57,2.32
2018.03.22 08:11:44.232,0.72477,0.72488,4.57,2.32
2018.03.22 08:11:44.744,0.72477,0.72488,2.70,2.32
2018.03.22 08:11:45.252,0.72477,0.72488,2.62,1.57
2018.03.22 08:11:46.091,0.72477,0.72488,2.70,1.57
2018.03.22 08:11:46.598,0.72477,0.72487,1.57,1.00
2018.03.22 08:11:47.641,0.72477,0.72487,3.82,1.50
2018.03.22 08:11:48.618,0.72477,0.72486,2.25,1.00
2018.03.22 08:11:49.123,0.72477,0.72486,2.25,1.00
2018.03.22 08:11:50.116,0.72478,0.72487,1.00,2.32
2018.03.22 08:11:50.654,0.72477,0.72487,1.75,1.10
2018.03.22 08:11:51.832,0.72478,0.72487,1.00,1.57
2018.03.22 08:11:52.349,0.72477,0.72487,1.57,1.57
2018.03.22 08:11:52.863,0.72477,0.72487,1.57,1.57
2018.03.22 08:11:53.591,0.72478,0.72487,2.25,1.57
2018.03.22 08:11:54.201,0.72478,0.72487,2.25,1.50
2018.03.22 08:11:55.262,0.72477,0.72487,1.50,1.57
2018.03.22 08:11:56.496,0.72477,0.72487,1.12,1.10
2018.03.22 08:11:57.003,0.72476,0.72487,4.20,1.50
2018.03.22 08:11:57.513,0.72476,0.72487,2.32,1.57
2018.03.22 08:11:58.707,0.72476,0.72487,3.26,1.50
2018.03.22 08:11:59.487,0.72477,0.72487,3.45,1.00
2018.03.22 08:12:00.431,0.72478,0.72488,1.00,3.07
2018.03.22 08:12:00.945,0.72478,0.72487,3.07,1.10
2018.03.22 08:12:04.053,0.72477,0.72487,4.20,1.00
2018.03.22 08:12:04.617,0.72478,0.72487,2.25,1.00
2018.03.22 08:12:05.723,0.72478,0.72487,1.00,1.00
2018.03.22 08:12:07.261,0.72477,0.72487,1.50,1.57
2018.03.22 08:12:07.855,0.72477,0.72487,1.57,1.57
2018.03.22 08:12:09.691,0.72478,0.72487,1.57,1.57
2018.03.22 08:12:11.002,0.72478,0.72487,1.12,1.00
2018.03.22 08:12:13.926,0.72478,0.72488,2.62,1.57
2018.03.22 08:12:20.080,0.72477,0.72488,4.20,2.32
2018.03.22 08:12:22.157,0.72477,0.72488,1.95,2.32
2018.03.22 08:12:22.677,0.72477,0.72486,2.32,1.00
2018.03.22 08:12:23.676,0.72477,0.72485,1.95,1.00
2018.03.22 08:12:24.798,0.72477,0.72485,1.47,1.00
2018.03.22 08:12:28.299,0.72477,0.72485,3.37,1.00
2018.03.22 08:12:28.826,0.72478,0.72487,1.12,2.25
2018.03.22 08:12:29.333,0.72478,0.72487,1.37,2.32
2018.03.22 08:12:29.862,0.72477,0.72486,3.37,1.00
2018.03.22 08:12:30.578,0.72478,0.72486,1.00,1.00
2018.03.22 08:12:31.018,0.72475,0.72483,1.20,1.00
2018.03.22 08:12:31.129,0.72471,0.72481,1.45,1.10
2018.03.22 08:12:31.645,0.7247,0.7248,2.62,2.70
2018.03.22 08:12:32.213,0.7247,0.72479,2.62,1.00
2018.03.22 08:12:32.265,0.72469,0.72478,1.57,1.00
2018.03.22 08:12:32.789,0.72468,0.72479,4.95,1.57
2018.03.22 08:12:33.561,0.72468,0.72479,3.45,1.50
2018.03.22 08:12:33.665,0.72471,0.72482,2.25,3.45
2018.03.22 08:12:33.780,0.72472,0.72482,4.57,1.00
2018.03.22 08:12:34.572,0.72474,0.72482,2.32,1.00
2018.03.22 08:12:34.677,0.72476,0.72485,1.20,1.10
2018.03.22 08:12:34.840,0.72477,0.72486,2.25,1.00
2018.03.22 08:12:35.359,0.72477,0.72487,2.25,4.20
2018.03.22 08:12:36.355,0.72477,0.72486,2.25,1.00
2018.03.22 08:12:37.465,0.72477,0.72486,1.12,1.00
2018.03.22 08:12:38.109,0.72476,0.72486,3.00,1.57
2018.03.22 08:12:40.563,0.72475,0.72486,2.32,3.07
2018.03.22 08:12:41.660,0.72474,0.72484,2.32,1.00
2018.03.22 08:12:42.687,0.72473,0.72483,4.20,1.00
2018.03.22 08:12:42.739,0.72473,0.72483,1.20,1.00
2018.03.22 08:12:43.254,0.72472,0.72482,5.14,1.00
2018.03.22 08:12:44.054,0.72476,0.72485,1.12,1.57
2018.03.22 08:12:44.563,0.72477,0.72487,1.00,2.70
2018.03.22 08:12:46.688,0.72477,0.72487,1.10,1.57
2018.03.22 08:12:47.420,0.72477,0.72487,1.00,2.32
2018.03.22 08:12:47.938,0.72477,0.72486,1.00,1.00
2018.03.22 08:12:48.762,0.72476,0.72487,4.20,1.57
2018.03.22 08:12:49.245,0.72476,0.72487,1.57,3.07
2018.03.22 08:12:50.217,0.72476,0.72486,1.57,1.00
2018.03.22 08:12:50.732,0.72476,0.72486,1.50,1.10
2018.03.22 08:12:52.022,0.72476,0.72487,1.57,3.07
2018.03.22 08:12:52.634,0.72476,0.72487,2.70,4.50
2018.03.22 08:12:53.713,0.72476,0.72487,1.57,2.32
2018.03.22 08:12:55.196,0.72476,0.72487,2.32,2.32
2018.03.22 08:12:58.434,0.72476,0.72486,1.57,1.00
2018.03.22 08:12:58.536,0.72476,0.72486,1.20,1.00
2018.03.22 08:12:58.742,0.72475,0.72484,2.70,1.50
2018.03.22 08:12:58.845,0.72473,0.72482,1.20,1.00
2018.03.22 08:13:02.429,0.72473,0.72481,1.00,1.00
2018.03.22 08:13:02.958,0.72472,0.72481,1.50,1.00
2018.03.22 08:13:03.501,0.72471,0.72482,1.95,2.70
2018.03.22 08:13:03.759,0.72469,0.7248,1.20,2.70
2018.03.22 08:13:04.660,0.72469,0.7248,3.82,3.07
2018.03.22 08:13:05.264,0.72469,0.7248,4.20,3.45
2018.03.22 08:13:05.855,0.72469,0.7248,4.20,3.07
2018.03.22 08:13:08.178,0.72469,0.7248,2.32,2.62
2018.03.22 08:13:08.733,0.72469,0.7248,3.07,1.95
2018.03.22 08:13:08.887,0.72469,0.7248,2.70,1.95
2018.03.22 08:13:10.614,0.72469,0.72479,1.95,1.00
2018.03.22 08:13:13.436,0.72469,0.72479,3.07,1.12
2018.03.22 08:13:14.109,0.72469,0.72479,3.07,1.00
2018.03.22 08:13:21.569,0.72469,0.7248,3.07,2.32
2018.03.22 08:13:21.894,0.72477,0.72484,1.87,1.00
2018.03.22 08:13:22.430,0.72477,0.72486,1.20,1.50
2018.03.22 08:13:22.582,0.72477,0.72488,2.32,1.50
2018.03.22 08:13:24.298,0.72478,0.72488,1.07,1.00
2018.03.22 08:13:24.406,0.72477,0.72488,3.07,1.00
2018.03.22 08:13:24.924,0.72477,0.72488,4.95,1.00
2018.03.22 08:13:25.485,0.72477,0.72488,3.82,1.00
2018.03.22 08:13:25.638,0.72477,0.72486,1.07,1.50
2018.03.22 08:13:26.177,0.72477,0.72486,1.10,1.00
2018.03.22 08:13:26.683,0.72478,0.72487,1.00,2.25
2018.03.22 08:13:27.310,0.72476,0.72487,2.32,2.25
2018.03.22 08:13:28.002,0.72477,0.72486,1.10,1.00
2018.03.22 08:13:28.542,0.72477,0.72487,2.70,1.00
2018.03.22 08:13:29.914,0.72479,0.72488,1.00,1.57
2018.03.22 08:13:30.872,0.72478,0.72489,3.45,1.20
2018.03.22 08:13:31.387,0.72478,0.72487,1.10,3.00
2018.03.22 08:13:31.890,0.72477,0.72487,1.10,3.75
2018.03.22 08:13:33.260,0.72477,0.72487,1.57,3.07
2018.03.22 08:13:33.789,0.72477,0.72487,1.95,2.25
2018.03.22 08:13:34.627,0.72477,0.72487,1.95,1.57
2018.03.22 08:13:35.143,0.72477,0.72487,1.95,1.87
2018.03.22 08:13:39.493,0.72476,0.72486,1.20,1.87
2018.03.22 08:13:39.801,0.72476,0.72485,1.12,1.50
2018.03.22 08:13:40.793,0.72476,0.72485,3.00,1.37
2018.03.22 08:13:40.949,0.72476,0.72486,1.20,1.87
2018.03.22 08:13:41.457,0.72475,0.72485,3.07,1.00
2018.03.22 08:13:41.566,0.72474,0.72483,1.45,1.12
2018.03.22 08:13:41.722,0.72472,0.72483,3.45,2.25
2018.03.22 08:13:42.273,0.72472,0.72482,2.32,1.50
2018.03.22 08:13:42.641,0.72472,0.7248,1.10,1.00
2018.03.22 08:13:45.266,0.72471,0.7248,1.20,1.12
2018.03.22 08:13:45.642,0.72471,0.72482,1.20,3.37
2018.03.22 08:13:46.187,0.72471,0.72482,1.20,5.62
2018.03.22 08:13:46.781,0.7247,0.7248,2.70,1.12
2018.03.22 08:13:46.884,0.72471,0.72482,1.95,2.62
2018.03.22 08:13:47.185,0.7247,0.7248,2.70,1.00
2018.03.22 08:13:48.255,0.72471,0.72481,1.10,3.00
2018.03.22 08:13:49.354,0.72471,0.72481,1.07,3.00
2018.03.22 08:13:50.680,0.7247,0.72481,1.95,4.12
2018.03.22 08:13:51.198,0.72469,0.7248,6.07,1.00
2018.03.22 08:13:52.212,0.7247,0.72479,1.20,1.00
2018.03.22 08:13:52.983,0.7247,0.72479,1.20,1.00
2018.03.22 08:13:53.594,0.7247,0.72479,1.20,1.00
2018.03.22 08:13:55.015,0.7247,0.72479,1.20,1.00
2018.03.22 08:13:55.419,0.7247,0.72479,1.57,1.00
2018.03.22 08:13:57.013,0.7247,0.72481,1.07,3.45
2018.03.22 08:13:58.767,0.72469,0.72481,4.95,4.39
2018.03.22 08:13:58.870,0.7247,0.72481,1.07,3.45
2018.03.22 08:13:59.793,0.7247,0.72481,1.20,3.37
2018.03.22 08:14:00.298,0.72472,0.72481,1.10,1.87
2018.03.22 08:14:02.615,0.72471,0.72481,4.95,1.50
2018.03.22 08:14:02.720,0.72475,0.72485,1.12,1.57
2018.03.22 08:14:02.772,0.72476,0.72485,1.20,1.00
2018.03.22 08:14:03.092,0.72479,0.72488,1.10,1.50
2018.03.22 08:14:03.603,0.72477,0.72487,1.07,1.12
2018.03.22 08:14:04.287,0.72477,0.72487,3.82,1.50
2018.03.22 08:14:05.404,0.72478,0.72487,1.20,1.00
2018.03.22 08:14:05.455,0.72478,0.72487,1.45,1.87
2018.03.22 08:14:07.680,0.72478,0.72487,1.45,1.87
2018.03.22 08:14:08.899,0.72478,0.72487,1.45,1.87
2018.03.22 08:14:10.877,0.72479,0.72486,1.45,1.00
2018.03.22 08:14:11.392,0.72478,0.72486,1.20,1.00
2018.03.22 08:14:11.913,0.72477,0.72486,2.70,1.00
2018.03.22 08:14:12.483,0.72477,0.72486,1.95,1.00
2018.03.22 08:14:12.991,0.72478,0.72487,1.57,1.00
2018.03.22 08:14:15.168,0.72478,0.72487,1.45,1.50
2018.03.22 08:14:16.691,0.72479,0.72487,1.45,2.62
2018.03.22 08:14:18.520,0.72478,0.72487,1.57,1.87
2018.03.22 08:14:19.047,0.72478,0.72487,1.95,1.00
2018.03.22 08:14:19.304,0.72486,0.72495,1.95,3.00
2018.03.22 08:14:19.700,0.72488,0.72495,1.20,1.00
2018.03.22 08:14:19.804,0.72489,0.72498,1.45,1.50
2018.03.22 08:14:19.960,0.7249,0.72499,5.14,1.00
2018.03.22 08:14:20.011,0.72491,0.72501,1.57,1.50
2018.03.22 08:14:20.116,0.72495,0.72502,3.45,1.00
2018.03.22 08:14:20.196,0.72495,0.72504,3.45,1.00
2018.03.22 08:14:20.248,0.72498,0.72506,1.20,2.25
2018.03.22 08:14:20.609,0.72499,0.72508,1.45,2.25
2018.03.22 08:14:21.130,0.72498,0.72508,2.32,1.00
2018.03.22 08:14:21.949,0.72498,0.72508,1.20,3.00
2018.03.22 08:14:22.887,0.72498,0.72508,1.20,3.00
2018.03.22 08:14:24.137,0.72498,0.72507,3.07,1.12
2018.03.22 08:14:24.412,0.72497,0.72507,1.10,2.62
2018.03.22 08:14:24.929,0.72497,0.72505,1.00,1.00
2018.03.22 08:14:25.896,0.72496,0.72505,2.70,1.00
2018.03.22 08:14:27.050,0.72498,0.72506,1.00,1.00
2018.03.22 08:14:27.102,0.72496,0.72506,1.10,1.00
2018.03.22 08:14:27.360,0.72494,0.72504,2.70,2.25
2018.03.22 08:14:27.722,0.72491,0.72502,2.32,1.87
2018.03.22 08:14:28.314,0.72491,0.72502,1.07,2.62
2018.03.22 08:14:28.817,0.72492,0.72503,1.20,1.95
2018.03.22 08:14:29.227,0.72493,0.72503,3.45,1.00
2018.03.22 08:14:29.383,0.72496,0.72506,1.10,4.50
2018.03.22 08:14:29.923,0.72496,0.72506,2.32,1.00
2018.03.22 08:14:30.454,0.72496,0.72507,1.57,2.32
2018.03.22 08:14:31.715,0.72497,0.72508,3.07,1.57
2018.03.22 08:14:31.921,0.72499,0.7251,2.70,2.70
2018.03.22 08:14:32.424,0.72499,0.72509,1.10,1.50
2018.03.22 08:14:39.786,0.725,0.72509,1.00,1.50
2018.03.22 08:14:39.985,0.72498,0.72509,1.57,3.82
2018.03.22 08:14:40.038,0.72499,0.72507,1.00,1.50
2018.03.22 08:14:40.724,0.72498,0.72508,1.95,1.10
2018.03.22 08:14:41.230,0.72498,0.72508,1.20,1.50
2018.03.22 08:14:42.192,0.72497,0.72507,1.57,1.00
2018.03.22 08:14:43.760,0.72497,0.72508,1.57,3.82
2018.03.22 08:14:44.418,0.72497,0.72506,1.20,1.12
2018.03.22 08:14:44.470,0.72495,0.72506,1.95,1.95
2018.03.22 08:14:44.677,0.72494,0.72502,1.07,1.00
2018.03.22 08:14:44.730,0.72491,0.72501,3.45,1.00
2018.03.22 08:14:45.099,0.72489,0.725,1.57,1.50
2018.03.22 08:14:46.308,0.72489,0.725,2.70,1.57
2018.03.22 08:14:46.826,0.72489,0.725,2.32,1.50
2018.03.22 08:14:47.154,0.72489,0.72498,1.57,1.00
2018.03.22 08:14:47.673,0.7249,0.72499,1.50,2.62
2018.03.22 08:14:48.014,0.72491,0.72502,1.07,2.25
2018.03.22 08:14:48.555,0.72491,0.725,1.57,1.00
2018.03.22 08:14:49.037,0.72491,0.72502,1.10,1.57
2018.03.22 08:14:49.142,0.72491,0.725,1.10,1.12
2018.03.22 08:14:49.649,0.7249,0.725,1.10,1.50
2018.03.22 08:14:50.437,0.72489,0.725,2.32,1.57
2018.03.22 08:14:50.950,0.7249,0.72501,1.47,3.45
2018.03.22 08:14:51.476,0.72491,0.72501,3.07,1.00
2018.03.22 08:14:52.007,0.72491,0.725,3.07,1.50
2018.03.22 08:14:54.449,0.72491,0.72501,1.57,1.00
2018.03.22 08:14:55.235,0.7249,0.72501,1.10,2.70
2018.03.22 08:14:55.392,0.72489,0.72499,1.07,1.20
2018.03.22 08:14:55.572,0.72488,0.72498,2.32,1.00
2018.03.22 08:14:55.676,0.72486,0.72497,3.07,2.32
2018.03.22 08:14:56.038,0.72485,0.72493,1.57,1.00
2018.03.22 08:14:56.586,0.72484,0.72493,1.00,1.00
2018.03.22 08:14:57.577,0.72482,0.72493,2.70,2.70
2018.03.22 08:14:57.680,0.72482,0.72492,1.57,1.37
2018.03.22 08:14:57.990,0.72484,0.72493,1.00,1.20
2018.03.22 08:14:58.182,0.72482,0.72492,3.07,1.00
2018.03.22 08:14:58.437,0.72483,0.72494,1.10,1.10
2018.03.22 08:14:58.947,0.72484,0.72494,1.00,1.10
2018.03.22 08:14:59.204,0.72483,0.72492,1.10,1.10
2018.03.22 08:14:59.510,0.72481,0.7249,3.82,1.00
2018.03.22 08:14:59.973,0.72479,0.7249,2.70,1.50
2018.03.22 08:15:00.279,0.72479,0.72488,2.32,1.00
2018.03.22 08:15:00.834,0.72477,0.72487,1.20,1.00
2018.03.22 08:15:00.889,0.72477,0.72487,1.10,1.50
2018.03.22 08:15:01.671,0.72479,0.72488,1.00,2.32
2018.03.22 08:15:03.044,0.7248,0.72488,1.00,1.50
2018.03.22 08:15:03.147,0.7248,0.72491,6.45,1.10
2018.03.22 08:15:03.721,0.7248,0.72491,1.57,3.00
2018.03.22 08:15:04.235,0.7248,0.72489,1.10,1.00
2018.03.22 08:15:04.639,0.72478,0.72488,1.07,2.25
2018.03.22 08:15:04.997,0.72477,0.72487,1.10,1.00
2018.03.22 08:15:05.254,0.72476,0.72487,1.45,4.12
2018.03.22 08:15:05.357,0.72476,0.72487,1.07,2.62
2018.03.22 08:15:05.879,0.72476,0.72487,1.20,2.62
2018.03.22 08:15:06.392,0.72475,0.72485,1.20,1.50
2018.03.22 08:15:06.904,0.72475,0.72486,2.70,2.32
2018.03.22 08:15:06.955,0.72476,0.72486,1.07,2.25
2018.03.22 08:15:09.473,0.72476,0.72486,1.95,1.00
2018.03.22 08:15:10.407,0.72477,0.72487,1.10,2.25
2018.03.22 08:15:11.677,0.72477,0.72487,1.07,1.00
2018.03.22 08:15:12.200,0.72478,0.72488,1.07,1.00
2018.03.22 08:15:12.727,0.72478,0.72487,2.32,1.00
2018.03.22 08:15:12.830,0.72478,0.72489,1.57,3.07
2018.03.22 08:15:13.509,0.72479,0.72489,1.00,3.82
2018.03.22 08:15:14.036,0.72478,0.72489,1.57,3.07
2018.03.22 08:15:14.402,0.72478,0.72489,1.95,3.07
2018.03.22 08:15:15.286,0.72479,0.72489,1.00,3.82
2018.03.22 08:15:15.819,0.72478,0.72488,1.57,1.00
2018.03.22 08:15:16.354,0.72478,0.72488,2.32,1.00
2018.03.22 08:15:17.564,0.7248,0.7249,2.32,1.57
2018.03.22 08:15:17.902,0.72483,0.72492,1.57,1.00
2018.03.22 08:15:18.437,0.72482,0.72492,1.20,2.25
2018.03.22 08:15:18.490,0.72482,0.72492,1.10,2.25
2018.03.22 08:15:19.010,0.72481,0.72492,3.82,1.12
2018.03.22 08:15:19.754,0.72482,0.72493,1.07,3.37
2018.03.22 08:15:20.317,0.72482,0.72493,1.10,3.07
2018.03.22 08:15:20.419,0.72482,0.72493,1.57,2.70
2018.03.22 08:15:20.927,0.72482,0.72493,1.57,4.87
2018.03.22 08:15:21.653,0.72482,0.72493,1.57,2.62
2018.03.22 08:15:23.053,0.72483,0.72491,1.10,1.12
2018.03.22 08:15:23.566,0.72482,0.72492,2.70,1.00
2018.03.22 08:15:24.440,0.72483,0.72493,1.10,1.87
2018.03.22 08:15:24.977,0.72483,0.72493,1.07,1.12
2018.03.22 08:15:25.781,0.72482,0.72491,2.32,1.00
2018.03.22 08:15:26.511,0.72483,0.7249,1.10,1.12
2018.03.22 08:15:26.666,0.72481,0.7249,2.32,1.12
2018.03.22 08:15:27.213,0.72481,0.7249,1.57,1.12
2018.03.22 08:15:29.376,0.72481,0.7249,1.10,1.57
2018.03.22 08:15:29.960,0.72481,0.7249,1.07,1.50
2018.03.22 08:15:30.492,0.72481,0.7249,1.10,1.50
2018.03.22 08:15:31.456,0.72481,0.7249,1.57,1.50
2018.03.22 08:15:31.868,0.7248,0.7249,1.57,5.25
2018.03.22 08:15:32.233,0.72482,0.72491,1.95,1.87
2018.03.22 08:15:32.588,0.72484,0.72494,1.00,1.95
2018.03.22 08:15:33.055,0.72482,0.72491,4.20,1.00
2018.03.22 08:15:33.310,0.72482,0.72491,2.32,1.12
2018.03.22 08:15:33.804,0.72481,0.72489,1.00,1.00
2018.03.22 08:15:36.652,0.7248,0.72489,1.50,1.12
2018.03.22 08:15:38.641,0.72481,0.72489,1.00,1.00
2018.03.22 08:15:39.090,0.72481,0.72491,1.00,1.20
2018.03.22 08:15:39.349,0.72481,0.7249,1.00,1.07
2018.03.22 08:15:39.775,0.72481,0.72491,1.00,1.20
2018.03.22 08:15:39.827,0.72483,0.72491,1.00,1.20
2018.03.22 08:15:42.652,0.72484,0.72493,1.50,3.07
2018.03.22 08:15:42.858,0.72482,0.72491,1.57,1.12
2018.03.22 08:15:44.438,0.72482,0.72491,1.07,1.12
2018.03.22 08:15:45.406,0.72482,0.72491,1.00,1.50
2018.03.22 08:15:50.046,0.72482,0.7249,1.10,1.00
2018.03.22 08:15:50.149,0.7248,0.7249,1.57,3.37
2018.03.22 08:15:50.661,0.7248,0.7249,1.50,1.20
2018.03.22 08:15:52.661,0.7248,0.7249,1.00,1.57
2018.03.22 08:15:53.176,0.7248,0.7249,1.10,1.12
2018.03.22 08:15:53.738,0.7248,0.7249,1.10,1.20
2018.03.22 08:15:54.246,0.7248,0.7249,1.10,1.12
2018.03.22 08:15:56.798,0.7248,0.7249,1.57,1.20
2018.03.22 08:15:57.335,0.7248,0.7249,1.50,1.20
2018.03.22 08:15:58.226,0.72481,0.7249,1.00,1.95
2018.03.22 08:15:58.765,0.7248,0.72489,1.00,1.12
2018.03.22 08:15:59.272,0.72479,0.72489,1.57,1.12
2018.03.22 08:16:02.143,0.72479,0.72489,1.12,4.57
2018.03.22 08:16:02.644,0.72479,0.72489,1.12,2.32
2018.03.22 08:16:03.326,0.7248,0.72489,1.00,2.32
2018.03.22 08:16:04.407,0.7248,0.72489,1.00,2.70
2018.03.22 08:16:04.916,0.7248,0.72487,1.00,1.00
2018.03.22 08:16:08.445,0.7248,0.72489,1.50,1.57
2018.03.22 08:16:10.255,0.7248,0.7249,1.50,3.45
2018.03.22 08:16:10.807,0.7248,0.7249,1.50,3.07
2018.03.22 08:16:11.350,0.7248,0.7249,1.50,3.45
2018.03.22 08:16:11.860,0.7248,0.7249,1.57,3.07
2018.03.22 08:16:13.217,0.72482,0.72492,3.07,1.57
2018.03.22 08:16:13.483,0.72488,0.72498,1.00,2.32
2018.03.22 08:16:14.014,0.72489,0.72498,1.12,1.10
2018.03.22 08:16:14.529,0.72488,0.72499,1.95,2.70
2018.03.22 08:16:15.047,0.72488,0.72499,1.95,2.32
2018.03.22 08:16:15.573,0.72488,0.72499,2.32,1.57
2018.03.22 08:16:16.123,0.72488,0.72499,1.95,1.95
2018.03.22 08:16:16.382,0.72487,0.72498,3.82,1.20
2018.03.22 08:16:17.874,0.72487,0.72496,1.07,1.12
2018.03.22 08:16:18.028,0.72485,0.72494,1.00,1.00
2018.03.22 08:16:18.544,0.72485,0.72494,1.00,3.00
2018.03.22 08:16:19.700,0.72485,0.72494,1.00,1.12
2018.03.22 08:16:20.875,0.72486,0.72494,1.00,1.12
2018.03.22 08:16:21.605,0.72486,0.72495,1.00,1.20
2018.03.22 08:16:22.147,0.72486,0.72494,1.00,1.00
2018.03.22 08:16:22.851,0.72486,0.72496,1.00,2.32
2018.03.22 08:16:23.108,0.72488,0.72497,1.00,3.07
2018.03.22 08:16:23.748,0.72488,0.72496,1.00,1.07
2018.03.22 08:16:24.264,0.72488,0.72496,1.00,1.10
2018.03.22 08:16:25.343,0.72486,0.72496,1.57,1.57
2018.03.22 08:16:25.849,0.72487,0.72496,1.00,3.07
2018.03.22 08:16:26.548,0.72487,0.72494,1.00,1.00
2018.03.22 08:16:27.063,0.72486,0.72496,1.87,4.95
2018.03.22 08:16:30.169,0.72486,0.72496,2.32,3.45
2018.03.22 08:16:30.687,0.72486,0.72495,1.87,1.20
2018.03.22 08:16:31.232,0.72486,0.72496,1.87,2.70
2018.03.22 08:16:34.045,0.72486,0.72493,1.87,1.00
2018.03.22 08:16:34.097,0.72486,0.72496,1.87,3.45
2018.03.22 08:16:34.627,0.72486,0.72494,1.00,1.00
2018.03.22 08:16:35.159,0.72486,0.72495,1.50,1.00
2018.03.22 08:16:35.680,0.72486,0.72496,1.50,3.45
2018.03.22 08:16:37.335,0.72486,0.72496,1.50,3.45
2018.03.22 08:16:41.247,0.72487,0.72496,1.00,1.57
2018.03.22 08:16:44.033,0.72487,0.72497,1.95,1.10
2018.03.22 08:16:44.545,0.72488,0.72498,1.20,1.00
2018.03.22 08:16:45.056,0.72489,0.72498,1.00,1.12
2018.03.22 08:16:46.387,0.72489,0.72498,1.00,1.20
2018.03.22 08:16:46.972,0.72489,0.72498,1.00,1.12
2018.03.22 08:16:50.839,0.72489,0.72498,1.12,1.50
2018.03.22 08:16:51.379,0.72489,0.72498,1.00,1.00
2018.03.22 08:16:52.501,0.72489,0.72499,1.12,1.95
2018.03.22 08:16:54.370,0.72489,0.72499,1.07,1.10
2018.03.22 08:16:54.886,0.72488,0.72499,4.20,1.20
2018.03.22 08:16:55.434,0.72489,0.72499,1.37,1.95
2018.03.22 08:16:55.950,0.72489,0.72499,1.10,1.57
2018.03.22 08:16:56.487,0.7249,0.72499,1.00,1.00
2018.03.22 08:16:57.977,0.72488,0.72499,3.45,1.10
2018.03.22 08:16:58.151,0.72488,0.72497,1.87,1.00
2018.03.22 08:17:02.335,0.72487,0.72498,2.32,1.57
2018.03.22 08:17:02.922,0.72487,0.72498,2.70,1.10
2018.03.22 08:17:04.938,0.72487,0.72498,2.70,1.31
2018.03.22 08:17:05.244,0.72487,0.72498,2.32,3.45
2018.03.22 08:17:08.295,0.72486,0.72495,1.00,1.00
2018.03.22 08:17:08.827,0.72485,0.72495,3.82,1.00
2018.03.22 08:17:09.372,0.72485,0.72496,3.82,1.07
2018.03.22 08:17:09.905,0.72485,0.72496,3.82,1.10
2018.03.22 08:17:10.506,0.72485,0.72496,3.82,1.07
2018.03.22 08:17:11.072,0.72485,0.72496,4.95,1.45
2018.03.22 08:17:14.068,0.72484,0.72494,1.95,4.87
2018.03.22 08:17:14.602,0.72482,0.72493,3.45,1.95
2018.03.22 08:17:15.547,0.72483,0.72493,1.10,1.95
2018.03.22 08:17:16.099,0.72483,0.72493,1.57,1.12
2018.03.22 08:17:17.070,0.72483,0.72492,1.00,1.00
2018.03.22 08:17:17.649,0.72483,0.72493,1.00,1.10
2018.03.22 08:17:18.674,0.72485,0.72495,1.50,1.07
2018.03.22 08:17:18.901,0.72484,0.72494,3.07,1.12
2018.03.22 08:17:19.621,0.72484,0.72494,2.32,1.57
2018.03.22 08:17:20.132,0.72484,0.72494,3.07,1.00
2018.03.22 08:17:23.419,0.72484,0.72494,2.70,1.10
2018.03.22 08:17:23.930,0.72484,0.72494,1.95,1.57
2018.03.22 08:17:24.694,0.72483,0.72493,1.10,2.25
2018.03.22 08:17:24.900,0.72484,0.72494,1.50,1.57
2018.03.22 08:17:26.585,0.72484,0.72492,1.50,1.00
2018.03.22 08:17:26.738,0.72484,0.72494,1.50,1.10
2018.03.22 08:17:27.269,0.72484,0.72494,1.57,2.32
2018.03.22 08:17:27.826,0.72484,0.72494,1.57,1.57
2018.03.22 08:17:29.852,0.72484,0.72494,1.57,1.12
2018.03.22 08:17:30.453,0.72485,0.72494,1.00,1.00
2018.03.22 08:17:31.276,0.72484,0.72494,3.82,1.00
2018.03.22 08:17:31.481,0.72484,0.72494,3.82,1.00
2018.03.22 08:17:31.982,0.72485,0.72495,1.00,1.57
2018.03.22 08:17:32.327,0.72486,0.72495,1.95,1.00
2018.03.22 08:17:33.300,0.72487,0.72497,1.10,1.20
2018.03.22 08:17:34.176,0.72487,0.72497,1.00,1.20
2018.03.22 08:17:36.791,0.72487,0.72497,1.00,1.20
2018.03.22 08:17:37.338,0.72487,0.72497,1.00,1.20
2018.03.22 08:17:38.249,0.72487,0.72498,2.70,1.95
2018.03.22 08:17:38.760,0.72488,0.72498,1.10,1.12
2018.03.22 08:17:39.273,0.72488,0.72499,3.07,1.20
2018.03.22 08:17:42.523,0.72488,0.72497,3.07,1.00
2018.03.22 08:17:43.031,0.72488,0.72498,2.25,1.10
2018.03.22 08:17:43.605,0.72488,0.72498,1.10,1.57
2018.03.22 08:17:44.409,0.72488,0.72499,2.32,1.95
2018.03.22 08:17:47.144,0.72488,0.72499,3.45,2.32
2018.03.22 08:17:49.198,0.72488,0.72498,3.45,1.07
2018.03.22 08:17:51.752,0.72488,0.72499,3.07,3.45
2018.03.22 08:17:52.285,0.72488,0.72499,4.95,1.20
2018.03.22 08:17:52.890,0.72489,0.72499,2.32,1.50
2018.03.22 08:17:53.408,0.7249,0.72499,1.00,1.50
2018.03.22 08:17:53.987,0.7249,0.72499,1.00,1.50
2018.03.22 08:17:55.772,0.7249,0.72499,1.00,1.12
2018.03.22 08:17:56.316,0.72489,0.72499,1.57,1.00
2018.03.22 08:17:56.897,0.72489,0.72499,1.57,1.07
2018.03.22 08:17:58.466,0.72489,0.72499,2.70,1.00
2018.03.22 08:18:01.398,0.7249,0.72499,1.00,1.12
2018.03.22 08:18:03.340,0.72489,0.72498,1.00,2.25
2018.03.22 08:18:06.206,0.72488,0.72498,1.95,2.25
2018.03.22 08:18:06.714,0.72487,0.72498,1.57,4.57
2018.03.22 08:18:08.014,0.72487,0.72497,1.00,4.20
2018.03.22 08:18:08.565,0.72486,0.72496,1.12,1.95
2018.03.22 08:18:09.999,0.72486,0.72496,3.00,1.10
2018.03.22 08:18:10.519,0.72487,0.72496,1.10,1.00
2018.03.22 08:18:11.681,0.72488,0.72498,1.00,1.95
2018.03.22 08:18:13.266,0.72487,0.72498,3.07,1.57
2018.03.22 08:18:17.908,0.72487,0.72497,1.57,2.32
2018.03.22 08:18:20.653,0.72487,0.72497,1.07,1.57
2018.03.22 08:18:21.164,0.72487,0.72498,1.95,3.45
2018.03.22 08:18:21.675,0.72487,0.72498,1.95,4.39
2018.03.22 08:18:21.878,0.72487,0.72498,2.32,1.20
2018.03.22 08:18:22.385,0.72488,0.72498,1.57,1.57
2018.03.22 08:18:22.916,0.72488,0.72498,1.00,1.76
2018.03.22 08:18:23.564,0.72488,0.72498,1.57,1.00
2018.03.22 08:18:24.124,0.72488,0.72498,1.57,1.50
2018.03.22 08:18:24.920,0.72488,0.72498,3.07,1.10
2018.03.22 08:18:25.437,0.72488,0.72498,1.50,2.32
2018.03.22 08:18:25.942,0.72488,0.72499,2.32,1.57
2018.03.22 08:18:26.454,0.72489,0.72499,1.12,4.57
2018.03.22 08:18:27.528,0.72489,0.72499,1.00,1.20
2018.03.22 08:18:29.919,0.72489,0.725,1.00,4.20
2018.03.22 08:18:30.451,0.72488,0.725,2.32,4.20
2018.03.22 08:18:30.959,0.72489,0.72499,1.00,1.10
2018.03.22 08:18:31.492,0.72488,0.725,2.32,2.70
2018.03.22 08:18:33.916,0.72488,0.725,2.32,4.20
2018.03.22 08:18:36.182,0.72489,0.72498,1.10,1.00
2018.03.22 08:18:37.726,0.72489,0.725,1.10,4.20
2018.03.22 08:18:39.841,0.72488,0.72497,1.57,1.00
2018.03.22 08:18:40.524,0.72488,0.72498,1.57,1.20
2018.03.22 08:18:41.052,0.72488,0.72499,1.57,2.14
2018.03.22 08:18:42.748,0.72488,0.72499,1.57,2.14
2018.03.22 08:18:43.298,0.72488,0.72499,1.57,1.95
2018.03.22 08:18:43.640,0.72488,0.72497,2.32,1.00
2018.03.22 08:18:44.054,0.72488,0.72499,1.57,1.95
2018.03.22 08:18:46.394,0.72488,0.72499,1.57,1.95
2018.03.22 08:18:46.941,0.72488,0.72499,1.50,1.95
2018.03.22 08:18:47.482,0.72488,0.72499,1.57,1.95
2018.03.22 08:18:49.676,0.72488,0.72499,1.57,1.57
2018.03.22 08:18:50.860,0.72488,0.72499,1.50,1.95
2018.03.22 08:18:52.667,0.72488,0.72499,1.57,1.57
2018.03.22 08:18:52.822,0.72488,0.72497,1.00,1.57
2018.03.22 08:18:52.873,0.72486,0.72496,3.07,1.00
2018.03.22 08:18:53.404,0.72487,0.72497,1.87,1.10
2018.03.22 08:18:54.056,0.72486,0.72496,5.32,1.00
2018.03.22 08:18:55.012,0.72486,0.72496,1.50,1.57
2018.03.22 08:18:55.065,0.72485,0.72495,1.20,3.75
2018.03.22 08:18:55.220,0.72483,0.72493,1.57,1.00
2018.03.22 08:18:55.746,0.72483,0.72493,1.07,1.10
2018.03.22 08:18:55.798,0.72482,0.72493,1.95,1.57
2018.03.22 08:18:57.369,0.72482,0.72493,1.95,1.50
2018.03.22 08:18:57.421,0.72486,0.72496,2.32,3.45
2018.03.22 08:18:57.525,0.72487,0.72497,1.07,2.32
2018.03.22 08:18:57.833,0.72486,0.72496,2.32,1.00
2018.03.22 08:18:58.704,0.72486,0.72496,1.57,1.50
2018.03.22 08:19:01.329,0.72486,0.72493,1.50,1.00
2018.03.22 08:19:01.380,0.72484,0.72493,1.07,1.00
2018.03.22 08:19:01.589,0.72487,0.72496,1.00,1.95
2018.03.22 08:19:02.100,0.72488,0.72497,1.12,1.57
2018.03.22 08:19:04.292,0.72488,0.72497,1.00,1.50
2018.03.22 08:19:05.005,0.72488,0.72497,1.00,1.37
2018.03.22 08:19:05.542,0.72488,0.72497,1.10,1.10
2018.03.22 08:19:06.195,0.72488,0.72497,1.20,1.47
2018.03.22 08:19:07.430,0.72486,0.72497,3.82,1.10
2018.03.22 08:19:07.944,0.72487,0.72497,1.10,3.07
2018.03.22 08:19:08.445,0.72488,0.72497,1.00,1.10
2018.03.22 08:19:13.331,0.72488,0.72499,2.32,2.32
2018.03.22 08:19:13.486,0.72489,0.72499,2.32,1.57
2018.03.22 08:19:14.029,0.72491,0.725,1.20,1.20
2018.03.22 08:19:18.797,0.7249,0.725,1.50,1.76
2018.03.22 08:19:19.330,0.72489,0.72499,1.50,2.32
2018.03.22 08:19:19.843,0.72489,0.72498,1.00,1.00
2018.03.22 08:19:20.364,0.72489,0.72499,1.12,2.70
2018.03.22 08:19:21.453,0.72489,0.72499,1.20,3.07
2018.03.22 08:19:21.962,0.72489,0.72499,1.12,3.07
2018.03.22 08:19:22.413,0.72488,0.72498,2.25,1.57
2018.03.22 08:19:22.933,0.72487,0.72498,2.32,1.57
2018.03.22 08:19:23.458,0.72487,0.72498,2.32,1.95
2018.03.22 08:19:23.617,0.72487,0.72498,1.95,1.57
2018.03.22 08:19:24.162,0.72486,0.72498,5.70,3.45
2018.03.22 08:19:24.269,0.72484,0.72493,1.95,1.20
2018.03.22 08:19:24.374,0.72483,0.72494,3.45,1.20
2018.03.22 08:19:24.426,0.72484,0.72493,4.12,1.00
2018.03.22 08:19:24.958,0.72485,0.72494,1.37,1.12
2018.03.22 08:19:25.735,0.72487,0.72496,1.12,1.57
2018.03.22 08:19:26.256,0.72487,0.72497,2.25,2.70
2018.03.22 08:19:28.105,0.72487,0.72497,3.75,2.70
2018.03.22 08:19:28.827,0.72487,0.72497,1.87,2.70
2018.03.22 08:19:29.979,0.72487,0.72497,1.50,2.32
2018.03.22 08:19:30.523,0.72487,0.72497,1.95,1.00
2018.03.22 08:19:31.086,0.72487,0.72497,1.95,1.10
2018.03.22 08:19:34.692,0.72488,0.72497,1.95,1.00
2018.03.22 08:19:35.177,0.72489,0.725,2.32,2.70
2018.03.22 08:19:39.373,0.7249,0.725,1.00,2.32
2018.03.22 08:19:42.004,0.7249,0.725,1.00,2.70
2018.03.22 08:19:42.812,0.72489,0.725,2.32,2.70
2018.03.22 08:19:43.364,0.72489,0.725,1.50,2.32
2018.03.22 08:19:43.876,0.72489,0.725,1.57,3.82
2018.03.22 08:19:44.994,0.72489,0.72499,1.50,1.20
2018.03.22 08:19:45.148,0.72488,0.72497,1.57,1.00
2018.03.22 08:19:48.117,0.72488,0.72497,2.32,1.00
2018.03.22 08:19:49.344,0.72488,0.72497,1.10,1.00
2018.03.22 08:19:51.537,0.72489,0.72497,1.00,1.00
2018.03.22 08:19:51.849,0.72491,0.72497,1.00,1.00
2018.03.22 08:19:52.829,0.72491,0.72499,1.00,1.95
2018.03.22 08:19:53.346,0.72491,0.725,1.00,2.32
2018.03.22 08:19:54.158,0.72491,0.725,1.00,3.07
2018.03.22 08:19:56.295,0.72491,0.725,1.95,2.25
2018.03.22 08:19:57.628,0.72492,0.725,1.95,2.25
2018.03.22 08:19:57.681,0.72492,0.725,1.95,2.25
2018.03.22 08:19:57.885,0.72493,0.725,1.00,1.12
2018.03.22 08:19:58.536,0.72493,0.725,1.95,1.12
2018.03.22 08:19:59.054,0.72493,0.725,1.95,1.12
2018.03.22 08:20:00.626,0.72493,0.725,1.95,1.50
2018.03.22 08:20:08.032,0.72493,0.725,1.60,1.50
2018.03.22 08:20:08.561,0.72493,0.725,1.00,1.50
2018.03.22 08:20:12.547,0.72493,0.725,1.00,1.12
2018.03.22 08:20:24.976,0.72494,0.72501,1.00,3.45
2018.03.22 08:20:34.281,0.72493,0.72501,1.00,3.45
2018.03.22 08:20:34.790,0.72492,0.72499,1.00,1.00
2018.03.22 08:20:52.458,0.72492,0.725,1.12,1.87
2018.03.22 08:20:56.283,0.72492,0.725,1.00,1.57
2018.03.22 08:20:58.675,0.72492,0.725,1.00,2.70
2018.03.22 08:20:59.210,0.72491,0.725,1.00,2.70
2018.03.22 08:20:59.726,0.72491,0.72498,1.00,1.20
2018.03.22 08:21:00.902,0.72491,0.72498,1.00,1.20
2018.03.22 08:21:02.905,0.72491,0.72498,1.00,1.20
2018.03.22 08:21:03.517,0.72491,0.72498,1.00,1.30
2018.03.22 08:21:04.091,0.72491,0.72498,1.00,1.72
2018.03.22 08:21:05.014,0.72491,0.72498,1.00,1.72
2018.03.22 08:21:05.575,0.72491,0.72498,1.00,1.27
2018.03.22 08:21:07.980,0.72491,0.72498,1.00,1.10
2018.03.22 08:21:11.284,0.72492,0.72499,1.00,1.35
2018.03.22 08:21:17.949,0.72493,0.72499,1.00,1.12
2018.03.22 08:21:18.736,0.72493,0.72499,1.00,1.35
2018.03.22 08:21:20.032,0.72493,0.72499,1.00,1.35
2018.03.22 08:21:20.618,0.72492,0.72499,1.00,1.35
2018.03.22 08:21:21.154,0.72492,0.72499,1.00,1.35
2018.03.22 08:21:27.912,0.72492,0.72499,1.00,1.35
2018.03.22 08:21:28.550,0.72492,0.72499,1.00,1.72
2018.03.22 08:21:29.275,0.72492,0.72499,1.00,2.47
2018.03.22 08:21:30.390,0.72492,0.72499,1.00,1.72
2018.03.22 08:21:32.015,0.72492,0.72499,1.00,1.72
2018.03.22 08:21:33.072,0.72492,0.72499,1.00,1.72
2018.03.22 08:21:38.839,0.72491,0.72499,1.00,1.65
2018.03.22 08:21:39.366,0.72491,0.72499,1.00,1.65
2018.03.22 08:21:39.961,0.72491,0.72499,1.00,1.65
2018.03.22 08:21:41.808,0.7249,0.72498,1.00,4.12
2018.03.22 08:21:42.407,0.7249,0.72497,1.00,1.20
2018.03.22 08:21:44.368,0.72492,0.72498,1.00,2.47
2018.03.22 08:21:44.897,0.72492,0.72498,1.00,1.65
2018.03.22 08:21:47.427,0.72492,0.72498,1.00,1.65
2018.03.22 08:21:49.619,0.7249,0.72497,1.00,1.20
2018.03.22 08:21:52.153,0.72484,0.72492,3.45,1.00
2018.03.22 08:21:52.209,0.72487,0.72494,1.00,1.87
2018.03.22 08:21:52.525,0.72486,0.72492,1.00,1.85
2018.03.22 08:21:52.576,0.72484,0.72492,1.00,1.85
2018.03.22 08:21:53.822,0.72484,0.72491,1.00,3.60
2018.03.22 08:21:55.076,0.72483,0.72491,1.00,3.22
2018.03.22 08:21:55.651,0.72483,0.72491,1.00,2.05
2018.03.22 08:21:55.702,0.72485,0.72491,1.00,1.72
2018.03.22 08:21:55.957,0.72485,0.72492,1.00,1.20
2018.03.22 08:21:56.874,0.72486,0.72492,1.00,1.00
2018.03.22 08:21:57.386,0.72485,0.72493,1.00,1.35
2018.03.22 08:21:58.398,0.72485,0.72491,1.00,1.00
2018.03.22 08:21:58.931,0.72484,0.72491,1.00,2.47
2018.03.22 08:22:00.359,0.72483,0.72491,1.00,2.47
2018.03.22 08:22:02.429,0.72483,0.72491,1.00,3.97
2018.03.22 08:22:02.964,0.72482,0.72491,1.00,2.47
2018.03.22 08:22:03.479,0.72483,0.72491,1.00,2.47
2018.03.22 08:22:04.343,0.72482,0.72491,1.00,3.22
2018.03.22 08:22:04.854,0.72483,0.72491,1.00,2.47
2018.03.22 08:22:05.787,0.7248,0.72491,2.32,2.47
2018.03.22 08:22:06.759,0.72482,0.72491,1.20,1.35
2018.03.22 08:22:06.965,0.72484,0.72493,1.75,1.22
2018.03.22 08:22:07.436,0.72486,0.72495,1.12,1.00
2018.03.22 08:22:08.180,0.72486,0.72496,1.12,2.85
2018.03.22 08:22:08.386,0.72486,0.72494,1.00,1.12
2018.03.22 08:22:08.898,0.72485,0.72494,1.12,1.00
2018.03.22 08:22:09.990,0.72484,0.72494,1.95,1.65
2018.03.22 08:22:10.498,0.72484,0.72493,1.95,1.20
2018.03.22 08:22:11.011,0.72485,0.72494,1.00,1.65
2018.03.22 08:22:12.127,0.72484,0.72493,1.87,1.27
2018.03.22 08:22:12.666,0.72485,0.72494,1.87,1.20
2018.03.22 08:22:20.692,0.72485,0.72493,1.95,1.00
2018.03.22 08:22:21.214,0.72485,0.72494,1.20,1.57
2018.03.22 08:22:21.818,0.72486,0.72496,1.50,1.72
2018.03.22 08:22:22.076,0.72487,0.72496,1.12,1.00
2018.03.22 08:22:22.580,0.72488,0.72497,1.50,1.20
2018.03.22 08:22:23.622,0.72489,0.72499,1.00,1.72
2018.03.22 08:22:23.884,0.7249,0.725,1.50,2.10
2018.03.22 08:22:24.610,0.72491,0.725,1.12,2.02
2018.03.22 08:22:25.136,0.72491,0.725,1.87,1.57
2018.03.22 08:22:35.939,0.72491,0.725,1.87,1.27
2018.03.22 08:22:36.570,0.7249,0.72499,1.57,1.00
2018.03.22 08:22:37.072,0.7249,0.72498,1.00,1.00
2018.03.22 08:22:37.581,0.72488,0.72498,1.57,2.32
2018.03.22 08:22:38.528,0.72488,0.72498,1.57,2.47
2018.03.22 08:22:41.063,0.72488,0.72498,1.10,1.00
2018.03.22 08:22:41.372,0.7249,0.72499,1.00,3.97
2018.03.22 08:22:42.363,0.72489,0.72499,1.87,3.22
2018.03.22 08:22:43.050,0.72489,0.72499,1.57,1.27
2018.03.22 08:22:43.635,0.72489,0.72499,1.50,1.35
2018.03.22 08:22:44.177,0.72489,0.72499,1.50,1.35
2018.03.22 08:22:44.628,0.72489,0.72497,1.00,1.50
2018.03.22 08:22:44.684,0.72487,0.72497,2.32,2.44
2018.03.22 08:22:45.289,0.72488,0.72496,1.00,1.12
2018.03.22 08:22:45.809,0.72487,0.72496,1.00,1.12
2018.03.22 08:22:47.758,0.72488,0.72496,1.00,1.20
2018.03.22 08:22:48.838,0.72488,0.72497,1.50,1.12
2018.03.22 08:22:49.348,0.72487,0.72497,1.00,5.10
2018.03.22 08:22:49.555,0.72485,0.72494,1.07,1.00
2018.03.22 08:22:49.812,0.72487,0.72497,1.00,3.22
2018.03.22 08:22:51.372,0.72487,0.72497,1.00,2.66
2018.03.22 08:22:51.880,0.72487,0.72497,1.10,2.66
2018.03.22 08:22:53.043,0.72486,0.72497,2.70,1.84
2018.03.22 08:22:53.561,0.72487,0.72497,1.10,1.65
2018.03.22 08:22:54.100,0.72487,0.72497,1.10,2.47
2018.03.22 08:22:54.646,0.72487,0.72497,1.10,2.47
2018.03.22 08:22:56.172,0.72487,0.72497,1.10,2.47
2018.03.22 08:22:56.846,0.72487,0.72497,1.10,2.47
2018.03.22 08:22:58.667,0.72487,0.72497,1.10,2.47
2018.03.22 08:22:59.177,0.72487,0.72497,1.10,2.47
2018.03.22 08:22:59.809,0.72487,0.72497,1.00,1.72
2018.03.22 08:23:06.400,0.72487,0.72497,1.12,1.72
2018.03.22 08:23:10.172,0.72487,0.72497,1.12,1.72
2018.03.22 08:23:10.685,0.72487,0.72497,1.20,1.65
2018.03.22 08:23:11.195,0.72487,0.72497,1.20,1.65
2018.03.22 08:23:11.726,0.72487,0.72496,1.12,1.27
2018.03.22 08:23:12.293,0.72487,0.72496,1.12,1.27
2018.03.22 08:23:12.843,0.72487,0.72496,1.12,1.27
2018.03.22 08:23:13.542,0.72487,0.72496,1.00,1.27
2018.03.22 08:23:14.081,0.72487,0.72496,1.37,1.57
2018.03.22 08:23:15.434,0.72487,0.72497,1.00,1.72
2018.03.22 08:23:17.122,0.72487,0.72497,1.20,1.65
2018.03.22 08:23:17.630,0.72487,0.72497,1.00,1.72
2018.03.22 08:23:18.240,0.72487,0.72497,1.00,1.72
2018.03.22 08:23:18.741,0.72487,0.72497,1.00,1.72
2018.03.22 08:23:19.559,0.72487,0.72497,1.10,1.65
2018.03.22 08:23:20.075,0.72487,0.72497,1.10,1.65
2018.03.22 08:23:20.584,0.72488,0.72497,1.00,1.65
2018.03.22 08:23:21.106,0.72487,0.72497,1.10,2.47
2018.03.22 08:23:22.267,0.72487,0.72497,1.20,3.52
2018.03.22 08:23:23.619,0.72487,0.72497,1.00,2.47
2018.03.22 08:23:26.667,0.72487,0.72497,1.10,1.65
2018.03.22 08:23:27.308,0.72487,0.72497,1.10,1.65
2018.03.22 08:23:28.538,0.72487,0.72497,1.10,3.52
2018.03.22 08:23:29.383,0.72487,0.72497,1.10,3.52
2018.03.22 08:23:29.486,0.72489,0.72498,1.00,3.97
2018.03.22 08:23:29.957,0.72489,0.72498,1.00,2.40
2018.03.22 08:23:30.481,0.72489,0.72499,1.10,3.15
2018.03.22 08:23:31.019,0.72489,0.72499,1.50,3.41
2018.03.22 08:23:31.553,0.72489,0.72499,1.00,3.41
2018.03.22 08:23:32.066,0.72489,0.72499,1.00,3.41
2018.03.22 08:23:33.851,0.72489,0.72498,1.10,1.25
2018.03.22 08:23:34.363,0.72489,0.72498,1.10,1.25
2018.03.22 08:23:34.610,0.7249,0.725,1.00,2.32
2018.03.22 08:23:34.662,0.72492,0.725,1.00,1.07
2018.03.22 08:23:34.713,0.72492,0.72501,1.10,1.57
2018.03.22 08:23:34.920,0.72493,0.72502,1.50,1.57
2018.03.22 08:23:35.075,0.72496,0.72506,1.57,1.10
2018.03.22 08:23:35.606,0.72497,0.72507,1.12,1.10
2018.03.22 08:23:36.220,0.72497,0.72506,1.12,1.00
2018.03.22 08:23:36.740,0.72497,0.72508,1.87,3.45
2018.03.22 08:23:41.403,0.72498,0.72508,1.50,1.95
2018.03.22 08:23:41.660,0.72494,0.72504,3.07,1.50
2018.03.22 08:23:41.925,0.72496,0.72506,1.57,1.00
2018.03.22 08:23:42.445,0.72496,0.72506,1.20,1.00
2018.03.22 08:23:43.151,0.72495,0.72506,3.45,3.07
2018.03.22 08:23:43.202,0.72495,0.72505,3.07,1.00
2018.03.22 08:23:43.744,0.72495,0.72506,3.07,1.10
2018.03.22 08:23:46.043,0.72495,0.72506,3.00,1.32
2018.03.22 08:23:46.576,0.72495,0.72506,3.07,1.20
2018.03.22 08:23:47.901,0.72495,0.72506,6.45,1.10
2018.03.22 08:23:48.412,0.72497,0.72507,1.12,2.32
2018.03.22 08:23:49.062,0.72496,0.72507,4.57,2.14
2018.03.22 08:23:49.663,0.72496,0.72507,4.12,2.14
2018.03.22 08:23:51.366,0.72496,0.72504,1.00,1.00
2018.03.22 08:23:51.418,0.72493,0.72502,1.00,1.12
2018.03.22 08:23:51.521,0.72491,0.72501,1.10,1.25
2018.03.22 08:23:51.656,0.72491,0.72501,2.62,1.57
2018.03.22 08:23:52.168,0.72491,0.72501,1.50,1.10
2018.03.22 08:23:52.686,0.7249,0.72501,2.70,3.07
2018.03.22 08:23:53.199,0.72491,0.725,1.00,1.10
2018.03.22 08:23:53.876,0.7249,0.725,1.12,1.57
2018.03.22 08:23:56.266,0.72491,0.725,2.25,1.50
2018.03.22 08:23:58.261,0.7249,0.72501,4.20,1.57
2018.03.22 08:24:01.412,0.7249,0.72501,4.57,2.51
2018.03.22 08:24:01.717,0.7249,0.72499,2.70,1.00
2018.03.22 08:24:02.526,0.7249,0.725,1.20,1.00
2018.03.22 08:24:04.488,0.7249,0.725,2.25,1.01
2018.03.22 08:24:05.121,0.7249,0.725,1.00,1.57
2018.03.22 08:24:05.699,0.7249,0.725,2.25,1.57
2018.03.22 08:24:06.553,0.72489,0.72499,1.87,1.10
2018.03.22 08:24:10.458,0.72488,0.72499,4.20,1.10
2018.03.22 08:24:10.611,0.72488,0.72499,4.20,1.10
2018.03.22 08:24:11.002,0.7249,0.72499,1.00,1.50
2018.03.22 08:24:11.823,0.72488,0.72499,2.32,1.10
2018.03.22 08:24:12.028,0.72489,0.725,1.57,2.70
2018.03.22 08:24:12.740,0.72489,0.725,1.00,1.95
2018.03.22 08:24:13.415,0.72489,0.725,1.10,6.07
2018.03.22 08:24:14.116,0.72489,0.72499,1.10,2.25
2018.03.22 08:24:15.024,0.72489,0.725,1.10,1.95
2018.03.22 08:24:15.454,0.72489,0.72499,1.00,1.57
2018.03.22 08:24:15.719,0.72487,0.72498,3.07,2.32
2018.03.22 08:24:15.974,0.72487,0.72497,1.57,3.64
2018.03.22 08:24:16.554,0.72488,0.72497,1.10,1.95
2018.03.22 08:24:19.578,0.72488,0.72497,1.95,1.12
2018.03.22 08:24:20.094,0.72488,0.72498,2.32,1.87
2018.03.22 08:24:20.721,0.72488,0.72498,1.57,1.95
2018.03.22 08:24:22.072,0.7249,0.72499,1.00,2.32
2018.03.22 08:24:22.279,0.7249,0.72501,2.25,2.70
2018.03.22 08:24:22.867,0.7249,0.72501,2.32,2.70
2018.03.22 08:24:24.132,0.72491,0.72501,2.25,2.70
2018.03.22 08:24:24.749,0.72492,0.72502,3.82,1.00
2018.03.22 08:24:25.259,0.72492,0.72502,2.32,1.00
2018.03.22 08:24:25.622,0.7249,0.72501,4.57,1.57
2018.03.22 08:24:26.151,0.72489,0.725,2.32,3.00
2018.03.22 08:24:26.568,0.72488,0.72499,2.70,1.95
2018.03.22 08:24:27.749,0.72488,0.72499,3.07,1.95
2018.03.22 08:24:28.335,0.72489,0.72499,2.32,1.00
2018.03.22 08:24:29.491,0.7249,0.725,1.00,2.51
2018.03.22 08:24:30.775,0.72489,0.72499,1.20,1.00
2018.03.22 08:24:33.218,0.72489,0.72499,3.82,1.00
2018.03.22 08:24:33.747,0.72489,0.72498,1.50,1.00
2018.03.22 08:24:34.292,0.72489,0.72499,2.25,1.20
2018.03.22 08:24:35.096,0.72489,0.72499,1.10,1.95
2018.03.22 08:24:35.973,0.72488,0.72497,1.10,1.00
2018.03.22 08:24:36.982,0.72487,0.72498,1.57,2.32
2018.03.22 08:24:37.549,0.72487,0.72497,2.32,1.00
2018.03.22 08:24:38.071,0.72487,0.72497,2.32,1.10
2018.03.22 08:24:39.572,0.72488,0.72497,2.32,1.00
2018.03.22 08:24:40.344,0.72488,0.72499,1.95,1.57
2018.03.22 08:24:40.880,0.72488,0.72498,1.20,1.00
2018.03.22 08:24:41.410,0.72488,0.72499,2.70,1.95
2018.03.22 08:24:42.715,0.72488,0.72499,3.45,2.62
2018.03.22 08:24:43.269,0.72488,0.72499,3.82,2.70
2018.03.22 08:24:43.584,0.72489,0.72499,1.07,2.25
2018.03.22 08:24:44.091,0.72489,0.72499,1.57,1.57
2018.03.22 08:24:46.004,0.72489,0.72499,1.57,1.00
2018.03.22 08:24:46.516,0.72489,0.72499,2.32,1.50
2018.03.22 08:24:47.261,0.72489,0.72499,1.95,2.25
2018.03.22 08:24:53.564,0.72489,0.72498,1.95,1.00
2018.03.22 08:24:56.800,0.72489,0.72498,1.57,1.00
2018.03.22 08:24:57.337,0.72489,0.72498,1.57,1.00
2018.03.22 08:24:57.884,0.72489,0.72498,1.57,1.12
2018.03.22 08:24:59.180,0.72488,0.72499,3.82,1.57
2018.03.22 08:24:59.853,0.72488,0.72499,3.45,1.57
2018.03.22 08:25:00.371,0.7249,0.72499,1.00,1.57
2018.03.22 08:25:06.448,0.72489,0.72497,1.95,1.00
2018.03.22 08:25:08.458,0.72489,0.72498,1.57,1.00
2018.03.22 08:25:10.163,0.72489,0.72498,1.07,1.00
2018.03.22 08:25:11.492,0.72489,0.72498,1.57,1.00
2018.03.22 08:25:11.801,0.72492,0.725,1.00,1.00
2018.03.22 08:25:15.285,0.72493,0.725,1.00,1.00
2018.03.22 08:25:15.490,0.72501,0.7251,1.87,2.25
2018.03.22 08:25:16.033,0.725,0.72509,1.57,1.12
2018.03.22 08:25:16.716,0.72501,0.7251,1.00,1.10
2018.03.22 08:25:21.520,0.72501,0.7251,2.32,1.00
2018.03.22 08:25:21.852,0.72502,0.72512,1.87,1.57
2018.03.22 08:25:22.367,0.72503,0.72511,1.10,1.50
2018.03.22 08:25:22.916,0.72502,0.72511,1.00,1.00
2018.03.22 08:25:25.943,0.72508,0.72518,1.12,2.51
2018.03.22 08:25:26.248,0.72511,0.72518,1.12,1.00
2018.03.22 08:25:26.795,0.72511,0.72519,1.20,1.00
2018.03.22 08:25:31.053,0.72511,0.72521,1.00,1.10
2018.03.22 08:25:31.952,0.72511,0.72521,1.10,1.07
2018.03.22 08:25:32.453,0.72511,0.72521,1.50,1.76
2018.03.22 08:25:33.435,0.72512,0.72521,1.00,1.00
2018.03.22 08:25:37.525,0.72512,0.72521,1.47,1.57
2018.03.22 08:25:39.556,0.72512,0.72521,1.12,1.00
2018.03.22 08:25:41.486,0.72512,0.72521,1.95,1.50
2018.03.22 08:25:41.691,0.72512,0.72523,1.20,3.45
2018.03.22 08:25:41.795,0.72517,0.72524,1.00,1.20
2018.03.22 08:25:41.846,0.72517,0.72525,1.50,1.00
2018.03.22 08:25:42.381,0.72517,0.72525,3.75,1.00
2018.03.22 08:25:42.779,0.72514,0.72521,1.95,1.00
2018.03.22 08:25:42.830,0.72513,0.72522,1.10,1.50
2018.03.22 08:25:43.422,0.72512,0.72521,1.47,1.00
2018.03.22 08:25:43.687,0.72515,0.72522,1.00,1.50
2018.03.22 08:25:44.203,0.72514,0.72521,1.12,1.00
2018.03.22 08:25:44.618,0.72514,0.72524,1.50,2.32
2018.03.22 08:25:44.670,0.72514,0.72522,1.00,1.50
2018.03.22 08:25:46.237,0.72516,0.72522,1.00,1.00
2018.03.22 08:25:46.341,0.72514,0.72522,3.00,1.00
2018.03.22 08:25:46.393,0.72516,0.72522,1.00,1.00
2018.03.22 08:25:46.497,0.72516,0.72524,1.87,1.00
2018.03.22 08:25:46.788,0.72513,0.72522,1.57,1.00
2018.03.22 08:25:47.335,0.72513,0.72522,1.57,1.00
2018.03.22 08:25:48.378,0.72512,0.72522,1.95,1.00
2018.03.22 08:25:49.223,0.72512,0.72521,1.95,1.00
2018.03.22 08:25:50.567,0.72513,0.72521,1.10,1.12
2018.03.22 08:25:51.070,0.72513,0.72522,1.00,3.37
2018.03.22 08:25:51.577,0.72513,0.72522,1.50,1.12
2018.03.22 08:26:00.106,0.72513,0.72523,1.50,3.07
2018.03.22 08:26:00.873,0.72514,0.72524,1.00,4.20
2018.03.22 08:26:01.680,0.72514,0.72523,1.87,1.00
2018.03.22 08:26:02.208,0.72514,0.72524,2.25,2.70
2018.03.22 08:26:02.851,0.72514,0.72523,2.25,1.00
2018.03.22 08:26:03.395,0.72514,0.72524,2.25,1.95
2018.03.22 08:26:04.104,0.72514,0.72523,1.50,1.50
2018.03.22 08:26:05.911,0.72514,0.72524,1.50,2.51
2018.03.22 08:26:05.962,0.72514,0.72523,1.12,1.37
2018.03.22 08:26:06.359,0.72516,0.72524,1.00,1.95
2018.03.22 08:26:06.629,0.72514,0.72523,1.50,1.12
2018.03.22 08:26:08.604,0.72514,0.72522,1.50,1.00
2018.03.22 08:26:11.758,0.72514,0.72521,1.12,1.00
2018.03.22 08:26:12.281,0.72514,0.7252,1.00,1.00
2018.03.22 08:26:12.910,0.72514,0.72521,1.00,1.50
2018.03.22 08:26:12.961,0.72512,0.72521,1.00,1.50
2018.03.22 08:26:24.733,0.72512,0.7252,1.50,1.00
2018.03.22 08:26:25.247,0.72511,0.7252,1.10,1.10
2018.03.22 08:26:29.209,0.72511,0.72521,1.10,1.00
2018.03.22 08:26:34.307,0.72511,0.72521,1.10,1.07
2018.03.22 08:26:35.169,0.72511,0.72521,1.00,1.10
2018.03.22 08:26:37.433,0.72511,0.72521,1.00,3.82
2018.03.22 08:26:46.035,0.72511,0.72521,1.00,4.01
2018.03.22 08:26:47.001,0.72511,0.72521,1.00,4.39
2018.03.22 08:26:48.274,0.72511,0.7252,1.20,1.12
2018.03.22 08:26:49.920,0.72511,0.7252,1.20,1.37
2018.03.22 08:26:50.464,0.72511,0.7252,1.20,1.00
2018.03.22 08:26:54.946,0.72511,0.7252,1.20,1.50
2018.03.22 08:26:55.631,0.72511,0.7252,1.95,1.50
2018.03.22 08:26:55.910,0.72511,0.7252,1.20,1.50
2018.03.22 08:26:56.454,0.72511,0.7252,1.20,1.00
2018.03.22 08:26:58.445,0.72511,0.72517,1.45,1.00
2018.03.22 08:26:58.627,0.72509,0.72516,1.00,1.12
2018.03.22 08:26:58.684,0.72507,0.72516,1.00,1.12
2018.03.22 08:26:59.660,0.72506,0.72516,1.95,1.12
2018.03.22 08:27:00.017,0.72509,0.72517,1.00,1.00
2018.03.22 08:27:00.070,0.7251,0.72519,3.75,1.10
2018.03.22 08:27:00.595,0.7251,0.72519,4.20,1.00
2018.03.22 08:27:01.097,0.72512,0.7252,1.00,1.00
2018.03.22 08:27:01.600,0.72512,0.72522,1.50,5.14
2018.03.22 08:27:02.105,0.72511,0.72521,2.70,1.00
2018.03.22 08:27:02.665,0.72512,0.72522,1.00,5.70
2018.03.22 08:27:03.374,0.72513,0.72521,1.00,1.87
2018.03.22 08:27:04.606,0.72512,0.72521,1.00,3.45
2018.03.22 08:27:06.184,0.7251,0.72521,3.07,1.95
2018.03.22 08:27:10.844,0.7251,0.72521,4.57,1.95
2018.03.22 08:27:12.504,0.72513,0.72521,1.00,1.95
2018.03.22 08:27:13.024,0.72513,0.72523,1.95,1.57
2018.03.22 08:27:13.613,0.72515,0.72523,1.12,1.00
2018.03.22 08:27:14.962,0.72515,0.72522,1.00,1.00
2018.03.22 08:27:15.499,0.72515,0.72523,1.00,1.00
2018.03.22 08:27:16.761,0.72515,0.72524,1.00,1.00
2018.03.22 08:27:16.863,0.72519,0.72528,1.50,1.07
2018.03.22 08:27:16.915,0.72519,0.72529,3.82,1.12
2018.03.22 08:27:17.458,0.72521,0.7253,1.20,1.00
2018.03.22 08:27:21.160,0.72521,0.7253,1.20,1.00
2018.03.22 08:27:24.083,0.72521,0.7253,1.20,1.00
2018.03.22 08:27:33.075,0.72522,0.7253,1.00,1.00
2018.03.22 08:27:38.809,0.72522,0.72532,1.00,3.07
2018.03.22 08:27:40.486,0.72522,0.72531,2.25,1.00
2018.03.22 08:27:41.229,0.72522,0.72532,1.00,2.32
2018.03.22 08:27:47.927,0.72522,0.72531,1.12,1.00
2018.03.22 08:27:49.590,0.72524,0.72531,1.00,1.00
2018.03.22 08:27:51.917,0.72527,0.72535,1.00,3.75
2018.03.22 08:27:52.454,0.72528,0.72535,1.00,1.00
2018.03.22 08:27:53.021,0.72531,0.72539,1.50,1.00
2018.03.22 08:27:53.124,0.72532,0.72539,1.95,1.00
2018.03.22 08:27:53.175,0.72533,0.72541,1.50,1.50
2018.03.22 08:27:54.565,0.72538,0.72544,4.12,1.12
2018.03.22 08:27:54.675,0.7254,0.72548,1.00,1.10
2018.03.22 08:27:54.727,0.72541,0.7255,3.07,1.00
2018.03.22 08:27:55.260,0.72541,0.7255,1.95,1.00
2018.03.22 08:27:55.570,0.72542,0.72552,4.20,2.25
2018.03.22 08:27:56.110,0.72542,0.72552,2.32,1.87
2018.03.22 08:27:57.063,0.72542,0.72552,4.20,1.87
2018.03.22 08:27:57.657,0.72543,0.72552,1.10,1.95
2018.03.22 08:27:58.439,0.72543,0.72551,1.10,1.00
2018.03.22 08:28:00.061,0.72542,0.72552,1.57,1.95
2018.03.22 08:28:00.596,0.72541,0.72552,5.70,2.62
2018.03.22 08:28:01.313,0.72541,0.72551,8.32,1.00
2018.03.22 08:28:01.819,0.72541,0.72552,5.32,2.25
2018.03.22 08:28:02.956,0.72541,0.72551,1.57,1.00
2018.03.22 08:28:05.594,0.72541,0.72551,3.45,1.00
2018.03.22 08:28:11.591,0.7254,0.7255,1.57,1.12
2018.03.22 08:28:11.693,0.7254,0.7255,1.20,2.81
2018.03.22 08:28:11.969,0.7254,0.72547,1.20,1.00
2018.03.22 08:28:12.494,0.7254,0.72546,1.20,1.00
2018.03.22 08:28:12.717,0.7254,0.72548,1.20,1.50
2018.03.22 08:28:13.225,0.7254,0.72547,1.20,1.00
2018.03.22 08:28:13.903,0.7254,0.72548,1.20,1.50
2018.03.22 08:28:14.880,0.7254,0.72547,1.20,1.00
2018.03.22 08:28:16.477,0.7254,0.72546,1.07,1.00
2018.03.22 08:28:16.803,0.72539,0.72548,2.70,1.00
2018.03.22 08:28:16.907,0.72539,0.7255,3.07,2.25
2018.03.22 08:28:17.448,0.7254,0.7255,2.32,2.32
2018.03.22 08:28:21.303,0.72542,0.72552,1.12,4.20
2018.03.22 08:28:21.822,0.72542,0.72552,1.57,1.50
2018.03.22 08:28:22.871,0.72542,0.72551,3.07,1.00
2018.03.22 08:28:23.660,0.72542,0.72552,1.57,1.50
2018.03.22 08:28:24.182,0.72542,0.72551,1.57,1.00
2018.03.22 08:28:30.137,0.72542,0.72552,3.45,1.50
2018.03.22 08:28:30.554,0.72541,0.7255,3.07,1.00
2018.03.22 08:28:32.860,0.72543,0.72551,1.57,1.00
2018.03.22 08:28:33.167,0.72544,0.72553,3.82,1.00
2018.03.22 08:28:33.298,0.72549,0.72557,1.10,1.00
2018.03.22 08:28:33.400,0.72551,0.72559,1.00,1.12
2018.03.22 08:28:36.086,0.72553,0.72559,1.00,1.00
2018.03.22 08:28:36.780,0.72553,0.7256,1.00,1.12
2018.03.22 08:28:50.302,0.72552,0.7256,1.00,1.00
2018.03.22 08:28:52.793,0.72553,0.7256,1.00,1.00
2018.03.22 08:28:55.279,0.72552,0.7256,1.20,1.00
2018.03.22 08:29:00.147,0.72552,0.7256,1.20,1.00
2018.03.22 08:29:02.637,0.72554,0.7256,1.00,1.00
2018.03.22 08:29:03.208,0.72554,0.72562,1.00,1.50
2018.03.22 08:29:04.483,0.72554,0.72562,1.37,1.00
2018.03.22 08:29:04.535,0.72556,0.72563,1.07,1.12
2018.03.22 08:29:04.640,0.7256,0.72569,1.50,1.07
2018.03.22 08:29:04.692,0.7256,0.72571,2.70,2.32
2018.03.22 08:29:04.896,0.72563,0.72572,1.75,1.00
2018.03.22 08:29:04.999,0.72566,0.72575,1.47,1.50
2018.03.22 08:29:05.051,0.72565,0.72573,3.45,1.00
2018.03.22 08:29:05.103,0.72567,0.72575,3.07,1.00
2018.03.22 08:29:05.155,0.72567,0.72577,4.95,1.00
2018.03.22 08:29:05.311,0.72569,0.72578,1.57,1.00
2018.03.22 08:29:05.834,0.72569,0.72579,1.57,1.00
2018.03.22 08:29:06.377,0.72569,0.72579,1.20,1.00
2018.03.22 08:29:07.523,0.72571,0.72579,1.00,1.00
2018.03.22 08:29:08.939,0.72571,0.7258,1.10,1.00
2018.03.22 08:29:11.008,0.72577,0.72584,1.20,1.87
2018.03.22 08:29:11.060,0.7258,0.72588,1.05,1.50
2018.03.22 08:29:11.162,0.72581,0.7259,1.12,1.00
2018.03.22 08:29:11.526,0.7258,0.72588,1.57,1.00
2018.03.22 08:29:12.077,0.7258,0.72589,1.10,1.50
2018.03.22 08:29:12.398,0.72574,0.72582,1.20,1.00
2018.03.22 08:29:14.647,0.72574,0.72582,1.95,1.00
2018.03.22 08:29:15.190,0.72574,0.72582,1.95,1.00
2018.03.22 08:29:17.400,0.72573,0.72582,2.32,1.00
2018.03.22 08:29:18.109,0.72573,0.72582,1.57,1.00
2018.03.22 08:29:18.713,0.72573,0.72581,1.07,1.00
2018.03.22 08:29:19.424,0.72573,0.72581,1.00,1.00
2018.03.22 08:29:20.087,0.72573,0.72581,1.20,1.00
2018.03.22 08:29:20.710,0.72572,0.72581,1.95,1.00
2018.03.22 08:29:21.299,0.72572,0.72581,1.95,1.00
2018.03.22 08:29:21.974,0.72572,0.72581,1.10,1.00
2018.03.22 08:29:22.527,0.72571,0.7258,1.95,1.00
2018.03.22 08:29:23.164,0.7257,0.7258,2.70,1.00
2018.03.22 08:29:27.094,0.7257,0.7258,1.20,1.00
2018.03.22 08:29:28.288,0.72569,0.7258,3.82,1.50
2018.03.22 08:29:28.965,0.7257,0.7258,1.07,1.50
2018.03.22 08:29:47.155,0.72572,0.7258,1.00,1.00
2018.03.22 08:29:48.167,0.72572,0.72581,1.00,1.87
2018.03.22 08:29:50.179,0.72571,0.72581,1.10,1.87
2018.03.22 08:29:50.702,0.72571,0.7258,1.10,1.00
2018.03.22 08:29:51.613,0.7257,0.72581,1.57,1.87
2018.03.22 08:29:54.435,0.72572,0.72581,1.00,1.50
2018.03.22 08:29:54.982,0.72572,0.7258,1.12,1.00
2018.03.22 08:29:55.536,0.72571,0.72581,2.32,1.50
2018.03.22 08:29:56.202,0.7257,0.7258,1.57,1.00
2018.03.22 08:29:57.463,0.72569,0.7258,1.95,1.50
2018.03.22 08:29:58.427,0.72571,0.7258,1.10,1.00
2018.03.22 08:29:58.683,0.72571,0.72582,1.10,2.70
2018.03.22 08:29:59.209,0.72571,0.72581,1.10,1.00
2018.03.22 08:29:59.721,0.7257,0.7258,1.20,1.00
2018.03.22 08:30:00.144,0.72569,0.72576,1.12,3.00
2018.03.22 08:30:00.247,0.72563,0.72572,1.47,1.00
2018.03.22 08:30:00.509,0.72562,0.72572,1.57,1.87
2018.03.22 08:30:01.001,0.72566,0.72573,3.75,1.37
2018.03.22 08:30:01.052,0.72567,0.72578,1.20,2.32
2018.03.22 08:30:01.513,0.72567,0.72576,1.00,2.32
2018.03.22 08:30:01.628,0.72564,0.72575,1.95,1.10
2018.03.22 08:30:02.315,0.72564,0.72574,1.57,1.00
2018.03.22 08:30:02.366,0.72564,0.72574,1.20,1.12
2018.03.22 08:30:02.911,0.72562,0.72573,1.20,1.00
2018.03.22 08:30:03.171,0.72561,0.72571,2.32,1.00
2018.03.22 08:30:03.719,0.72559,0.7257,4.57,1.50
2018.03.22 08:30:03.923,0.72559,0.72569,1.10,1.00
2018.03.22 08:30:05.203,0.72558,0.72568,1.07,1.00
2018.03.22 08:30:05.793,0.72559,0.72569,1.10,1.50
2018.03.22 08:30:06.310,0.7256,0.72569,1.10,1.00
2018.03.22 08:30:06.820,0.7256,0.7257,1.10,1.50
2018.03.22 08:30:08.666,0.7256,0.7257,2.32,1.12
2018.03.22 08:30:09.235,0.72561,0.72571,1.10,1.00
2018.03.22 08:30:10.605,0.72561,0.72571,2.70,1.00
2018.03.22 08:30:11.488,0.72562,0.72572,1.10,1.00
2018.03.22 08:30:12.014,0.72563,0.72572,1.00,1.00
2018.03.22 08:30:12.118,0.72566,0.72573,1.20,1.00
2018.03.22 08:30:12.169,0.72567,0.72576,2.25,1.07
2018.03.22 08:30:12.221,0.72569,0.72578,1.00,1.50
2018.03.22 08:30:12.748,0.72568,0.72579,4.20,1.50
2018.03.22 08:30:13.262,0.72568,0.72578,1.95,1.00
2018.03.22 08:30:14.081,0.72568,0.72577,1.95,1.00
2018.03.22 08:30:14.586,0.72568,0.72577,3.45,1.00
2018.03.22 08:30:15.263,0.72569,0.72577,1.00,1.00
2018.03.22 08:30:15.469,0.72569,0.72579,1.20,1.69
2018.03.22 08:30:15.982,0.72569,0.72578,1.57,1.00
2018.03.22 08:30:16.503,0.72569,0.72578,1.57,1.50
2018.03.22 08:30:16.606,0.72568,0.72578,3.45,1.50
2018.03.22 08:30:17.147,0.72568,0.72578,3.45,1.00
2018.03.22 08:30:17.657,0.72568,0.72576,1.57,1.00
2018.03.22 08:30:17.708,0.72568,0.72578,1.57,1.00
2018.03.22 08:30:18.339,0.72568,0.72579,3.07,3.45
2018.03.22 08:30:18.751,0.72569,0.72579,3.45,2.25
2018.03.22 08:30:18.878,0.72569,0.72578,2.32,1.00
2018.03.22 08:30:19.442,0.72569,0.72577,1.10,1.00
2018.03.22 08:30:19.952,0.72568,0.72577,2.70,1.00
2018.03.22 08:30:20.054,0.72568,0.72579,2.70,3.07
2018.03.22 08:30:20.528,0.72568,0.72577,1.95,1.00
2018.03.22 08:30:20.838,0.7257,0.72578,1.20,1.00
2018.03.22 08:30:21.360,0.7257,0.72579,1.57,1.00
2018.03.22 08:30:21.879,0.7257,0.72578,1.87,1.00
2018.03.22 08:30:22.974,0.7257,0.72581,1.20,1.57
2018.03.22 08:30:23.076,0.72571,0.72579,1.00,1.00
2018.03.22 08:30:23.606,0.72569,0.72579,3.07,1.00
2018.03.22 08:30:24.124,0.72569,0.7258,3.07,1.87
2018.03.22 08:30:24.660,0.72569,0.7258,3.37,2.70
2018.03.22 08:30:25.183,0.72569,0.72579,2.25,1.95
2018.03.22 08:30:26.301,0.7257,0.72579,1.00,3.07
2018.03.22 08:30:26.844,0.72569,0.72579,1.00,1.95
2018.03.22 08:30:27.354,0.72568,0.72579,4.12,1.57
2018.03.22 08:30:27.863,0.72569,0.72579,1.00,1.20
2018.03.22 08:30:28.374,0.72569,0.72579,1.87,1.20
2018.03.22 08:30:28.881,0.72569,0.72579,1.50,1.20
2018.03.22 08:30:30.366,0.7257,0.72579,1.00,1.00
2018.03.22 08:30:34.829,0.72569,0.72579,1.57,1.00
2018.03.22 08:30:36.818,0.72569,0.7258,1.57,1.57
2018.03.22 08:30:37.129,0.72578,0.72587,1.37,1.00
2018.03.22 08:30:37.698,0.72577,0.72584,4.12,1.00
2018.03.22 08:30:37.750,0.72574,0.72582,1.50,1.57
2018.03.22 08:30:38.291,0.72573,0.72582,1.87,1.10
2018.03.22 08:30:39.387,0.72572,0.72582,2.25,1.57
2018.03.22 08:30:41.491,0.72572,0.72581,1.87,1.00
2018.03.22 08:30:42.057,0.72572,0.72582,3.75,1.95
2018.03.22 08:30:42.983,0.72572,0.72581,1.00,1.00
2018.03.22 08:30:43.522,0.72571,0.72581,1.50,3.07
2018.03.22 08:30:44.007,0.72571,0.7258,2.62,3.00
2018.03.22 08:30:44.110,0.72571,0.72581,1.50,3.07
2018.03.22 08:30:44.756,0.7257,0.72581,2.70,3.26
2018.03.22 08:30:45.240,0.7257,0.72579,1.00,1.00
2018.03.22 08:30:45.728,0.72568,0.72577,5.70,1.00
2018.03.22 08:30:45.781,0.72568,0.72579,5.70,3.07
2018.03.22 08:30:46.329,0.72569,0.72579,1.37,1.57
2018.03.22 08:30:46.934,0.7257,0.72578,1.12,1.00
2018.03.22 08:30:47.444,0.72569,0.72579,1.20,1.07
2018.03.22 08:30:47.974,0.72569,0.72579,3.00,1.20
2018.03.22 08:30:48.532,0.72569,0.72579,3.07,1.20
2018.03.22 08:30:48.941,0.72568,0.72579,3.07,2.32
2018.03.22 08:30:49.487,0.72568,0.72578,3.07,1.10
2018.03.22 08:30:50.024,0.72569,0.72578,3.00,1.00
2018.03.22 08:30:50.556,0.72571,0.7258,1.00,1.95
2018.03.22 08:30:51.122,0.7257,0.7258,1.00,1.10
2018.03.22 08:30:53.275,0.7257,0.7258,1.95,1.10
2018.03.22 08:30:55.253,0.72571,0.72581,1.57,1.00
2018.03.22 08:30:55.762,0.72571,0.72581,1.95,1.00
2018.03.22 08:30:56.338,0.72571,0.72581,1.95,1.00
2018.03.22 08:30:56.849,0.72571,0.7258,1.87,1.00
2018.03.22 08:30:57.993,0.7257,0.72577,1.00,1.00
2018.03.22 08:30:58.278,0.72571,0.7258,1.00,2.70
2018.03.22 08:30:58.828,0.7257,0.7258,1.57,2.70
2018.03.22 08:31:00.094,0.72569,0.72579,1.12,1.10
2018.03.22 08:31:00.676,0.7257,0.7258,1.00,1.95
2018.03.22 08:31:00.778,0.7257,0.72579,1.00,1.07
2018.03.22 08:31:01.327,0.7257,0.72579,1.00,1.10
2018.03.22 08:31:01.852,0.72568,0.72575,1.10,1.00
2018.03.22 08:31:02.105,0.72568,0.72577,1.00,1.57
2018.03.22 08:31:02.614,0.72568,0.72577,1.00,1.57
2018.03.22 08:31:03.443,0.72566,0.72577,3.82,1.57
2018.03.22 08:31:04.928,0.72566,0.72575,1.57,1.00
2018.03.22 08:31:05.457,0.72566,0.72575,1.20,1.00
2018.03.22 08:31:07.590,0.72567,0.72575,1.00,1.00
2018.03.22 08:31:10.206,0.72568,0.72579,1.00,1.57
2018.03.22 08:31:10.730,0.72569,0.72579,1.00,1.57
2018.03.22 08:31:11.256,0.72568,0.72579,1.57,2.32
2018.03.22 08:31:11.799,0.72569,0.72579,1.00,1.57
2018.03.22 08:31:16.947,0.72571,0.72579,1.00,1.57
2018.03.22 08:31:17.504,0.72571,0.72579,1.00,1.57
2018.03.22 08:31:19.260,0.7257,0.72578,1.00,2.32
2018.03.22 08:31:19.776,0.7257,0.72578,1.00,1.95
2018.03.22 08:31:20.338,0.7257,0.72578,1.00,1.20
2018.03.22 08:31:20.986,0.72568,0.72578,1.50,1.20
2018.03.22 08:31:26.523,0.72568,0.72578,1.20,1.20
2018.03.22 08:31:28.632,0.72567,0.72578,3.82,2.70
2018.03.22 08:31:29.161,0.72567,0.72578,2.25,3.64
2018.03.22 08:31:32.939,0.72567,0.72577,2.70,1.00
2018.03.22 08:31:36.571,0.72567,0.72577,1.57,1.00
2018.03.22 08:31:37.121,0.72567,0.72578,2.32,1.57
2018.03.22 08:31:38.176,0.72567,0.72578,5.32,1.00
2018.03.22 08:31:38.832,0.72567,0.72578,4.57,1.57
2018.03.22 08:31:40.213,0.72567,0.72578,1.47,2.32
2018.03.22 08:31:41.777,0.72567,0.72577,1.47,1.00
2018.03.22 08:31:42.320,0.72567,0.72578,2.32,1.61
2018.03.22 08:31:48.942,0.72567,0.72578,2.32,1.61
2018.03.22 08:31:49.461,0.72567,0.72578,3.07,2.36
2018.03.22 08:31:53.128,0.72567,0.72578,2.32,1.61
2018.03.22 08:31:55.755,0.72567,0.72578,2.32,2.36
2018.03.22 08:32:00.684,0.72569,0.72578,1.00,1.54
2018.03.22 08:32:00.891,0.72569,0.7258,3.94,1.57
2018.03.22 08:32:01.045,0.72571,0.72581,2.25,3.45
2018.03.22 08:32:01.656,0.72571,0.72581,1.10,1.50
2018.03.22 08:32:01.708,0.72574,0.72581,3.07,1.00
2018.03.22 08:32:01.980,0.72577,0.72588,2.25,2.32
2018.03.22 08:32:02.502,0.72577,0.72588,4.20,2.70
2018.03.22 08:32:02.812,0.72577,0.72588,2.70,5.51
2018.03.22 08:32:04.567,0.72575,0.72584,1.57,2.25
2018.03.22 08:32:04.619,0.72574,0.72583,1.57,1.20
2018.03.22 08:32:05.161,0.72573,0.72582,1.00,3.37
2018.03.22 08:32:05.784,0.72571,0.72581,1.20,1.47
2018.03.22 08:32:06.112,0.7257,0.7258,1.57,3.37
2018.03.22 08:32:07.197,0.72569,0.72579,2.25,2.70
2018.03.22 08:32:07.305,0.72567,0.72578,3.07,1.95
2018.03.22 08:32:07.511,0.72567,0.72576,1.57,1.20
2018.03.22 08:32:08.036,0.72566,0.72577,1.57,5.32
2018.03.22 08:32:08.690,0.72566,0.72577,2.32,1.95
2018.03.22 08:32:09.825,0.72566,0.72577,2.51,1.87
2018.03.22 08:32:10.440,0.72568,0.72578,1.12,3.82
2018.03.22 08:32:10.967,0.72568,0.72578,1.57,1.57
2018.03.22 08:32:11.499,0.72568,0.72578,1.76,1.00
2018.03.22 08:32:12.024,0.72568,0.72578,2.14,1.12
2018.03.22 08:32:16.099,0.72569,0.72579,1.20,1.12
2018.03.22 08:32:19.321,0.72569,0.7258,2.32,1.95
2018.03.22 08:32:21.330,0.72569,0.7258,5.51,1.87
2018.03.22 08:32:21.643,0.72576,0.72586,1.12,2.70
2018.03.22 08:32:21.696,0.72576,0.72586,2.25,1.20
2018.03.22 08:32:22.553,0.72577,0.72587,1.10,2.25
2018.03.22 08:32:23.054,0.72577,0.72587,2.51,1.00
2018.03.22 08:32:27.447,0.72574,0.72583,2.32,1.50
2018.03.22 08:32:28.203,0.72575,0.72585,3.45,2.25
2018.03.22 08:32:28.860,0.72577,0.72586,1.12,1.05
2018.03.22 08:32:29.368,0.72577,0.72587,4.20,1.00
2018.03.22 08:32:30.961,0.72577,0.72587,6.82,1.00
2018.03.22 08:32:31.553,0.72577,0.72588,2.70,1.57
2018.03.22 08:32:33.033,0.72579,0.72588,2.25,1.57
2018.03.22 08:32:35.060,0.72579,0.72588,1.00,1.50
2018.03.22 08:32:35.580,0.72578,0.72588,1.50,1.10
2018.03.22 08:32:38.279,0.72578,0.72589,1.57,2.36
2018.03.22 08:32:38.808,0.72578,0.72589,1.50,1.57
2018.03.22 08:32:39.388,0.72578,0.72587,1.50,1.00
2018.03.22 08:32:40.172,0.72577,0.72586,2.32,1.50
2018.03.22 08:32:43.602,0.72577,0.72586,3.00,1.50
2018.03.22 08:32:44.221,0.72577,0.72586,1.12,1.50
2018.03.22 08:32:47.325,0.72575,0.72584,3.45,1.50
2018.03.22 08:32:47.377,0.72573,0.72583,3.45,1.50
2018.03.22 08:32:47.429,0.72575,0.72583,2.25,1.50
