2015.10.06 01:00:00.122,0.64844,0.64858,1.75,1.50
2015.10.06 01:00:00.176,0.64845,0.64861,1.50,1.00
2015.10.06 01:00:00.685,0.64846,0.64862,1.87,1.12
2015.10.06 01:00:00.889,0.64848,0.64863,1.00,1.50
2015.10.06 01:00:01.814,0.64847,0.64863,1.12,1.87
2015.10.06 01:00:02.583,0.6485,0.64865,1.00,1.75
2015.10.06 01:00:02.888,0.64854,0.6487,3.00,1.50
2015.10.06 01:00:03.200,0.64856,0.64872,1.12,3.37
2015.10.06 01:00:03.889,0.64856,0.64871,1.12,1.00
2015.10.06 01:00:04.401,0.64856,0.64872,1.12,2.62
2015.10.06 01:00:04.757,0.64854,0.6487,1.75,1.00
2015.10.06 01:00:05.300,0.64852,0.64869,2.25,1.12
2015.10.06 01:00:05.353,0.64852,0.64866,1.50,1.00
2015.10.06 01:00:05.505,0.64851,0.64866,1.00,1.50
2015.10.06 01:00:05.860,0.6485,0.64864,1.00,1.00
2015.10.06 01:00:06.816,0.64849,0.64864,1.00,1.12
2015.10.06 01:00:21.205,0.64848,0.64865,1.87,1.50
2015.10.06 01:00:22.518,0.64848,0.64865,2.25,1.12
2015.10.06 01:00:41.615,0.64849,0.64864,1.12,1.00
2015.10.06 01:00:45.462,0.64848,0.64864,2.25,1.50
2015.10.06 01:00:49.194,0.64848,0.64864,1.50,1.50
2015.10.06 01:00:53.966,0.64847,0.64864,1.12,2.25
2015.10.06 01:00:57.881,0.64844,0.6486,2.25,1.12
2015.10.06 01:00:58.084,0.64841,0.64857,2.25,1.00
2015.10.06 01:00:58.288,0.64841,0.64858,1.12,3.00
2015.10.06 01:00:58.896,0.64841,0.64857,1.37,1.37
2015.10.06 01:01:07.804,0.64839,0.64856,1.12,2.25
2015.10.06 01:01:08.008,0.64837,0.64854,1.87,1.50
2015.10.06 01:01:08.515,0.64838,0.64852,1.00,1.00
2015.10.06 01:01:09.060,0.64837,0.64852,1.00,1.00
2015.10.06 01:01:12.726,0.64836,0.64851,1.00,1.00
2015.10.06 01:01:13.030,0.64833,0.6485,2.25,1.87
2015.10.06 01:01:16.386,0.64835,0.6485,1.00,1.87
2015.10.06 01:01:16.590,0.64837,0.64852,1.00,1.50
2015.10.06 01:01:17.096,0.64838,0.64852,1.00,1.00
2015.10.06 01:01:21.591,0.64838,0.64853,1.00,1.12
2015.10.06 01:01:21.743,0.64836,0.64853,1.87,1.50
2015.10.06 01:01:22.523,0.64841,0.64857,1.12,1.12
2015.10.06 01:01:24.521,0.64841,0.64856,1.12,1.00
2015.10.06 01:01:25.073,0.6484,0.64856,1.50,2.25
2015.10.06 01:01:26.378,0.6484,0.64855,1.50,1.00
2015.10.06 01:01:29.659,0.6484,0.64856,1.50,2.25
2015.10.06 01:01:40.812,0.64841,0.64855,1.00,1.00
2015.10.06 01:01:43.662,0.64839,0.64854,1.00,1.50
2015.10.06 01:01:43.965,0.64839,0.64854,1.00,2.25
2015.10.06 01:01:44.218,0.64836,0.64853,1.87,1.50
2015.10.06 01:01:44.867,0.64836,0.64853,1.50,3.00
2015.10.06 01:01:44.918,0.64832,0.64847,1.12,1.00
2015.10.06 01:01:44.969,0.64831,0.64847,1.87,1.50
2015.10.06 01:01:49.967,0.6483,0.64846,1.00,2.25
2015.10.06 01:01:50.221,0.64827,0.64844,1.87,1.50
2015.10.06 01:01:50.738,0.64829,0.64845,1.00,1.75
2015.10.06 01:01:50.890,0.64829,0.64846,1.50,2.25
2015.10.06 01:01:52.468,0.64836,0.64847,1.00,1.75
2015.10.06 01:01:52.623,0.64836,0.64847,1.00,1.12
2015.10.06 01:01:52.674,0.64836,0.6485,1.00,1.12
2015.10.06 01:01:54.700,0.64834,0.64851,1.87,1.50
2015.10.06 01:01:54.801,0.64834,0.64848,1.00,1.00
2015.10.06 01:01:54.853,0.64832,0.64848,1.50,1.00
2015.10.06 01:01:54.954,0.64831,0.64846,1.00,1.50
2015.10.06 01:01:55.716,0.64827,0.64844,1.12,2.25
2015.10.06 01:01:58.032,0.64826,0.64842,1.57,1.00
2015.10.06 01:01:58.419,0.64834,0.64845,1.00,1.85
2015.10.06 01:01:58.520,0.64834,0.64848,1.00,2.25
2015.10.06 01:01:58.622,0.64835,0.64851,1.87,2.25
2015.10.06 01:01:58.723,0.64835,0.64852,1.12,3.00
2015.10.06 01:02:03.979,0.64835,0.64852,1.00,2.25
2015.10.06 01:02:04.030,0.64827,0.64843,1.95,1.12
2015.10.06 01:02:20.115,0.64827,0.64844,2.32,1.12
2015.10.06 01:02:20.766,0.64829,0.64844,1.00,1.12
2015.10.06 01:02:25.021,0.64829,0.64844,1.00,1.37
2015.10.06 01:02:26.315,0.64829,0.64842,1.00,1.00
2015.10.06 01:02:27.720,0.64826,0.64842,1.57,1.00
2015.10.06 01:02:31.420,0.64826,0.64842,1.00,1.50
2015.10.06 01:02:34.120,0.64825,0.64842,1.20,2.25
2015.10.06 01:02:45.051,0.64825,0.64842,1.47,2.25
2015.10.06 01:02:58.320,0.64826,0.6484,1.12,1.00
2015.10.06 01:03:00.971,0.64826,0.64842,1.12,1.12
2015.10.06 01:03:04.247,0.64826,0.64842,1.12,2.25
2015.10.06 01:03:05.014,0.64826,0.64842,1.50,2.25
2015.10.06 01:03:26.587,0.64825,0.64841,1.50,1.00
2015.10.06 01:03:36.709,0.64825,0.64842,1.50,3.37
2015.10.06 01:03:49.158,0.64826,0.64842,1.50,2.25
2015.10.06 01:03:49.692,0.64826,0.64842,3.00,1.00
2015.10.06 01:04:08.152,0.64826,0.64843,1.75,1.50
2015.10.06 01:04:11.154,0.64832,0.64848,1.87,1.87
2015.10.06 01:04:11.208,0.64832,0.64849,2.25,2.32
2015.10.06 01:04:11.411,0.64834,0.64851,2.25,1.95
2015.10.06 01:04:12.780,0.64836,0.64851,1.50,1.00
2015.10.06 01:04:13.591,0.64834,0.6485,1.37,1.87
2015.10.06 01:04:13.642,0.64832,0.64848,1.50,1.00
2015.10.06 01:04:13.693,0.64832,0.64848,1.00,2.25
2015.10.06 01:04:13.946,0.64835,0.64851,1.00,3.00
2015.10.06 01:04:15.082,0.64835,0.64851,1.50,1.12
2015.10.06 01:04:15.592,0.64835,0.64851,1.50,1.00
2015.10.06 01:04:16.096,0.64835,0.64852,1.50,2.70
2015.10.06 01:04:17.445,0.64837,0.64852,1.00,1.87
2015.10.06 01:04:34.331,0.64837,0.64851,1.00,1.00
2015.10.06 01:04:44.806,0.64837,0.64852,1.00,1.87
2015.10.06 01:04:45.031,0.64837,0.64852,1.00,1.87
2015.10.06 01:04:46.730,0.64836,0.64852,1.12,2.25
2015.10.06 01:04:47.070,0.64835,0.64851,1.00,1.50
2015.10.06 01:04:47.121,0.64833,0.6485,1.87,1.37
2015.10.06 01:04:47.324,0.64831,0.64846,1.50,1.50
2015.10.06 01:04:47.630,0.64828,0.64845,1.87,1.50
2015.10.06 01:04:48.416,0.64827,0.64843,1.50,1.50
2015.10.06 01:04:56.280,0.64827,0.64843,1.87,2.25
2015.10.06 01:04:57.212,0.64828,0.64843,1.00,1.12
2015.10.06 01:04:57.365,0.64828,0.64845,1.50,1.87
2015.10.06 01:04:58.015,0.64834,0.64845,1.00,1.00
2015.10.06 01:04:58.066,0.64834,0.64849,1.75,1.00
2015.10.06 01:04:58.117,0.64835,0.64851,1.50,1.00
2015.10.06 01:05:00.875,0.64836,0.64852,2.25,2.70
2015.10.06 01:05:07.817,0.64835,0.64852,1.50,2.62
2015.10.06 01:05:07.970,0.64835,0.64851,1.00,1.50
2015.10.06 01:05:08.173,0.64833,0.6485,2.25,1.87
2015.10.06 01:05:08.376,0.64835,0.6485,1.12,2.62
2015.10.06 01:05:10.429,0.64835,0.64851,1.87,1.87
2015.10.06 01:05:11.116,0.64835,0.6485,1.12,1.00
2015.10.06 01:05:17.227,0.64835,0.6485,1.50,1.00
2015.10.06 01:05:17.961,0.64835,0.64852,2.25,1.20
2015.10.06 01:05:20.055,0.64837,0.64852,1.00,1.20
2015.10.06 01:05:23.269,0.64835,0.64851,1.87,1.37
2015.10.06 01:05:23.327,0.64833,0.64849,2.25,1.00
2015.10.06 01:05:23.782,0.64831,0.64848,2.25,1.12
2015.10.06 01:05:23.935,0.64832,0.64846,1.12,1.00
2015.10.06 01:05:24.137,0.6483,0.64845,1.00,1.00
2015.10.06 01:05:24.856,0.6483,0.64844,1.00,1.00
2015.10.06 01:05:25.363,0.6483,0.64846,1.50,2.25
2015.10.06 01:05:25.874,0.6483,0.64846,1.00,2.25
2015.10.06 01:05:27.135,0.6483,0.64846,1.00,2.25
2015.10.06 01:05:27.186,0.64828,0.64845,1.87,1.50
2015.10.06 01:05:27.390,0.64827,0.64841,1.12,1.00
2015.10.06 01:05:27.897,0.64827,0.64843,1.12,1.87
2015.10.06 01:05:47.045,0.64826,0.64843,1.87,1.50
2015.10.06 01:05:48.466,0.64826,0.64843,1.75,2.25
2015.10.06 01:05:50.985,0.64827,0.64843,1.00,2.25
2015.10.06 01:05:51.495,0.64826,0.64843,1.50,1.75
2015.10.06 01:05:56.474,0.64826,0.64843,2.25,1.12
2015.10.06 01:05:56.990,0.64827,0.64843,1.50,1.00
2015.10.06 01:06:00.417,0.6483,0.64845,1.00,1.87
2015.10.06 01:06:00.748,0.64828,0.64843,1.12,1.00
2015.10.06 01:06:01.357,0.64828,0.64842,1.00,1.00
2015.10.06 01:06:02.085,0.64828,0.64841,1.00,1.00
2015.10.06 01:06:02.906,0.64828,0.64843,1.00,1.87
2015.10.06 01:06:06.777,0.64827,0.64843,1.12,1.87
2015.10.06 01:06:08.315,0.64826,0.64843,1.00,2.25
2015.10.06 01:06:08.619,0.64823,0.6484,2.25,1.12
2015.10.06 01:06:08.772,0.64823,0.64839,1.12,1.37
2015.10.06 01:06:09.279,0.64824,0.6484,1.00,2.25
2015.10.06 01:06:11.110,0.64824,0.6484,1.37,1.87
2015.10.06 01:06:13.782,0.64824,0.64838,1.37,1.00
2015.10.06 01:06:18.294,0.64821,0.64838,2.25,1.87
2015.10.06 01:06:18.396,0.64823,0.64839,1.50,2.25
2015.10.06 01:06:18.700,0.64825,0.64839,1.00,5.25
2015.10.06 01:06:18.801,0.64825,0.64839,1.00,1.87
2015.10.06 01:06:19.375,0.64822,0.64838,1.12,1.87
2015.10.06 01:06:19.426,0.64819,0.64836,3.00,1.75
2015.10.06 01:06:22.235,0.64821,0.64837,1.00,2.25
2015.10.06 01:06:24.577,0.64824,0.64837,1.00,2.25
2015.10.06 01:06:24.731,0.64824,0.64837,1.00,1.87
2015.10.06 01:06:28.376,0.64824,0.64838,1.12,1.12
2015.10.06 01:06:40.350,0.64825,0.64839,1.00,1.50
2015.10.06 01:06:40.401,0.64827,0.6484,1.00,1.75
2015.10.06 01:06:40.554,0.64827,0.64842,1.00,3.00
2015.10.06 01:06:41.165,0.64828,0.64842,1.00,1.50
2015.10.06 01:06:41.683,0.64828,0.64841,1.00,1.00
2015.10.06 01:06:44.936,0.64828,0.64841,1.00,1.37
2015.10.06 01:06:46.005,0.64827,0.64841,1.00,1.37
2015.10.06 01:06:46.566,0.64827,0.64841,1.00,1.00
2015.10.06 01:06:50.263,0.64825,0.64839,1.00,2.25
2015.10.06 01:06:52.770,0.64824,0.64839,1.00,2.25
2015.10.06 01:06:52.872,0.64822,0.64838,1.00,1.37
2015.10.06 01:06:52.974,0.64822,0.64837,1.00,2.25
2015.10.06 01:06:53.740,0.64821,0.64837,1.00,3.75
2015.10.06 01:06:56.654,0.64821,0.64837,1.00,3.75
2015.10.06 01:06:56.958,0.64819,0.64834,1.00,1.75
2015.10.06 01:06:57.884,0.64818,0.64833,1.00,1.75
2015.10.06 01:07:05.111,0.64818,0.64831,1.00,1.12
2015.10.06 01:07:06.815,0.64817,0.64831,1.00,1.12
2015.10.06 01:07:07.019,0.64817,0.64833,1.12,1.87
2015.10.06 01:07:07.121,0.64819,0.64833,1.00,1.87
2015.10.06 01:07:07.668,0.64819,0.64832,1.00,1.00
2015.10.06 01:07:12.281,0.6482,0.64832,1.00,1.00
2015.10.06 01:07:14.850,0.6482,0.64831,1.00,1.00
2015.10.06 01:07:16.067,0.6482,0.64834,1.00,2.25
2015.10.06 01:07:17.819,0.64819,0.64834,1.00,2.25
2015.10.06 01:07:18.371,0.64819,0.64832,1.00,1.00
2015.10.06 01:07:22.467,0.64818,0.64832,1.00,1.12
2015.10.06 01:07:23.023,0.64818,0.64831,1.00,1.00
2015.10.06 01:07:25.782,0.64816,0.64831,1.12,1.00
2015.10.06 01:07:25.890,0.64816,0.64829,1.12,1.87
2015.10.06 01:07:26.194,0.64817,0.64829,1.00,1.37
2015.10.06 01:07:26.245,0.64817,0.64829,1.00,1.00
2015.10.06 01:07:27.193,0.64817,0.64831,1.00,1.12
2015.10.06 01:07:27.950,0.64817,0.64833,1.37,2.62
2015.10.06 01:07:28.203,0.64822,0.64836,1.00,1.75
2015.10.06 01:07:28.355,0.64822,0.64838,1.87,1.87
2015.10.06 01:07:28.406,0.64822,0.64838,1.87,1.50
2015.10.06 01:07:28.457,0.64822,0.64838,1.87,1.50
2015.10.06 01:07:29.944,0.64822,0.64837,1.12,1.00
2015.10.06 01:07:29.996,0.64821,0.64835,2.25,1.00
2015.10.06 01:07:30.097,0.6482,0.64836,1.00,1.50
2015.10.06 01:07:30.148,0.64818,0.64834,1.12,1.37
2015.10.06 01:07:30.453,0.64818,0.6483,1.00,1.00
2015.10.06 01:07:34.178,0.64816,0.6483,1.00,1.00
2015.10.06 01:07:34.431,0.64815,0.64828,1.00,1.00
2015.10.06 01:07:35.387,0.64816,0.64831,1.00,1.75
2015.10.06 01:07:45.514,0.64816,0.64829,1.00,1.00
2015.10.06 01:07:46.600,0.64814,0.64829,1.00,1.50
2015.10.06 01:07:47.149,0.64814,0.64826,1.00,1.12
2015.10.06 01:07:47.201,0.64811,0.64826,1.00,1.87
2015.10.06 01:07:51.377,0.64811,0.64825,1.00,1.00
2015.10.06 01:07:51.580,0.64817,0.64825,1.00,1.00
2015.10.06 01:07:51.632,0.64814,0.64825,1.00,1.00
2015.10.06 01:07:51.683,0.64814,0.64827,1.00,1.00
2015.10.06 01:07:52.338,0.64814,0.64829,1.12,1.37
2015.10.06 01:07:56.233,0.64811,0.64824,1.00,1.00
2015.10.06 01:07:58.596,0.64812,0.64828,1.50,1.75
2015.10.06 01:07:58.647,0.64814,0.64828,1.00,1.75
2015.10.06 01:07:58.749,0.64814,0.64828,1.00,1.00
2015.10.06 01:07:59.257,0.64815,0.64828,1.12,1.00
2015.10.06 01:08:00.003,0.64815,0.6483,1.12,1.50
2015.10.06 01:08:11.981,0.64811,0.64826,1.00,1.12
2015.10.06 01:08:14.034,0.64812,0.64826,1.00,1.12
2015.10.06 01:08:14.551,0.64812,0.64829,1.00,2.25
2015.10.06 01:08:15.275,0.64814,0.64829,1.00,1.12
2015.10.06 01:08:17.017,0.64814,0.64829,1.00,1.75
2015.10.06 01:08:17.069,0.64812,0.64828,1.00,1.50
2015.10.06 01:08:20.098,0.64812,0.64828,1.12,1.12
2015.10.06 01:08:23.566,0.64814,0.64828,1.00,1.12
2015.10.06 01:08:31.600,0.64814,0.64827,1.00,1.00
2015.10.06 01:08:32.185,0.64814,0.64827,1.00,1.37
2015.10.06 01:08:32.703,0.64811,0.64825,1.00,1.00
2015.10.06 01:08:34.606,0.64811,0.64824,1.00,1.00
2015.10.06 01:08:35.393,0.64808,0.64821,1.12,1.00
2015.10.06 01:08:35.989,0.648,0.64814,1.87,1.87
2015.10.06 01:08:36.047,0.64797,0.64814,1.00,2.25
2015.10.06 01:08:36.656,0.64797,0.64813,1.50,1.50
2015.10.06 01:08:37.977,0.64807,0.64821,1.00,1.50
2015.10.06 01:08:39.871,0.64805,0.64821,1.00,3.00
2015.10.06 01:08:39.922,0.64803,0.64819,1.37,1.87
2015.10.06 01:08:40.227,0.648,0.64814,1.00,2.25
2015.10.06 01:08:40.976,0.648,0.64812,1.00,1.50
2015.10.06 01:08:41.129,0.64797,0.64812,1.00,1.50
2015.10.06 01:08:41.613,0.64796,0.64808,1.00,1.37
2015.10.06 01:08:42.474,0.64801,0.64815,1.00,1.57
2015.10.06 01:08:42.526,0.64803,0.64815,1.00,1.12
2015.10.06 01:08:42.577,0.64804,0.64819,1.00,2.62
2015.10.06 01:08:43.086,0.64803,0.64819,1.00,2.25
2015.10.06 01:08:44.062,0.64801,0.64817,2.32,1.50
2015.10.06 01:08:44.163,0.64799,0.64816,1.87,2.25
2015.10.06 01:08:44.214,0.64799,0.64816,1.20,2.25
2015.10.06 01:08:44.367,0.64798,0.64812,1.12,1.12
2015.10.06 01:08:48.417,0.64798,0.64811,1.00,1.00
2015.10.06 01:08:51.878,0.64798,0.64812,1.00,1.12
2015.10.06 01:08:54.369,0.64798,0.64814,1.12,1.87
2015.10.06 01:08:55.352,0.64799,0.64816,1.12,2.25
2015.10.06 01:08:56.551,0.64799,0.64814,1.12,1.00
2015.10.06 01:08:58.663,0.64799,0.64816,1.12,2.25
2015.10.06 01:09:03.840,0.648,0.64815,1.00,1.12
2015.10.06 01:09:03.992,0.648,0.64815,1.00,1.50
2015.10.06 01:09:04.195,0.64798,0.64812,1.00,1.12
2015.10.06 01:09:04.397,0.64798,0.6481,1.00,1.00
2015.10.06 01:09:05.707,0.64798,0.64812,1.00,2.25
2015.10.06 01:09:14.365,0.64798,0.64812,1.00,1.50
2015.10.06 01:09:14.688,0.64794,0.6481,2.32,1.00
2015.10.06 01:09:15.271,0.64792,0.64805,1.50,1.87
2015.10.06 01:09:15.323,0.64789,0.64803,1.00,1.50
2015.10.06 01:09:15.829,0.64789,0.64801,1.00,1.00
2015.10.06 01:09:16.386,0.6479,0.64805,1.00,2.32
2015.10.06 01:09:16.437,0.6479,0.64804,1.00,1.00
2015.10.06 01:09:16.489,0.64792,0.64806,1.00,1.50
2015.10.06 01:09:16.540,0.64792,0.64806,1.00,1.12
2015.10.06 01:09:17.603,0.64793,0.64806,1.00,1.00
2015.10.06 01:09:18.105,0.64793,0.64808,1.00,1.50
2015.10.06 01:09:19.843,0.64793,0.64809,1.12,2.62
2015.10.06 01:09:19.894,0.64791,0.64807,1.37,1.00
2015.10.06 01:09:19.945,0.64791,0.64807,1.12,1.12
2015.10.06 01:09:22.533,0.64791,0.64808,2.25,1.12
2015.10.06 01:09:23.482,0.64793,0.64809,1.00,3.00
2015.10.06 01:09:24.053,0.64791,0.64808,1.12,2.25
2015.10.06 01:09:26.142,0.64793,0.64808,1.00,1.57
2015.10.06 01:09:26.345,0.64793,0.64809,1.12,1.87
2015.10.06 01:09:30.307,0.64793,0.64808,1.12,1.00
2015.10.06 01:09:32.956,0.64795,0.64808,1.12,1.00
2015.10.06 01:09:33.008,0.64795,0.6481,1.12,1.00
2015.10.06 01:09:34.047,0.64793,0.64805,1.75,1.00
2015.10.06 01:09:39.800,0.64793,0.64806,1.75,1.00
2015.10.06 01:09:42.761,0.64793,0.64803,1.75,1.00
2015.10.06 01:09:44.019,0.64791,0.64801,2.70,1.00
2015.10.06 01:09:45.032,0.64791,0.64801,2.70,1.00
2015.10.06 01:09:48.966,0.64792,0.64801,1.85,1.00
2015.10.06 01:09:49.339,0.64794,0.64803,1.50,1.00
2015.10.06 01:09:49.877,0.64794,0.64803,1.95,1.00
2015.10.06 01:09:49.978,0.64795,0.64803,1.00,1.00
2015.10.06 01:09:50.862,0.64794,0.64803,1.95,1.00
2015.10.06 01:09:57.255,0.64793,0.64805,1.87,1.00
2015.10.06 01:10:02.303,0.64794,0.64804,1.85,1.00
2015.10.06 01:10:07.835,0.64793,0.64805,1.87,1.00
2015.10.06 01:10:07.937,0.64793,0.64805,3.37,1.00
2015.10.06 01:10:09.963,0.64795,0.64808,1.95,1.00
2015.10.06 01:10:10.217,0.64797,0.64808,1.75,1.00
2015.10.06 01:10:15.622,0.64797,0.64808,1.85,1.00
2015.10.06 01:10:20.309,0.64795,0.64807,2.70,1.00
2015.10.06 01:10:25.275,0.64794,0.64804,2.70,1.00
2015.10.06 01:10:25.784,0.64795,0.64804,1.00,1.00
2015.10.06 01:10:26.405,0.64794,0.64804,1.75,1.00
2015.10.06 01:10:26.933,0.64794,0.64804,1.75,1.00
2015.10.06 01:10:30.078,0.64794,0.64807,2.32,1.00
2015.10.06 01:10:30.803,0.64797,0.64807,1.75,1.00
2015.10.06 01:10:32.104,0.64797,0.64807,1.50,1.00
2015.10.06 01:10:33.660,0.64795,0.64807,1.75,1.00
2015.10.06 01:10:40.230,0.64799,0.64806,1.00,1.00
2015.10.06 01:10:40.783,0.64795,0.64806,1.95,1.00
2015.10.06 01:10:41.137,0.64795,0.64804,1.50,1.00
2015.10.06 01:10:41.290,0.64793,0.64804,1.75,1.00
2015.10.06 01:10:49.362,0.64793,0.64802,1.75,1.00
2015.10.06 01:10:49.413,0.6479,0.64802,1.85,1.00
2015.10.06 01:10:49.464,0.6479,0.648,1.85,1.00
2015.10.06 01:10:49.515,0.6479,0.648,1.37,1.00
2015.10.06 01:10:52.735,0.6479,0.64802,1.85,1.00
2015.10.06 01:10:56.533,0.6479,0.64799,1.75,1.00
2015.10.06 01:10:59.603,0.6479,0.64802,1.75,1.00
2015.10.06 01:11:00.326,0.6479,0.64802,1.12,1.00
2015.10.06 01:11:00.377,0.6479,0.648,1.12,1.00
2015.10.06 01:11:00.943,0.64788,0.648,1.50,1.00
2015.10.06 01:11:01.874,0.6479,0.648,1.00,1.00
2015.10.06 01:11:09.679,0.64787,0.648,1.12,1.00
2015.10.06 01:11:10.606,0.64784,0.64796,1.47,1.00
2015.10.06 01:11:10.659,0.64783,0.64796,2.25,1.00
2015.10.06 01:11:10.761,0.64786,0.64799,1.00,1.00
2015.10.06 01:11:11.065,0.64783,0.64797,1.45,1.00
2015.10.06 01:11:11.420,0.64783,0.64798,1.85,1.50
2015.10.06 01:11:11.724,0.64783,0.64794,1.47,1.00
2015.10.06 01:11:11.876,0.64782,0.64797,2.32,1.00
2015.10.06 01:11:12.436,0.64783,0.64797,1.75,1.00
2015.10.06 01:11:12.488,0.64787,0.648,1.00,1.00
2015.10.06 01:11:12.995,0.64788,0.648,1.00,1.50
2015.10.06 01:11:20.381,0.64785,0.648,2.32,1.00
2015.10.06 01:11:45.032,0.64785,0.648,1.57,1.00
2015.10.06 01:11:47.352,0.64786,0.64801,1.12,1.00
2015.10.06 01:11:47.403,0.64791,0.64801,1.00,1.00
2015.10.06 01:11:47.657,0.64793,0.64805,1.12,1.00
2015.10.06 01:12:06.867,0.64793,0.64803,1.00,1.00
2015.10.06 01:12:06.970,0.64789,0.64803,2.25,1.00
2015.10.06 01:12:07.021,0.64789,0.64802,1.12,1.00
2015.10.06 01:12:07.472,0.64786,0.648,1.12,1.00
2015.10.06 01:12:12.692,0.64786,0.64801,1.50,1.50
2015.10.06 01:12:13.046,0.64786,0.64796,1.00,1.00
2015.10.06 01:12:13.097,0.64786,0.64799,1.00,2.62
2015.10.06 01:12:13.199,0.64784,0.64799,1.00,3.37
2015.10.06 01:12:13.705,0.64785,0.64799,1.50,1.00
2015.10.06 01:12:41.678,0.64785,0.648,1.50,1.00
2015.10.06 01:12:47.058,0.64784,0.64799,3.00,1.00
2015.10.06 01:12:58.839,0.64785,0.648,1.12,1.00
2015.10.06 01:13:02.899,0.64784,0.64799,1.50,1.00
2015.10.06 01:13:06.572,0.64784,0.64799,2.25,1.00
2015.10.06 01:13:09.350,0.64784,0.64797,3.00,1.00
2015.10.06 01:13:12.838,0.6479,0.648,1.00,1.50
2015.10.06 01:13:13.146,0.6479,0.64802,1.00,1.12
2015.10.06 01:13:15.306,0.6479,0.64801,1.00,1.00
2015.10.06 01:13:15.559,0.6479,0.64803,1.00,1.50
2015.10.06 01:13:16.436,0.6479,0.64802,1.00,1.00
2015.10.06 01:13:18.177,0.6479,0.64803,1.00,1.00
2015.10.06 01:13:21.143,0.6479,0.64801,1.00,1.00
2015.10.06 01:13:21.667,0.64791,0.64801,1.00,1.00
2015.10.06 01:13:30.645,0.64791,0.64802,1.00,1.00
2015.10.06 01:13:32.716,0.64791,0.64803,1.00,1.12
2015.10.06 01:13:35.623,0.64792,0.64803,1.00,1.00
2015.10.06 01:13:42.406,0.64794,0.64803,1.00,1.00
2015.10.06 01:13:56.250,0.64799,0.64803,1.00,1.00
2015.10.06 01:13:56.302,0.64799,0.6481,1.00,1.00
2015.10.06 01:13:57.112,0.648,0.64812,1.00,1.10
2015.10.06 01:13:57.265,0.64802,0.64812,1.00,1.00
2015.10.06 01:13:58.072,0.64802,0.64813,1.00,1.00
2015.10.06 01:14:00.705,0.64802,0.64812,1.00,1.00
2015.10.06 01:14:03.120,0.64802,0.64813,1.00,1.00
2015.10.06 01:14:04.367,0.64802,0.64814,1.00,1.00
2015.10.06 01:14:04.620,0.64802,0.64816,1.00,1.00
2015.10.06 01:14:08.344,0.64802,0.64815,1.00,1.00
2015.10.06 01:14:15.129,0.64803,0.64815,1.00,1.00
2015.10.06 01:14:16.805,0.64804,0.64817,1.00,1.12
2015.10.06 01:14:17.333,0.64806,0.64819,1.12,1.00
2015.10.06 01:14:19.117,0.64806,0.64817,1.12,1.00
2015.10.06 01:14:23.674,0.6481,0.64821,1.00,1.00
2015.10.06 01:14:28.402,0.64811,0.64821,1.00,1.00
2015.10.06 01:14:28.926,0.64811,0.64822,1.00,1.00
2015.10.06 01:14:29.540,0.64813,0.64824,1.00,1.00
2015.10.06 01:14:30.337,0.64813,0.64822,1.00,1.00
2015.10.06 01:14:31.027,0.64813,0.64825,1.00,1.00
2015.10.06 01:14:31.832,0.64813,0.64824,1.00,1.00
2015.10.06 01:14:31.984,0.64811,0.64823,1.00,1.00
2015.10.06 01:14:32.557,0.64811,0.64822,1.00,1.00
2015.10.06 01:14:33.701,0.64813,0.64822,1.00,1.00
2015.10.06 01:14:34.742,0.64812,0.64822,1.00,1.00
2015.10.06 01:14:40.365,0.64812,0.64824,1.00,1.00
2015.10.06 01:14:40.569,0.64812,0.64826,1.12,1.00
2015.10.06 01:14:45.931,0.6481,0.64826,1.75,1.00
2015.10.06 01:14:46.946,0.64809,0.64825,1.50,1.00
2015.10.06 01:14:47.003,0.64809,0.64822,1.00,1.00
2015.10.06 01:15:14.638,0.64808,0.64822,1.75,1.00
2015.10.06 01:15:15.366,0.64808,0.64823,2.25,1.00
2015.10.06 01:15:17.936,0.64809,0.64823,1.00,1.00
2015.10.06 01:15:19.016,0.64809,0.64822,1.00,1.00
2015.10.06 01:15:19.537,0.64809,0.6482,1.00,1.00
2015.10.06 01:15:19.639,0.64807,0.6482,2.25,1.00
2015.10.06 01:15:19.842,0.64807,0.6482,1.50,1.00
2015.10.06 01:15:19.944,0.64808,0.64822,1.00,1.00
2015.10.06 01:15:20.564,0.64807,0.64822,1.75,1.00
2015.10.06 01:15:21.163,0.64807,0.64822,1.50,1.00
2015.10.06 01:15:24.663,0.64808,0.64822,1.37,1.00
2015.10.06 01:15:24.816,0.64808,0.64824,1.75,1.00
2015.10.06 01:15:24.968,0.64812,0.64824,1.37,1.00
2015.10.06 01:15:25.019,0.64812,0.64827,1.37,1.00
2015.10.06 01:15:25.121,0.64814,0.64831,1.12,1.50
2015.10.06 01:15:25.829,0.64815,0.6483,1.12,1.12
2015.10.06 01:15:25.883,0.64809,0.64824,2.62,1.12
2015.10.06 01:15:26.187,0.64807,0.6482,1.12,1.00
2015.10.06 01:15:26.797,0.64805,0.64822,2.25,1.50
2015.10.06 01:15:27.395,0.64806,0.64823,1.50,1.37
2015.10.06 01:15:27.908,0.64806,0.64823,1.75,1.00
2015.10.06 01:15:33.824,0.64809,0.64823,1.00,1.12
2015.10.06 01:15:39.693,0.64809,0.6482,1.00,1.00
2015.10.06 01:15:39.744,0.64806,0.6482,1.00,1.00
2015.10.06 01:15:40.785,0.64806,0.6482,1.50,1.00
2015.10.06 01:15:41.291,0.64807,0.64821,1.50,1.00
2015.10.06 01:15:50.312,0.64808,0.64823,1.12,1.00
2015.10.06 01:15:50.819,0.64808,0.64823,1.50,1.00
2015.10.06 01:16:04.736,0.64808,0.64822,1.50,1.00
2015.10.06 01:16:06.911,0.64808,0.64823,1.50,1.50
2015.10.06 01:16:14.310,0.64814,0.64827,1.00,1.85
2015.10.06 01:16:14.614,0.64818,0.64832,1.12,1.00
2015.10.06 01:16:14.867,0.64817,0.6483,1.50,1.00
2015.10.06 01:16:16.017,0.64818,0.64833,1.50,1.00
2015.10.06 01:16:16.538,0.64818,0.64834,2.25,1.00
2015.10.06 01:16:18.124,0.64818,0.64833,1.50,1.00
2015.10.06 01:16:20.999,0.64819,0.64834,1.12,1.00
2015.10.06 01:16:25.077,0.64818,0.64834,2.25,1.00
2015.10.06 01:16:25.595,0.64821,0.64834,1.00,1.00
2015.10.06 01:16:25.646,0.64819,0.64831,1.00,1.00
2015.10.06 01:16:26.157,0.64818,0.6483,1.00,1.00
2015.10.06 01:16:26.362,0.64818,0.64832,1.00,1.00
2015.10.06 01:16:26.878,0.64817,0.64832,2.25,1.00
2015.10.06 01:16:33.555,0.64818,0.64834,2.25,1.00
2015.10.06 01:16:42.115,0.64818,0.64834,2.25,1.00
2015.10.06 01:16:58.290,0.64819,0.64835,1.50,1.50
2015.10.06 01:16:58.695,0.64821,0.64835,1.50,1.00
2015.10.06 01:16:59.919,0.64823,0.64837,1.37,1.00
2015.10.06 01:17:00.386,0.64823,0.64839,2.25,1.00
2015.10.06 01:17:03.796,0.64823,0.64837,1.50,1.00
2015.10.06 01:17:05.863,0.64823,0.64839,1.50,1.50
2015.10.06 01:17:06.378,0.64823,0.64839,1.75,1.50
2015.10.06 01:17:21.795,0.64823,0.64838,1.75,1.00
2015.10.06 01:17:22.335,0.64823,0.64837,1.50,1.00
2015.10.06 01:17:27.868,0.64823,0.64838,1.50,1.00
2015.10.06 01:17:32.685,0.64823,0.64838,1.12,1.00
2015.10.06 01:17:37.897,0.64823,0.64838,1.50,1.50
2015.10.06 01:17:40.323,0.64825,0.6484,2.25,1.50
2015.10.06 01:17:40.931,0.64827,0.6484,1.00,1.12
2015.10.06 01:17:41.235,0.64828,0.64843,1.50,1.00
2015.10.06 01:17:43.080,0.6483,0.64844,1.12,1.87
2015.10.06 01:17:43.384,0.64832,0.64845,1.50,1.00
2015.10.06 01:17:46.448,0.64832,0.64848,1.75,1.50
2015.10.06 01:17:48.542,0.64834,0.64847,1.00,1.00
2015.10.06 01:17:51.244,0.64832,0.64847,1.50,1.00
2015.10.06 01:17:53.973,0.64832,0.64847,1.75,1.00
2015.10.06 01:18:05.504,0.64832,0.64847,1.75,1.00
2015.10.06 01:18:06.264,0.64832,0.64847,1.75,1.00
2015.10.06 01:18:15.232,0.64832,0.64847,1.75,1.37
2015.10.06 01:18:15.283,0.64829,0.64843,1.12,1.50
2015.10.06 01:18:15.436,0.64829,0.64843,1.37,1.50
2015.10.06 01:18:15.538,0.6483,0.64846,2.25,1.12
2015.10.06 01:18:15.943,0.64833,0.64848,1.00,1.50
2015.10.06 01:18:17.804,0.64833,0.64845,1.00,1.00
2015.10.06 01:18:18.070,0.64833,0.64847,1.00,1.00
2015.10.06 01:18:19.960,0.64832,0.64847,1.75,1.00
2015.10.06 01:18:20.460,0.64832,0.64847,1.75,1.00
2015.10.06 01:18:22.036,0.64833,0.64849,3.00,1.00
2015.10.06 01:18:24.839,0.64835,0.6485,2.25,1.10
2015.10.06 01:18:24.890,0.64836,0.6485,1.75,1.10
2015.10.06 01:18:25.194,0.64837,0.64851,1.00,1.00
2015.10.06 01:18:25.396,0.64835,0.64848,1.50,1.00
2015.10.06 01:18:26.352,0.64834,0.64848,2.25,1.50
2015.10.06 01:18:26.403,0.64835,0.6485,1.12,1.10
2015.10.06 01:18:26.454,0.64837,0.6485,1.12,1.10
2015.10.06 01:18:26.657,0.64838,0.64852,1.12,1.50
2015.10.06 01:18:26.758,0.64838,0.64852,1.37,1.50
2015.10.06 01:18:26.910,0.64838,0.64852,1.12,1.50
2015.10.06 01:18:30.180,0.64837,0.64851,1.50,1.00
2015.10.06 01:18:30.232,0.64839,0.64847,1.00,1.00
2015.10.06 01:18:30.435,0.64836,0.64849,1.50,1.00
2015.10.06 01:18:31.114,0.64835,0.64846,1.12,1.00
2015.10.06 01:18:31.471,0.64833,0.64846,1.00,1.50
2015.10.06 01:18:31.573,0.64832,0.64843,1.00,1.00
2015.10.06 01:18:32.095,0.64829,0.64843,2.25,1.00
2015.10.06 01:18:33.313,0.64834,0.64845,1.00,1.00
2015.10.06 01:18:38.116,0.64832,0.64845,1.75,1.00
2015.10.06 01:18:38.588,0.64832,0.64847,1.75,1.00
2015.10.06 01:18:45.307,0.64832,0.64848,1.75,1.50
2015.10.06 01:18:46.312,0.64832,0.64848,1.75,1.50
2015.10.06 01:18:47.592,0.64832,0.64847,2.25,1.00
2015.10.06 01:18:48.196,0.64834,0.6485,1.50,1.50
2015.10.06 01:18:48.298,0.64836,0.64851,1.37,1.10
2015.10.06 01:18:48.806,0.64838,0.64852,1.37,1.50
2015.10.06 01:18:51.607,0.64837,0.64851,1.50,1.00
2015.10.06 01:18:56.417,0.64838,0.64851,1.00,1.00
2015.10.06 01:18:56.923,0.64838,0.64852,1.50,1.00
2015.10.06 01:18:58.080,0.64838,0.64853,2.25,1.50
2015.10.06 01:19:05.038,0.64838,0.64853,1.50,1.00
2015.10.06 01:19:08.113,0.64839,0.64853,1.00,1.00
2015.10.06 01:19:13.368,0.64838,0.64853,1.12,1.00
2015.10.06 01:19:18.683,0.64836,0.64852,2.25,1.00
2015.10.06 01:19:27.775,0.64838,0.64853,1.00,1.50
2015.10.06 01:19:28.216,0.64838,0.64851,1.00,1.00
2015.10.06 01:19:28.521,0.64834,0.64848,2.25,1.00
2015.10.06 01:19:28.572,0.64834,0.64847,1.50,1.00
2015.10.06 01:19:28.674,0.64833,0.64847,1.00,1.50
2015.10.06 01:19:29.480,0.64832,0.64847,1.00,1.50
2015.10.06 01:19:29.684,0.6483,0.64845,1.75,1.00
2015.10.06 01:19:29.836,0.6483,0.64843,1.00,1.00
2015.10.06 01:19:29.938,0.64827,0.64843,1.50,1.50
2015.10.06 01:19:30.194,0.64829,0.64844,2.25,1.00
2015.10.06 01:19:31.126,0.64829,0.64845,2.25,1.00
2015.10.06 01:19:36.282,0.64831,0.64846,1.50,1.50
2015.10.06 01:19:45.109,0.64832,0.64846,2.25,1.00
2015.10.06 01:19:45.160,0.64836,0.6485,1.00,1.50
2015.10.06 01:19:46.596,0.64833,0.64849,1.75,1.12
2015.10.06 01:19:46.698,0.64833,0.64846,1.12,1.00
2015.10.06 01:19:47.478,0.64832,0.64846,1.00,1.50
2015.10.06 01:19:48.916,0.64831,0.64846,2.25,1.50
2015.10.06 01:19:49.220,0.64832,0.64848,1.75,1.50
2015.10.06 01:19:52.960,0.64832,0.64846,1.50,1.00
2015.10.06 01:19:59.128,0.64831,0.64847,2.25,1.00
2015.10.06 01:20:05.021,0.64832,0.64847,1.50,1.00
2015.10.06 01:20:16.634,0.64831,0.64847,2.25,1.00
2015.10.06 01:20:17.142,0.64832,0.64848,1.75,1.00
2015.10.06 01:20:21.034,0.64833,0.64848,1.00,1.00
2015.10.06 01:20:21.675,0.64832,0.64848,1.75,1.00
2015.10.06 01:20:22.783,0.64832,0.64848,1.50,1.50
2015.10.06 01:20:24.871,0.64832,0.64846,1.50,1.00
2015.10.06 01:20:25.078,0.64832,0.64848,1.50,1.50
2015.10.06 01:20:26.842,0.64832,0.64847,1.50,1.00
2015.10.06 01:20:27.383,0.64832,0.64848,1.50,1.50
2015.10.06 01:20:29.018,0.64832,0.64847,1.50,1.00
2015.10.06 01:20:29.634,0.64832,0.64848,1.50,1.50
2015.10.06 01:20:30.831,0.64831,0.64846,2.25,1.00
2015.10.06 01:20:31.035,0.64831,0.64848,2.25,1.50
2015.10.06 01:20:32.790,0.64831,0.64847,1.75,1.00
2015.10.06 01:20:35.672,0.64831,0.64848,2.25,1.50
2015.10.06 01:20:35.774,0.64834,0.64848,1.50,1.50
2015.10.06 01:20:36.665,0.64835,0.6485,1.87,1.00
2015.10.06 01:20:41.893,0.64835,0.64851,2.25,1.50
2015.10.06 01:20:58.434,0.64835,0.6485,1.50,1.00
2015.10.06 01:21:00.407,0.64834,0.64849,1.75,1.00
2015.10.06 01:21:00.992,0.64834,0.64851,2.25,2.25
2015.10.06 01:21:02.333,0.64834,0.6485,2.25,1.00
2015.10.06 01:21:19.118,0.64835,0.64851,1.57,1.50
2015.10.06 01:21:19.646,0.64837,0.64851,1.00,1.00
2015.10.06 01:21:25.145,0.64836,0.64851,1.12,1.00
2015.10.06 01:21:31.493,0.64836,0.64852,1.12,1.87
2015.10.06 01:21:42.350,0.64836,0.6485,1.12,1.00
2015.10.06 01:21:43.888,0.64836,0.6485,1.37,1.00
2015.10.06 01:21:55.260,0.64838,0.64852,1.00,1.50
2015.10.06 01:22:05.049,0.64836,0.64852,1.75,1.50
2015.10.06 01:22:39.864,0.64836,0.64853,2.25,1.50
2015.10.06 01:22:44.393,0.64836,0.64852,1.75,1.00
2015.10.06 01:22:48.109,0.64836,0.64853,2.25,1.50
2015.10.06 01:22:50.062,0.64836,0.64852,1.75,1.00
2015.10.06 01:23:01.127,0.64838,0.64854,1.50,1.00
2015.10.06 01:23:01.330,0.6484,0.64854,1.75,1.00
2015.10.06 01:23:01.634,0.6484,0.64852,1.75,1.00
2015.10.06 01:23:01.737,0.6484,0.64853,1.75,1.00
2015.10.06 01:23:02.344,0.6484,0.64853,1.75,1.00
2015.10.06 01:23:03.359,0.64839,0.64851,1.75,1.00
2015.10.06 01:23:03.460,0.64837,0.64851,1.85,1.00
2015.10.06 01:23:03.612,0.64836,0.64849,1.95,1.00
2015.10.06 01:23:03.663,0.64836,0.64849,1.95,1.00
2015.10.06 01:23:05.147,0.64836,0.64849,1.85,1.00
2015.10.06 01:23:05.698,0.64836,0.64848,1.85,1.00
2015.10.06 01:23:16.436,0.64839,0.64848,1.00,1.00
2015.10.06 01:23:21.648,0.64836,0.64848,1.57,1.00
2015.10.06 01:23:24.591,0.64826,0.64839,1.20,1.00
2015.10.06 01:23:24.844,0.64825,0.64837,2.25,1.00
2015.10.06 01:23:27.337,0.64825,0.64836,1.50,1.00
2015.10.06 01:23:38.220,0.64824,0.64836,1.50,1.00
2015.10.06 01:23:38.696,0.6482,0.64834,1.57,1.00
2015.10.06 01:23:38.797,0.6482,0.64829,1.12,1.00
2015.10.06 01:23:38.848,0.64817,0.64829,1.95,1.00
2015.10.06 01:23:38.899,0.64817,0.64827,1.57,1.00
2015.10.06 01:23:40.002,0.64816,0.64827,1.50,1.00
2015.10.06 01:23:44.926,0.64816,0.64828,1.50,1.00
2015.10.06 01:23:46.717,0.64817,0.64828,1.50,1.00
2015.10.06 01:23:47.663,0.64817,0.64827,1.50,1.00
2015.10.06 01:23:52.331,0.64817,0.6483,2.25,1.00
2015.10.06 01:23:52.534,0.64824,0.64835,1.00,1.00
2015.10.06 01:23:52.686,0.64821,0.64835,1.50,1.00
2015.10.06 01:24:01.474,0.6482,0.64835,1.12,1.00
2015.10.06 01:24:02.206,0.6482,0.64834,1.12,1.00
2015.10.06 01:24:17.910,0.64821,0.64834,1.00,1.00
2015.10.06 01:24:25.479,0.64832,0.64838,1.00,1.00
2015.10.06 01:24:25.530,0.64826,0.64838,1.50,1.00
2015.10.06 01:24:25.582,0.64826,0.64838,1.75,1.00
2015.10.06 01:24:25.633,0.64826,0.6484,1.75,1.00
2015.10.06 01:24:25.684,0.64826,0.6484,1.12,1.12
2015.10.06 01:24:25.786,0.64828,0.6484,1.00,1.50
2015.10.06 01:24:25.887,0.64828,0.64842,1.00,1.50
2015.10.06 01:24:26.090,0.6483,0.64842,1.00,1.00
2015.10.06 01:24:26.396,0.64832,0.64842,1.00,1.00
2015.10.06 01:24:27.194,0.64831,0.64842,1.00,1.00
2015.10.06 01:24:29.533,0.64831,0.64844,1.00,1.00
2015.10.06 01:24:35.679,0.6483,0.64844,2.25,1.00
2015.10.06 01:24:41.173,0.64831,0.64844,1.00,1.00
2015.10.06 01:24:55.409,0.6483,0.64844,1.00,1.00
2015.10.06 01:25:01.504,0.6483,0.64842,1.50,1.00
2015.10.06 01:25:02.607,0.6483,0.64842,1.50,1.00
2015.10.06 01:25:04.364,0.64831,0.64842,1.00,1.00
2015.10.06 01:25:17.233,0.64831,0.64844,1.00,1.00
2015.10.06 01:25:25.507,0.64831,0.64842,1.00,1.00
2015.10.06 01:25:26.013,0.6483,0.64842,1.12,1.00
2015.10.06 01:25:39.452,0.6483,0.64841,1.00,1.00
2015.10.06 01:25:41.139,0.64829,0.64841,1.00,1.00
2015.10.06 01:25:46.723,0.6483,0.64841,1.00,1.00
2015.10.06 01:25:53.309,0.6483,0.64842,1.00,1.00
2015.10.06 01:26:01.286,0.6483,0.64843,1.00,1.12
2015.10.06 01:26:06.671,0.6483,0.64841,1.00,1.00
2015.10.06 01:26:15.211,0.64829,0.64842,1.12,1.12
2015.10.06 01:26:16.933,0.64829,0.6484,1.00,1.00
2015.10.06 01:26:17.460,0.64827,0.64839,1.12,1.10
2015.10.06 01:26:26.323,0.64828,0.64839,1.00,1.10
2015.10.06 01:26:28.507,0.64824,0.64836,1.37,1.00
2015.10.06 01:26:28.567,0.64824,0.64836,1.00,1.00
2015.10.06 01:26:28.771,0.64825,0.64838,1.00,1.10
2015.10.06 01:26:28.873,0.64827,0.64838,1.00,1.10
2015.10.06 01:26:28.974,0.64825,0.64838,1.00,1.00
2015.10.06 01:26:29.430,0.64827,0.64839,1.00,1.00
2015.10.06 01:26:30.932,0.64832,0.64841,1.00,1.00
2015.10.06 01:26:31.645,0.64832,0.64842,1.00,1.00
2015.10.06 01:26:31.798,0.64832,0.64844,1.00,1.10
2015.10.06 01:26:32.002,0.64833,0.64846,1.50,1.10
2015.10.06 01:26:34.165,0.64833,0.64846,1.50,1.00
2015.10.06 01:26:39.307,0.64832,0.64848,3.00,1.12
2015.10.06 01:26:45.110,0.64833,0.64848,1.12,1.00
2015.10.06 01:26:49.510,0.64833,0.64849,1.87,1.87
2015.10.06 01:26:49.561,0.64835,0.64849,1.00,1.12
2015.10.06 01:26:49.866,0.64837,0.64853,2.25,1.00
2015.10.06 01:26:50.646,0.64837,0.64853,2.25,1.00
2015.10.06 01:26:51.078,0.64839,0.64854,1.12,1.50
2015.10.06 01:26:58.927,0.64838,0.64854,2.25,1.00
2015.10.06 01:27:09.754,0.6484,0.64854,1.50,1.00
2015.10.06 01:27:09.906,0.64842,0.64856,1.00,1.10
2015.10.06 01:27:09.957,0.64841,0.64856,1.75,1.10
2015.10.06 01:27:10.059,0.64841,0.64856,1.50,1.00
2015.10.06 01:27:10.364,0.64841,0.64856,1.75,1.00
2015.10.06 01:27:10.970,0.64843,0.64856,1.00,1.00
2015.10.06 01:27:12.102,0.64843,0.64857,1.00,1.57
2015.10.06 01:27:25.050,0.64841,0.64857,1.75,1.57
2015.10.06 01:27:29.288,0.64841,0.64857,1.50,1.57
2015.10.06 01:27:29.798,0.64841,0.64856,1.50,1.00
2015.10.06 01:27:31.569,0.64841,0.64855,1.50,1.00
2015.10.06 01:27:33.631,0.64841,0.64856,1.50,1.00
2015.10.06 01:27:36.755,0.6484,0.64856,1.75,1.50
2015.10.06 01:27:49.893,0.64842,0.64857,1.50,1.00
2015.10.06 01:27:50.479,0.64846,0.6486,1.12,1.50
2015.10.06 01:27:51.304,0.64844,0.6486,2.25,1.95
2015.10.06 01:27:51.607,0.64844,0.64858,1.00,1.00
2015.10.06 01:27:55.446,0.64842,0.64858,2.25,1.50
2015.10.06 01:27:56.074,0.64842,0.64858,2.25,1.50
2015.10.06 01:27:56.378,0.64841,0.64856,1.75,1.00
2015.10.06 01:27:58.506,0.64841,0.64855,1.75,1.00
2015.10.06 01:28:00.080,0.64841,0.64855,1.37,1.12
2015.10.06 01:28:00.132,0.64837,0.64853,1.87,1.00
2015.10.06 01:28:00.641,0.64837,0.64853,2.25,1.00
2015.10.06 01:28:06.867,0.64838,0.64854,1.50,1.50
2015.10.06 01:28:07.389,0.64838,0.64854,2.25,1.00
2015.10.06 01:28:23.263,0.64839,0.64855,1.50,1.50
2015.10.06 01:28:23.365,0.6484,0.64856,1.37,1.00
2015.10.06 01:28:23.946,0.6484,0.64856,1.75,1.00
2015.10.06 01:28:25.453,0.6484,0.64857,2.25,1.50
2015.10.06 01:28:47.551,0.64839,0.64855,2.25,1.00
2015.10.06 01:28:47.603,0.6484,0.64854,1.00,1.00
2015.10.06 01:28:47.869,0.64839,0.64854,2.25,1.00
2015.10.06 01:28:48.123,0.6484,0.64856,1.75,1.00
2015.10.06 01:28:48.683,0.6484,0.64856,1.75,1.00
2015.10.06 01:28:57.824,0.64841,0.64856,2.25,1.00
2015.10.06 01:28:58.341,0.64841,0.64855,1.75,1.00
2015.10.06 01:29:00.237,0.64841,0.64857,1.75,1.50
2015.10.06 01:29:03.453,0.64843,0.64858,2.25,1.10
2015.10.06 01:29:03.968,0.64843,0.64859,2.25,1.87
2015.10.06 01:29:09.232,0.64844,0.64859,1.12,1.95
2015.10.06 01:29:09.741,0.64844,0.64859,2.25,1.50
2015.10.06 01:29:16.067,0.64844,0.64858,2.25,1.00
2015.10.06 01:29:16.600,0.64844,0.64858,1.12,1.12
2015.10.06 01:29:21.850,0.64844,0.64857,1.12,1.00
2015.10.06 01:29:28.249,0.64844,0.64859,1.12,1.50
2015.10.06 01:29:33.543,0.64845,0.64859,1.00,1.50
2015.10.06 01:29:34.069,0.64845,0.64859,2.25,1.00
2015.10.06 01:29:34.786,0.64845,0.64859,1.50,1.00
2015.10.06 01:29:38.433,0.64845,0.6486,1.00,1.12
2015.10.06 01:29:38.911,0.64847,0.64862,1.00,1.50
2015.10.06 01:29:39.012,0.64849,0.64864,1.00,1.87
2015.10.06 01:29:39.063,0.64849,0.64864,1.37,1.50
2015.10.06 01:29:39.839,0.64848,0.64864,2.25,1.00
2015.10.06 01:29:40.372,0.64848,0.64864,2.25,1.00
2015.10.06 01:29:41.181,0.6485,0.64866,1.50,1.50
2015.10.06 01:29:41.857,0.64853,0.64866,1.87,1.00
2015.10.06 01:29:42.313,0.64855,0.64869,1.50,1.00
2015.10.06 01:29:42.667,0.64856,0.64871,1.50,1.50
2015.10.06 01:29:43.687,0.64858,0.64871,1.12,1.00
2015.10.06 01:29:44.317,0.64858,0.64873,1.12,2.25
2015.10.06 01:29:44.823,0.64858,0.64873,1.50,2.25
2015.10.06 01:29:46.326,0.64858,0.64871,1.37,1.50
2015.10.06 01:29:46.530,0.64856,0.64869,1.12,1.00
2015.10.06 01:29:46.733,0.64856,0.64871,1.12,2.25
2015.10.06 01:29:47.241,0.64853,0.6487,3.00,1.50
2015.10.06 01:29:59.395,0.64853,0.64869,3.00,1.00
2015.10.06 01:30:05.045,0.64853,0.64869,3.00,1.00
2015.10.06 01:30:35.191,0.64853,0.64869,2.25,2.25
2015.10.06 01:30:35.243,0.64853,0.64866,1.00,1.00
2015.10.06 01:30:36.091,0.64852,0.64866,1.50,1.00
2015.10.06 01:30:36.142,0.64852,0.64868,3.00,1.50
2015.10.06 01:30:36.193,0.64852,0.64868,3.00,1.00
2015.10.06 01:30:37.454,0.64852,0.64867,3.00,1.00
2015.10.06 01:30:37.607,0.64852,0.64867,2.62,1.00
2015.10.06 01:30:38.112,0.64852,0.64868,2.62,1.12
2015.10.06 01:30:40.091,0.64852,0.64868,3.00,1.00
2015.10.06 01:30:40.193,0.64852,0.64868,2.62,1.12
2015.10.06 01:30:40.699,0.64852,0.64868,2.25,1.50
2015.10.06 01:30:41.205,0.64852,0.64868,1.87,1.87
2015.10.06 01:30:41.408,0.64854,0.64868,1.00,1.50
2015.10.06 01:30:42.232,0.64853,0.64868,1.12,1.50
2015.10.06 01:30:42.892,0.64854,0.64868,1.00,1.50
2015.10.06 01:30:43.397,0.64852,0.64868,2.25,2.25
2015.10.06 01:30:45.004,0.64852,0.64868,3.00,1.00
2015.10.06 01:30:51.305,0.64855,0.6487,1.00,1.50
2015.10.06 01:30:52.053,0.64856,0.6487,1.00,1.00
2015.10.06 01:30:52.701,0.64855,0.6487,1.00,1.00
2015.10.06 01:31:01.370,0.64855,0.64869,1.50,1.00
2015.10.06 01:31:08.006,0.64855,0.6487,1.50,1.50
2015.10.06 01:31:08.310,0.64857,0.6487,1.50,1.50
2015.10.06 01:31:11.927,0.64856,0.6487,1.50,1.50
2015.10.06 01:31:44.684,0.64857,0.6487,1.75,1.00
2015.10.06 01:31:44.735,0.64858,0.64872,1.50,1.00
2015.10.06 01:31:44.786,0.64858,0.64872,2.25,1.00
2015.10.06 01:31:45.293,0.64859,0.64875,2.25,1.50
2015.10.06 01:31:53.934,0.64863,0.64875,1.00,1.00
2015.10.06 01:31:53.986,0.64864,0.64878,1.50,1.00
2015.10.06 01:32:01.482,0.64863,0.64879,1.50,3.00
2015.10.06 01:32:02.298,0.64864,0.64879,1.00,2.25
2015.10.06 01:32:03.399,0.64864,0.64879,1.12,1.50
2015.10.06 01:32:04.071,0.64865,0.64879,1.00,1.50
2015.10.06 01:32:10.732,0.64865,0.6488,1.87,1.50
2015.10.06 01:32:11.602,0.64865,0.64878,1.12,1.00
2015.10.06 01:32:12.109,0.64864,0.64878,1.87,1.00
2015.10.06 01:32:15.065,0.64865,0.64878,1.12,1.00
2015.10.06 01:32:20.824,0.64865,0.64879,1.12,1.00
2015.10.06 01:32:25.914,0.64864,0.64874,1.00,1.00
2015.10.06 01:32:26.067,0.64862,0.64874,1.00,1.00
2015.10.06 01:32:26.118,0.64858,0.64873,1.95,1.00
2015.10.06 01:32:26.980,0.64858,0.64872,1.50,1.00
2015.10.06 01:32:27.981,0.64858,0.64871,1.50,1.00
2015.10.06 01:32:28.810,0.64857,0.64871,1.50,1.00
2015.10.06 01:32:33.714,0.64864,0.64875,1.00,1.00
2015.10.06 01:32:34.043,0.64862,0.64876,1.12,1.00
2015.10.06 01:32:34.545,0.64862,0.64877,1.87,1.00
2015.10.06 01:32:41.650,0.64862,0.64876,1.12,1.00
2015.10.06 01:33:02.504,0.64864,0.64876,1.00,1.00
2015.10.06 01:33:03.012,0.64864,0.64877,1.00,1.50
2015.10.06 01:33:03.519,0.64863,0.64877,1.12,1.50
2015.10.06 01:33:04.069,0.64864,0.64877,1.00,1.50
2015.10.06 01:33:08.430,0.64864,0.64876,1.00,1.00
2015.10.06 01:33:08.950,0.64863,0.64876,1.12,1.50
2015.10.06 01:33:13.289,0.64864,0.64876,1.00,1.00
2015.10.06 01:33:13.594,0.64866,0.64877,1.12,1.00
2015.10.06 01:33:13.746,0.64864,0.64876,1.50,1.00
2015.10.06 01:33:14.274,0.64863,0.64876,1.00,1.00
2015.10.06 01:33:15.936,0.64862,0.64876,1.95,1.00
2015.10.06 01:33:22.010,0.64862,0.64875,1.20,1.00
2015.10.06 01:33:49.075,0.64862,0.64875,2.25,1.00
2015.10.06 01:33:49.126,0.64864,0.64878,1.00,2.25
2015.10.06 01:33:49.778,0.64865,0.64879,1.12,1.00
2015.10.06 01:33:50.290,0.64866,0.6488,1.00,1.00
2015.10.06 01:33:51.048,0.64865,0.6488,1.87,1.00
2015.10.06 01:33:56.219,0.64866,0.6488,1.00,1.00
2015.10.06 01:33:56.270,0.64867,0.64882,1.50,1.57
2015.10.06 01:33:59.941,0.64866,0.6488,1.75,1.00
2015.10.06 01:34:00.295,0.64865,0.6488,2.25,1.00
2015.10.06 01:34:03.591,0.64867,0.64882,1.75,1.10
2015.10.06 01:34:13.400,0.64866,0.64881,1.50,1.00
2015.10.06 01:34:18.830,0.64865,0.6488,1.75,1.00
2015.10.06 01:34:31.213,0.64868,0.6488,1.37,1.00
2015.10.06 01:34:38.577,0.64866,0.64881,2.25,1.00
2015.10.06 01:34:38.679,0.64866,0.64881,1.50,1.00
2015.10.06 01:34:40.110,0.64866,0.64878,1.50,1.00
2015.10.06 01:34:41.681,0.64863,0.64875,1.50,1.00
2015.10.06 01:34:46.535,0.64863,0.64874,1.50,1.00
2015.10.06 01:34:52.105,0.64865,0.64878,1.00,1.87
2015.10.06 01:34:52.308,0.64864,0.64875,1.12,1.00
2015.10.06 01:34:52.864,0.64862,0.64874,1.75,1.00
2015.10.06 01:34:52.915,0.64862,0.64874,1.00,1.50
2015.10.06 01:34:57.624,0.64862,0.64874,1.50,1.00
2015.10.06 01:34:57.676,0.64863,0.64876,1.12,1.00
2015.10.06 01:34:58.179,0.64862,0.64875,1.50,1.00
2015.10.06 01:34:58.689,0.64862,0.64875,1.00,1.00
2015.10.06 01:35:12.706,0.64862,0.64874,1.12,1.00
2015.10.06 01:35:23.575,0.64862,0.64873,1.12,1.00
2015.10.06 01:35:27.815,0.64851,0.64858,6.00,1.10
2015.10.06 01:35:27.867,0.64843,0.64857,1.12,1.00
2015.10.06 01:35:28.120,0.64841,0.64855,1.50,1.00
2015.10.06 01:35:28.476,0.64845,0.64855,1.00,1.00
2015.10.06 01:35:28.527,0.64845,0.64857,1.00,1.00
2015.10.06 01:35:28.629,0.64847,0.64859,1.00,1.00
2015.10.06 01:35:28.882,0.64849,0.64863,1.50,1.50
2015.10.06 01:35:28.933,0.64851,0.64864,1.00,1.50
2015.10.06 01:35:29.637,0.6485,0.64863,2.25,1.00
2015.10.06 01:35:29.841,0.64852,0.64865,1.00,1.12
2015.10.06 01:35:30.349,0.64852,0.64865,1.37,1.00
2015.10.06 01:35:31.300,0.64853,0.64867,1.75,1.00
2015.10.06 01:35:36.226,0.64855,0.64868,1.12,1.50
2015.10.06 01:35:38.533,0.64855,0.64867,1.00,1.00
2015.10.06 01:35:39.055,0.64853,0.64868,1.87,1.00
2015.10.06 01:35:39.106,0.64853,0.64866,1.12,1.00
2015.10.06 01:35:41.610,0.64854,0.64867,1.00,1.00
2015.10.06 01:35:42.848,0.64854,0.64866,1.00,1.00
2015.10.06 01:35:43.842,0.64854,0.64865,1.00,1.00
2015.10.06 01:35:45.157,0.64851,0.64865,2.25,1.50
2015.10.06 01:35:45.887,0.64849,0.64864,1.75,1.50
2015.10.06 01:35:45.938,0.64849,0.64864,1.50,1.50
2015.10.06 01:35:46.348,0.64847,0.64862,1.75,1.00
2015.10.06 01:35:46.551,0.64846,0.6486,3.00,1.00
2015.10.06 01:35:46.956,0.64847,0.64861,1.37,1.00
2015.10.06 01:35:47.444,0.64852,0.64864,1.12,1.00
2015.10.06 01:35:49.424,0.64849,0.64864,2.25,1.00
2015.10.06 01:35:55.604,0.6485,0.64863,1.87,1.00
2015.10.06 01:36:00.448,0.64851,0.64863,1.00,1.00
2015.10.06 01:36:04.921,0.64851,0.64864,1.00,1.00
2015.10.06 01:36:07.246,0.64852,0.64864,1.00,1.00
2015.10.06 01:36:07.601,0.64853,0.64867,1.37,1.50
2015.10.06 01:36:09.046,0.64852,0.64867,3.00,1.00
2015.10.06 01:36:09.707,0.64854,0.64868,1.00,1.37
2015.10.06 01:36:10.667,0.64852,0.64867,2.25,1.00
2015.10.06 01:36:11.124,0.64854,0.64868,1.37,1.50
2015.10.06 01:36:11.632,0.64853,0.64867,2.25,1.00
2015.10.06 01:36:12.145,0.64854,0.64868,1.00,1.50
2015.10.06 01:36:12.698,0.64854,0.64869,2.25,1.00
2015.10.06 01:36:13.205,0.64856,0.6487,1.12,1.00
2015.10.06 01:36:13.761,0.64855,0.64869,1.37,1.00
2015.10.06 01:36:13.812,0.64853,0.64867,2.25,1.00
2015.10.06 01:36:13.914,0.64853,0.64867,1.12,1.00
2015.10.06 01:36:14.793,0.64852,0.64867,2.25,1.00
2015.10.06 01:36:15.638,0.64852,0.64867,2.25,1.00
2015.10.06 01:36:15.840,0.64854,0.64869,1.00,1.87
2015.10.06 01:36:16.461,0.64853,0.64867,1.12,1.00
2015.10.06 01:36:17.300,0.64855,0.64868,1.00,1.00
2015.10.06 01:36:18.270,0.64853,0.64867,1.50,1.00
2015.10.06 01:36:18.371,0.64852,0.64867,2.62,1.00
2015.10.06 01:36:19.129,0.64855,0.64867,1.00,1.00
2015.10.06 01:36:19.230,0.64853,0.64867,1.12,1.00
2015.10.06 01:36:19.758,0.64854,0.64869,1.00,1.12
2015.10.06 01:36:20.113,0.64853,0.64867,1.87,1.00
2015.10.06 01:36:20.630,0.64852,0.64867,1.50,1.50
2015.10.06 01:36:24.461,0.64852,0.64867,1.00,2.25
2015.10.06 01:36:24.782,0.64845,0.64858,1.75,1.00
2015.10.06 01:36:24.884,0.64844,0.64858,1.87,1.00
2015.10.06 01:36:25.391,0.64842,0.64857,1.12,1.50
2015.10.06 01:36:29.762,0.64842,0.64857,1.87,1.00
2015.10.06 01:36:30.312,0.64843,0.64858,1.12,1.00
2015.10.06 01:36:33.295,0.64843,0.64858,1.00,1.50
2015.10.06 01:36:37.829,0.64842,0.64857,1.50,1.12
2015.10.06 01:36:47.703,0.64842,0.64856,1.00,1.00
2015.10.06 01:36:48.227,0.64842,0.64857,1.00,1.87
2015.10.06 01:36:54.133,0.64842,0.64855,1.00,1.00
2015.10.06 01:37:09.078,0.64841,0.64855,1.00,1.00
2015.10.06 01:37:23.264,0.6484,0.64855,1.37,1.00
2015.10.06 01:37:23.800,0.64841,0.64856,1.37,1.87
2015.10.06 01:37:25.130,0.64841,0.64856,1.00,1.87
2015.10.06 01:37:26.655,0.64841,0.64855,1.00,1.00
2015.10.06 01:37:30.705,0.64839,0.64855,1.50,1.50
2015.10.06 01:37:31.262,0.64839,0.64854,1.50,1.00
2015.10.06 01:37:32.626,0.64839,0.64854,1.50,1.00
2015.10.06 01:37:32.782,0.64842,0.64855,1.00,1.50
2015.10.06 01:37:33.288,0.64842,0.64856,1.50,1.00
2015.10.06 01:37:37.682,0.64842,0.64857,1.00,1.50
2015.10.06 01:37:45.054,0.64841,0.64856,1.12,1.00
2015.10.06 01:37:47.917,0.64841,0.64856,1.50,1.00
2015.10.06 01:37:49.819,0.64841,0.64857,1.50,1.50
2015.10.06 01:37:50.324,0.64843,0.64857,1.00,1.50
2015.10.06 01:37:52.179,0.64843,0.64855,1.00,1.00
2015.10.06 01:37:58.006,0.64842,0.64855,1.12,1.00
2015.10.06 01:37:58.894,0.64842,0.64857,1.12,1.50
2015.10.06 01:38:03.426,0.64842,0.64856,1.00,1.00
2015.10.06 01:38:05.281,0.64841,0.64856,1.12,1.50
2015.10.06 01:38:11.965,0.64841,0.64856,1.50,1.50
2015.10.06 01:38:18.573,0.64841,0.64856,1.50,1.50
2015.10.06 01:38:28.706,0.64841,0.64856,1.50,1.50
2015.10.06 01:38:29.786,0.64841,0.64856,1.37,1.87
2015.10.06 01:38:35.879,0.64845,0.64858,1.00,1.50
2015.10.06 01:38:37.175,0.64842,0.64858,1.50,2.25
2015.10.06 01:38:37.618,0.64841,0.64856,1.75,1.00
2015.10.06 01:38:37.720,0.6484,0.64854,1.50,1.00
2015.10.06 01:38:38.291,0.6484,0.64854,1.50,1.00
2015.10.06 01:38:40.822,0.6484,0.64854,1.50,1.00
2015.10.06 01:38:40.873,0.64841,0.64856,1.00,1.87
2015.10.06 01:38:43.120,0.64841,0.64856,1.12,1.87
2015.10.06 01:38:57.888,0.64842,0.64856,1.12,1.00
2015.10.06 01:38:58.913,0.64843,0.64856,1.00,1.00
2015.10.06 01:38:59.436,0.64843,0.64857,1.00,1.00
2015.10.06 01:39:00.884,0.64844,0.64858,1.00,1.10
2015.10.06 01:39:03.367,0.64845,0.6486,1.00,2.70
2015.10.06 01:39:04.055,0.64845,0.6486,1.00,1.12
2015.10.06 01:39:04.604,0.64845,0.6486,1.50,1.00
2015.10.06 01:39:05.159,0.64844,0.64858,1.50,1.00
2015.10.06 01:39:06.774,0.64844,0.64858,1.12,1.00
2015.10.06 01:39:10.864,0.64844,0.64857,1.00,1.00
2015.10.06 01:39:16.846,0.64842,0.64858,2.25,1.00
2015.10.06 01:39:16.896,0.64843,0.64856,1.00,1.00
2015.10.06 01:39:25.892,0.64844,0.64858,1.00,1.00
2015.10.06 01:39:26.449,0.64846,0.64859,1.00,1.10
2015.10.06 01:39:26.602,0.64846,0.64861,1.00,1.20
2015.10.06 01:39:27.108,0.64846,0.64862,1.00,1.50
2015.10.06 01:39:27.159,0.64845,0.6486,1.50,1.00
2015.10.06 01:39:28.025,0.64845,0.64859,1.00,1.00
2015.10.06 01:39:31.031,0.64845,0.6486,1.50,1.00
2015.10.06 01:39:31.334,0.64848,0.64863,1.50,1.00
2015.10.06 01:39:31.587,0.64851,0.64867,1.00,2.62
2015.10.06 01:39:31.638,0.64853,0.64867,1.00,1.50
2015.10.06 01:39:31.942,0.64856,0.64869,1.50,1.00
2015.10.06 01:39:32.731,0.64856,0.64871,1.00,1.00
2015.10.06 01:39:36.329,0.64856,0.64872,1.00,1.50
2015.10.06 01:39:36.631,0.64858,0.64872,1.00,1.00
2015.10.06 01:39:38.688,0.64859,0.64875,1.37,2.62
2015.10.06 01:39:38.993,0.64862,0.64876,1.00,1.50
2015.10.06 01:39:41.920,0.64862,0.64873,1.00,1.00
2015.10.06 01:39:42.124,0.64858,0.6487,1.00,1.00
2015.10.06 01:39:42.377,0.64854,0.6487,2.25,1.00
2015.10.06 01:39:43.148,0.64854,0.64868,1.75,1.00
2015.10.06 01:39:45.035,0.64855,0.64867,1.00,1.00
2015.10.06 01:39:45.817,0.64849,0.6486,1.00,1.00
2015.10.06 01:39:45.869,0.64843,0.64858,1.50,1.50
2015.10.06 01:39:46.389,0.64842,0.64856,1.75,1.00
2015.10.06 01:39:46.542,0.6484,0.64854,2.25,1.00
2015.10.06 01:39:46.593,0.6484,0.64852,1.87,1.00
2015.10.06 01:39:46.746,0.64839,0.64852,1.12,1.00
2015.10.06 01:39:46.847,0.64835,0.64851,2.25,1.00
2015.10.06 01:39:47.587,0.64837,0.64852,2.25,1.50
2015.10.06 01:39:47.639,0.64839,0.64852,1.00,1.00
2015.10.06 01:39:48.702,0.64842,0.64853,1.00,1.00
2015.10.06 01:39:48.905,0.64844,0.64859,1.87,1.50
2015.10.06 01:39:54.324,0.64844,0.6486,2.62,1.12
2015.10.06 01:39:59.318,0.64845,0.6486,1.00,1.12
2015.10.06 01:39:59.835,0.64846,0.64861,1.12,1.00
2015.10.06 01:40:00.351,0.64846,0.64859,1.00,1.00
2015.10.06 01:40:00.590,0.64844,0.64858,1.00,1.00
2015.10.06 01:40:01.098,0.64843,0.64858,1.12,2.25
2015.10.06 01:40:06.012,0.64843,0.64857,1.00,1.00
2015.10.06 01:40:21.284,0.64844,0.64857,1.00,1.00
2015.10.06 01:40:23.051,0.64843,0.64858,1.50,1.12
2015.10.06 01:40:26.317,0.64846,0.64859,1.00,1.00
2015.10.06 01:40:26.470,0.64846,0.64861,1.00,2.25
2015.10.06 01:40:28.893,0.64847,0.64861,1.00,1.00
2015.10.06 01:40:29.399,0.64848,0.64861,1.00,1.12
2015.10.06 01:40:29.703,0.64846,0.64861,1.00,1.12
2015.10.06 01:40:30.119,0.64846,0.64859,1.00,1.00
2015.10.06 01:40:31.021,0.64845,0.64859,1.00,1.50
2015.10.06 01:40:32.121,0.64843,0.64858,1.87,1.00
2015.10.06 01:40:40.554,0.64842,0.64858,2.62,1.87
2015.10.06 01:40:41.270,0.64842,0.64857,2.62,1.00
2015.10.06 01:40:41.325,0.64842,0.64855,1.12,1.50
2015.10.06 01:40:41.986,0.6484,0.64851,1.00,1.00
2015.10.06 01:40:42.044,0.64836,0.64851,1.12,1.00
2015.10.06 01:40:55.419,0.64835,0.6485,1.50,1.00
2015.10.06 01:40:55.951,0.64835,0.6485,1.12,1.50
2015.10.06 01:40:56.053,0.64835,0.6485,1.50,1.00
2015.10.06 01:40:56.843,0.64837,0.64851,1.50,1.50
2015.10.06 01:40:57.968,0.64836,0.64851,1.50,1.00
2015.10.06 01:41:05.676,0.64836,0.64851,1.50,1.00
2015.10.06 01:41:09.575,0.64836,0.64852,1.50,1.50
2015.10.06 01:41:10.462,0.64836,0.64851,1.50,1.00
2015.10.06 01:41:12.575,0.64836,0.64851,1.12,1.00
2015.10.06 01:41:16.070,0.64836,0.64851,1.50,1.00
2015.10.06 01:41:16.849,0.64836,0.6485,1.00,1.00
2015.10.06 01:41:17.364,0.64837,0.6485,1.00,1.00
2015.10.06 01:41:33.297,0.64837,0.64851,1.00,1.50
2015.10.06 01:41:35.606,0.64838,0.6485,1.00,1.00
2015.10.06 01:41:35.708,0.64835,0.6485,1.87,1.00
2015.10.06 01:41:35.810,0.64834,0.64848,1.37,1.00
2015.10.06 01:41:36.065,0.64833,0.64848,1.87,1.87
2015.10.06 01:41:36.370,0.64831,0.64847,3.37,1.12
2015.10.06 01:41:36.471,0.64831,0.64845,2.62,1.00
2015.10.06 01:41:36.777,0.6483,0.64843,1.87,1.00
2015.10.06 01:41:37.398,0.64829,0.64843,1.00,1.00
2015.10.06 01:41:38.634,0.64829,0.64842,1.50,1.00
2015.10.06 01:41:39.139,0.6483,0.64843,1.50,1.00
2015.10.06 01:41:42.247,0.6483,0.64846,1.87,1.12
2015.10.06 01:41:42.348,0.64832,0.64847,1.00,1.87
2015.10.06 01:41:42.652,0.64837,0.6485,1.00,1.50
2015.10.06 01:41:44.065,0.64837,0.64852,1.00,1.87
2015.10.06 01:41:44.581,0.64838,0.64852,1.12,1.00
2015.10.06 01:41:50.635,0.64838,0.64853,1.12,1.00
2015.10.06 01:41:52.995,0.64839,0.64855,1.50,1.50
2015.10.06 01:41:53.147,0.6484,0.64855,1.50,1.12
2015.10.06 01:41:53.350,0.64842,0.64858,1.12,1.87
2015.10.06 01:41:53.451,0.64842,0.64858,1.50,1.87
2015.10.06 01:41:54.009,0.64843,0.64858,1.50,1.12
2015.10.06 01:41:54.827,0.64842,0.64858,3.37,1.12
2015.10.06 01:41:57.307,0.64842,0.64856,1.12,1.00
2015.10.06 01:41:57.661,0.6484,0.64855,1.87,1.00
2015.10.06 01:41:57.814,0.6484,0.64852,1.00,1.00
2015.10.06 01:41:58.016,0.64838,0.64852,1.00,1.50
2015.10.06 01:41:59.269,0.64842,0.64853,1.12,1.12
2015.10.06 01:41:59.330,0.64842,0.64856,1.50,1.00
2015.10.06 01:42:05.142,0.64842,0.64856,1.50,1.00
2015.10.06 01:42:11.998,0.64843,0.64856,1.00,1.50
2015.10.06 01:42:13.660,0.64843,0.64856,1.50,1.00
2015.10.06 01:42:13.812,0.64843,0.64858,2.25,1.00
2015.10.06 01:42:14.371,0.64843,0.64859,2.25,2.25
2015.10.06 01:42:15.036,0.64844,0.64859,1.00,2.25
2015.10.06 01:42:15.551,0.64845,0.64859,1.00,2.25
2015.10.06 01:42:16.082,0.64844,0.64859,1.00,2.25
2015.10.06 01:42:18.359,0.64844,0.64857,1.00,1.00
2015.10.06 01:42:22.120,0.64844,0.64858,1.00,1.00
2015.10.06 01:42:22.626,0.64844,0.64857,1.00,1.50
2015.10.06 01:42:23.132,0.64842,0.64856,1.50,1.00
2015.10.06 01:42:23.815,0.64841,0.64854,1.00,1.12
2015.10.06 01:42:23.867,0.64839,0.64854,1.50,1.12
2015.10.06 01:42:24.120,0.6484,0.64856,1.50,2.25
2015.10.06 01:42:24.626,0.64841,0.64856,1.00,1.00
2015.10.06 01:42:29.186,0.64843,0.64857,1.00,1.50
2015.10.06 01:42:36.710,0.64843,0.64856,1.00,1.00
2015.10.06 01:42:37.266,0.64843,0.64857,1.00,1.00
2015.10.06 01:42:40.670,0.64842,0.64857,2.25,1.00
2015.10.06 01:42:45.132,0.64842,0.64855,1.50,1.00
2015.10.06 01:42:45.715,0.64839,0.64854,1.37,1.87
2015.10.06 01:42:46.262,0.64841,0.64855,1.12,1.00
2015.10.06 01:42:51.784,0.64841,0.64856,1.12,1.50
2015.10.06 01:42:56.981,0.6484,0.64856,1.75,1.50
2015.10.06 01:42:58.141,0.6484,0.64856,2.25,1.00
2015.10.06 01:42:58.778,0.6484,0.64856,2.25,1.00
2015.10.06 01:42:59.379,0.64842,0.64857,1.50,1.50
2015.10.06 01:42:59.583,0.64843,0.64855,1.00,1.00
2015.10.06 01:43:00.328,0.64843,0.64859,2.25,2.25
2015.10.06 01:43:00.481,0.64843,0.64857,2.25,1.00
2015.10.06 01:43:00.988,0.64843,0.64858,3.00,1.00
2015.10.06 01:43:01.324,0.64847,0.64858,1.00,1.00
2015.10.06 01:43:01.375,0.64847,0.64861,1.00,1.87
2015.10.06 01:43:02.104,0.64845,0.64855,1.00,1.00
2015.10.06 01:43:02.170,0.6484,0.64854,1.87,1.00
2015.10.06 01:43:05.960,0.64841,0.64854,1.00,1.00
2015.10.06 01:43:06.011,0.64841,0.64857,1.50,2.25
2015.10.06 01:43:06.547,0.64841,0.64857,1.50,1.87
2015.10.06 01:43:08.264,0.64841,0.64857,1.12,1.87
2015.10.06 01:43:08.888,0.6484,0.64853,1.00,1.00
2015.10.06 01:43:09.219,0.64839,0.64851,1.50,1.00
2015.10.06 01:43:09.724,0.64838,0.64851,1.50,1.00
2015.10.06 01:43:11.651,0.64838,0.6485,1.50,1.00
2015.10.06 01:43:12.137,0.64838,0.64853,1.50,1.50
2015.10.06 01:43:13.745,0.64839,0.64852,1.00,2.25
2015.10.06 01:43:14.584,0.64836,0.64852,2.25,2.25
2015.10.06 01:43:19.111,0.64839,0.64854,1.37,2.62
2015.10.06 01:43:19.651,0.64841,0.64854,1.00,1.00
2015.10.06 01:43:20.167,0.64841,0.64855,1.12,2.25
2015.10.06 01:43:20.735,0.64841,0.64853,1.00,1.00
2015.10.06 01:43:20.786,0.64838,0.64853,1.50,1.00
2015.10.06 01:43:21.376,0.64838,0.64853,1.12,1.50
2015.10.06 01:43:21.882,0.64839,0.64853,1.00,1.50
2015.10.06 01:43:25.090,0.64838,0.64853,1.75,1.00
2015.10.06 01:43:25.141,0.64842,0.64854,1.00,1.00
2015.10.06 01:43:26.378,0.64846,0.64859,1.00,1.00
2015.10.06 01:43:26.429,0.6484,0.64856,1.50,2.25
2015.10.06 01:43:27.137,0.6484,0.64855,1.50,1.00
2015.10.06 01:43:27.188,0.64839,0.64854,1.00,1.50
2015.10.06 01:43:27.594,0.64838,0.64852,2.25,1.00
2015.10.06 01:43:29.986,0.64838,0.64854,2.25,1.50
2015.10.06 01:43:31.306,0.64838,0.64854,2.25,2.25
2015.10.06 01:43:31.813,0.6484,0.64854,1.00,1.00
2015.10.06 01:43:32.761,0.6484,0.64855,1.00,1.12
2015.10.06 01:43:33.066,0.64841,0.64856,2.25,1.00
2015.10.06 01:43:33.269,0.64843,0.64858,1.12,1.12
2015.10.06 01:43:33.370,0.64846,0.64859,1.00,1.12
2015.10.06 01:43:33.624,0.64846,0.64861,1.12,1.00
2015.10.06 01:43:41.384,0.64846,0.6486,1.12,1.00
2015.10.06 01:43:44.633,0.64847,0.64861,1.00,1.00
2015.10.06 01:43:45.398,0.64847,0.64862,1.12,1.50
2015.10.06 01:43:52.389,0.64847,0.64861,1.12,1.00
2015.10.06 01:43:54.592,0.64847,0.64862,1.12,1.57
2015.10.06 01:43:54.999,0.64849,0.64862,1.00,1.10
2015.10.06 01:43:55.676,0.64849,0.64863,1.00,1.00
2015.10.06 01:43:56.199,0.64848,0.64863,1.87,1.00
2015.10.06 01:43:57.260,0.64848,0.64862,2.62,1.00
2015.10.06 01:43:59.313,0.64848,0.64863,2.62,1.00
2015.10.06 01:44:01.018,0.64849,0.64863,1.00,1.00
2015.10.06 01:44:01.552,0.64849,0.64862,1.00,1.00
2015.10.06 01:44:03.059,0.64849,0.64861,1.00,1.00
2015.10.06 01:44:03.160,0.64847,0.6486,1.00,1.00
2015.10.06 01:44:03.667,0.64846,0.64859,1.00,1.00
2015.10.06 01:44:04.742,0.64841,0.64854,3.37,1.00
2015.10.06 01:44:04.793,0.64841,0.64854,3.37,1.00
2015.10.06 01:44:05.723,0.64838,0.64854,1.87,1.00
2015.10.06 01:44:06.261,0.64838,0.64854,1.87,1.12
2015.10.06 01:44:06.973,0.64838,0.64854,2.25,1.00
2015.10.06 01:44:07.967,0.64841,0.64857,1.50,2.62
2015.10.06 01:44:08.279,0.64843,0.64858,1.37,2.02
2015.10.06 01:44:12.018,0.64843,0.64858,1.37,2.25
2015.10.06 01:44:12.068,0.64841,0.64857,2.25,1.50
2015.10.06 01:44:14.803,0.64841,0.64857,2.25,1.00
2015.10.06 01:44:15.850,0.64841,0.64857,2.32,1.00
2015.10.06 01:44:15.901,0.64849,0.64861,1.00,1.00
2015.10.06 01:44:16.409,0.64849,0.64862,1.00,1.00
2015.10.06 01:44:17.826,0.64848,0.64862,1.00,1.95
2015.10.06 01:44:18.364,0.64848,0.64861,1.00,1.00
2015.10.06 01:44:18.917,0.64846,0.64861,1.12,1.50
2015.10.06 01:44:21.704,0.64846,0.64861,2.25,1.65
2015.10.06 01:44:21.757,0.64847,0.64863,2.25,1.10
2015.10.06 01:44:21.909,0.64847,0.64861,1.50,1.00
2015.10.06 01:44:22.484,0.64847,0.64861,1.12,1.00
2015.10.06 01:44:23.601,0.64847,0.6486,1.00,1.00
2015.10.06 01:44:24.242,0.64845,0.64859,2.25,1.50
2015.10.06 01:44:24.293,0.64842,0.64857,1.00,1.57
2015.10.06 01:44:24.800,0.64841,0.64857,2.25,2.70
2015.10.06 01:44:25.325,0.64841,0.64855,1.00,1.37
2015.10.06 01:44:26.098,0.64839,0.64854,1.50,1.12
2015.10.06 01:44:31.791,0.64839,0.64853,1.00,1.00
2015.10.06 01:44:36.595,0.64839,0.64855,1.87,1.20
2015.10.06 01:44:46.453,0.6484,0.64855,1.12,1.10
2015.10.06 01:44:47.014,0.64841,0.64855,1.00,1.00
2015.10.06 01:44:47.964,0.6484,0.64856,1.12,2.25
2015.10.06 01:44:56.871,0.64839,0.64854,1.12,1.37
2015.10.06 01:44:58.115,0.64838,0.64852,1.00,1.37
2015.10.06 01:45:01.054,0.64838,0.64852,1.37,1.00
2015.10.06 01:45:09.299,0.64838,0.64852,1.50,1.00
2015.10.06 01:45:17.684,0.64838,0.64852,1.87,1.00
2015.10.06 01:45:19.030,0.64838,0.64852,1.57,1.00
2015.10.06 01:45:21.036,0.64838,0.64852,1.95,1.00
2015.10.06 01:45:23.095,0.64838,0.64852,1.20,1.12
2015.10.06 01:45:30.248,0.64838,0.64852,2.25,1.50
2015.10.06 01:45:31.054,0.64838,0.64852,2.25,1.00
2015.10.06 01:45:36.846,0.64838,0.64853,2.25,1.00
2015.10.06 01:45:39.777,0.64838,0.64851,1.50,1.00
2015.10.06 01:45:41.399,0.6484,0.64851,1.00,1.00
2015.10.06 01:45:57.616,0.6484,0.64853,1.00,1.00
2015.10.06 01:45:58.355,0.6484,0.64853,1.00,1.50
2015.10.06 01:45:59.490,0.64838,0.64853,1.12,1.50
2015.10.06 01:46:02.040,0.6484,0.64852,1.00,1.12
2015.10.06 01:46:15.225,0.64838,0.64852,1.00,1.12
2015.10.06 01:46:18.106,0.64838,0.64851,1.12,1.00
2015.10.06 01:46:18.724,0.64839,0.64851,1.00,1.00
2015.10.06 01:46:24.708,0.64839,0.64853,1.00,1.37
2015.10.06 01:46:24.811,0.64839,0.64854,1.12,1.12
2015.10.06 01:46:25.217,0.6484,0.64856,2.25,1.12
2015.10.06 01:46:25.268,0.6484,0.64856,2.25,1.12
2015.10.06 01:46:25.825,0.64842,0.64857,1.50,1.00
2015.10.06 01:46:31.556,0.64842,0.64856,1.00,1.00
2015.10.06 01:46:32.314,0.64842,0.64856,1.50,1.00
2015.10.06 01:46:34.917,0.64844,0.64859,1.12,1.87
2015.10.06 01:46:44.318,0.64844,0.64857,1.12,1.00
2015.10.06 01:46:50.344,0.64843,0.64856,2.25,1.00
2015.10.06 01:46:50.547,0.64843,0.64858,2.25,1.50
2015.10.06 01:46:51.168,0.64844,0.64858,1.00,1.50
2015.10.06 01:46:51.727,0.64844,0.64858,1.37,1.00
2015.10.06 01:46:51.880,0.64846,0.6486,1.00,1.57
2015.10.06 01:46:58.043,0.64846,0.64859,1.00,1.00
2015.10.06 01:47:00.603,0.64844,0.64859,1.12,1.00
2015.10.06 01:47:03.044,0.64845,0.64859,1.00,1.00
2015.10.06 01:47:03.603,0.64844,0.64859,1.12,1.50
2015.10.06 01:47:03.655,0.64844,0.64857,1.12,1.00
2015.10.06 01:47:03.858,0.64842,0.64857,2.25,1.50
2015.10.06 01:47:04.795,0.64841,0.64855,1.37,1.00
2015.10.06 01:47:05.300,0.64841,0.64855,1.00,1.00
2015.10.06 01:47:05.848,0.6484,0.64855,1.00,1.87
2015.10.06 01:47:07.012,0.64839,0.64854,2.25,1.00
2015.10.06 01:47:07.328,0.64841,0.64854,1.50,1.00
2015.10.06 01:47:07.379,0.64841,0.64857,1.50,1.50
2015.10.06 01:47:07.583,0.64845,0.64859,1.50,1.12
2015.10.06 01:47:12.621,0.64845,0.6486,1.50,1.87
2015.10.06 01:47:13.860,0.64845,0.6486,1.50,2.25
2015.10.06 01:47:14.646,0.64844,0.64858,1.50,1.00
2015.10.06 01:47:15.163,0.64845,0.64858,1.00,1.00
2015.10.06 01:47:15.665,0.64846,0.64859,1.00,1.00
2015.10.06 01:47:16.493,0.64847,0.6486,1.00,1.12
2015.10.06 01:47:17.574,0.64846,0.6486,1.50,1.87
2015.10.06 01:47:18.496,0.64846,0.64859,1.00,1.00
2015.10.06 01:47:19.002,0.64847,0.6486,1.00,1.87
2015.10.06 01:47:21.005,0.64851,0.64863,1.00,1.12
2015.10.06 01:47:22.224,0.64851,0.64862,1.00,1.00
2015.10.06 01:47:24.545,0.64851,0.64861,1.00,1.12
2015.10.06 01:47:27.001,0.64848,0.64861,1.00,1.12
2015.10.06 01:47:33.657,0.6485,0.64861,1.00,1.00
2015.10.06 01:47:33.708,0.6485,0.64863,1.00,1.12
2015.10.06 01:47:37.337,0.64848,0.64863,1.00,2.25
2015.10.06 01:47:37.888,0.64847,0.64863,2.25,1.50
2015.10.06 01:47:38.481,0.64848,0.64864,1.87,1.87
2015.10.06 01:47:39.444,0.64847,0.64861,1.87,1.00
2015.10.06 01:47:39.647,0.64846,0.6486,1.12,1.87
2015.10.06 01:48:02.054,0.64846,0.64858,1.00,1.00
2015.10.06 01:48:02.578,0.64845,0.64858,1.00,1.12
2015.10.06 01:48:21.912,0.64843,0.64856,2.25,1.00
2015.10.06 01:48:21.963,0.64843,0.64858,2.25,1.12
2015.10.06 01:48:23.269,0.64843,0.64857,1.50,1.00
2015.10.06 01:48:23.775,0.64843,0.64857,1.87,1.00
2015.10.06 01:48:24.370,0.64844,0.64858,1.12,1.00
2015.10.06 01:48:24.846,0.64846,0.64861,1.00,1.87
2015.10.06 01:48:24.948,0.64846,0.64861,1.37,1.00
2015.10.06 01:48:25.467,0.64847,0.64862,1.50,1.12
2015.10.06 01:48:33.050,0.64847,0.64863,3.00,1.00
2015.10.06 01:48:39.265,0.64847,0.64862,2.25,1.00
2015.10.06 01:48:39.777,0.64847,0.6486,1.00,1.12
2015.10.06 01:48:40.086,0.64843,0.64856,1.00,1.50
2015.10.06 01:48:44.789,0.64843,0.64854,2.62,1.00
2015.10.06 01:48:46.636,0.64851,0.64858,1.00,1.00
2015.10.06 01:48:46.688,0.64851,0.64864,1.12,1.00
2015.10.06 01:48:46.999,0.64851,0.64867,1.50,1.50
2015.10.06 01:48:47.523,0.64851,0.64867,1.75,1.50
2015.10.06 01:48:48.632,0.64851,0.64867,1.50,1.87
2015.10.06 01:48:49.173,0.64851,0.64867,1.12,1.87
2015.10.06 01:48:51.401,0.64849,0.64859,1.37,1.00
2015.10.06 01:48:51.452,0.64844,0.64858,1.12,1.00
2015.10.06 01:48:51.706,0.64844,0.6486,1.12,2.62
2015.10.06 01:48:51.909,0.64844,0.64858,1.12,1.00
2015.10.06 01:48:54.789,0.64844,0.64859,1.87,1.00
2015.10.06 01:48:57.615,0.64844,0.6486,1.12,1.87
2015.10.06 01:48:58.478,0.64844,0.64857,1.12,1.00
2015.10.06 01:49:00.920,0.64843,0.64852,1.00,1.50
2015.10.06 01:49:01.131,0.64839,0.64849,1.00,1.00
2015.10.06 01:49:04.348,0.64838,0.64849,1.00,1.00
2015.10.06 01:49:05.654,0.6484,0.6485,1.50,1.00
2015.10.06 01:49:07.651,0.64841,0.6485,1.00,1.00
2015.10.06 01:49:07.702,0.64841,0.64852,1.00,1.00
2015.10.06 01:49:11.553,0.64841,0.64852,2.62,1.00
2015.10.06 01:49:12.237,0.64842,0.64854,1.12,1.00
2015.10.06 01:49:12.761,0.64843,0.64854,1.00,1.00
2015.10.06 01:49:14.190,0.64843,0.64851,1.00,1.00
2015.10.06 01:49:14.544,0.64841,0.64851,2.25,1.00
2015.10.06 01:49:15.070,0.64842,0.64851,1.00,1.00
2015.10.06 01:49:16.675,0.64842,0.64853,1.00,1.00
2015.10.06 01:49:22.954,0.64843,0.64853,1.12,1.00
2015.10.06 01:49:23.531,0.64843,0.64854,1.50,1.00
2015.10.06 01:49:25.813,0.64841,0.64854,1.50,1.00
2015.10.06 01:49:26.454,0.64841,0.64852,1.00,1.00
2015.10.06 01:49:26.662,0.64842,0.64854,1.00,1.00
2015.10.06 01:49:27.168,0.64843,0.64854,1.00,1.00
2015.10.06 01:49:29.075,0.64842,0.64854,1.00,1.00
2015.10.06 01:49:32.179,0.64842,0.64854,1.50,1.00
2015.10.06 01:49:37.811,0.64841,0.64852,1.50,1.00
2015.10.06 01:49:37.963,0.64839,0.64851,1.00,1.00
2015.10.06 01:49:38.166,0.64838,0.64847,1.50,1.00
2015.10.06 01:49:38.424,0.64841,0.64853,1.00,1.12
2015.10.06 01:49:38.527,0.64842,0.64855,1.12,1.12
2015.10.06 01:49:39.654,0.64843,0.64855,1.12,1.00
2015.10.06 01:49:43.682,0.64842,0.64854,1.50,1.00
2015.10.06 01:49:44.225,0.64841,0.64854,1.87,1.00
2015.10.06 01:49:52.695,0.64842,0.64856,1.00,1.00
2015.10.06 01:49:52.960,0.64844,0.64857,1.00,1.50
2015.10.06 01:49:53.483,0.64845,0.64858,1.12,1.00
2015.10.06 01:49:53.636,0.64846,0.6486,1.12,1.10
2015.10.06 01:49:54.144,0.64847,0.64861,1.00,1.00
2015.10.06 01:49:55.112,0.64847,0.64861,1.37,1.00
2015.10.06 01:49:55.520,0.64849,0.64864,1.00,1.57
2015.10.06 01:49:56.072,0.6485,0.64865,1.12,1.50
2015.10.06 01:49:56.749,0.64846,0.64859,1.37,1.00
2015.10.06 01:49:57.104,0.64845,0.64859,1.50,1.00
2015.10.06 01:49:59.108,0.64845,0.6486,1.50,2.25
2015.10.06 01:49:59.795,0.64845,0.6486,2.25,2.25
2015.10.06 01:50:00.872,0.64846,0.64859,1.12,1.00
2015.10.06 01:50:00.924,0.64843,0.64857,1.87,1.00
2015.10.06 01:50:01.129,0.64842,0.64855,1.50,1.00
2015.10.06 01:50:01.657,0.64842,0.64855,1.00,1.00
2015.10.06 01:50:01.962,0.64842,0.64857,1.00,1.87
2015.10.06 01:50:02.554,0.64843,0.64857,1.12,1.50
2015.10.06 01:50:10.848,0.64844,0.64857,1.00,1.00
2015.10.06 01:50:10.899,0.64844,0.64859,1.00,1.87
2015.10.06 01:50:11.393,0.64843,0.64857,2.62,1.00
2015.10.06 01:50:12.052,0.64844,0.64857,1.00,1.00
2015.10.06 01:50:12.407,0.64845,0.6486,1.00,2.32
2015.10.06 01:50:12.660,0.64846,0.64861,1.00,1.12
2015.10.06 01:50:13.811,0.64845,0.64859,1.87,1.00
2015.10.06 01:50:22.033,0.64844,0.64859,1.00,1.87
2015.10.06 01:50:25.420,0.64844,0.64859,1.37,1.87
2015.10.06 01:50:33.156,0.64845,0.64859,1.37,1.00
2015.10.06 01:50:33.511,0.64845,0.64861,2.25,1.87
2015.10.06 01:50:33.959,0.64844,0.64859,3.00,1.00
2015.10.06 01:50:34.212,0.64842,0.64856,1.87,1.00
2015.10.06 01:50:35.259,0.64844,0.64858,1.87,1.00
2015.10.06 01:50:45.095,0.64844,0.64858,1.87,1.00
2015.10.06 01:50:54.839,0.64844,0.64859,1.87,1.00
2015.10.06 01:51:05.034,0.64845,0.64859,1.00,1.50
2015.10.06 01:51:07.001,0.64847,0.6486,1.00,2.25
2015.10.06 01:51:07.254,0.64849,0.64863,1.50,1.00
2015.10.06 01:51:07.408,0.64851,0.64865,1.00,1.00
2015.10.06 01:51:07.920,0.64852,0.64865,1.00,1.00
2015.10.06 01:51:08.123,0.64852,0.64867,1.87,1.50
2015.10.06 01:51:08.998,0.64852,0.64867,1.87,1.00
2015.10.06 01:51:20.150,0.6485,0.64864,1.75,1.00
2015.10.06 01:51:20.454,0.64849,0.64858,1.00,1.50
2015.10.06 01:51:20.505,0.64845,0.64858,2.25,1.50
2015.10.06 01:51:22.267,0.64845,0.6486,1.50,1.00
2015.10.06 01:51:22.318,0.64845,0.6486,1.50,1.00
2015.10.06 01:51:22.420,0.64849,0.64864,1.00,1.50
2015.10.06 01:51:22.622,0.64849,0.64862,1.00,1.00
2015.10.06 01:51:22.926,0.64844,0.64858,1.37,1.00
2015.10.06 01:51:36.481,0.64843,0.64858,1.87,1.87
2015.10.06 01:51:36.986,0.64843,0.64857,1.00,1.00
2015.10.06 01:51:37.643,0.64843,0.64858,1.00,2.62
2015.10.06 01:51:38.852,0.64844,0.64858,1.00,1.87
2015.10.06 01:51:55.681,0.64844,0.64856,1.00,1.00
2015.10.06 01:51:55.884,0.64842,0.64856,2.25,1.00
2015.10.06 01:51:58.396,0.64842,0.64855,1.12,1.00
2015.10.06 01:52:03.623,0.64841,0.64856,2.25,1.50
2015.10.06 01:52:03.775,0.64841,0.64854,1.00,1.00
2015.10.06 01:52:04.129,0.64839,0.64853,1.87,1.00
2015.10.06 01:52:04.655,0.64839,0.64854,1.87,1.50
2015.10.06 01:52:05.014,0.64839,0.64854,1.87,1.50
2015.10.06 01:52:15.926,0.64841,0.64854,1.87,1.00
2015.10.06 01:52:16.079,0.64842,0.64856,1.50,1.50
2015.10.06 01:52:16.585,0.64845,0.64857,1.00,1.00
2015.10.06 01:52:20.463,0.64844,0.64857,1.87,1.00
2015.10.06 01:52:22.320,0.64844,0.64858,1.12,1.87
2015.10.06 01:52:28.304,0.64843,0.64856,1.37,1.00
2015.10.06 01:52:28.406,0.64842,0.64856,1.50,1.87
2015.10.06 01:52:28.457,0.64842,0.64854,1.50,1.00
2015.10.06 01:52:29.219,0.64841,0.64854,1.00,1.50
2015.10.06 01:52:34.513,0.64841,0.64853,1.00,1.00
2015.10.06 01:52:48.160,0.64841,0.64852,1.00,1.50
2015.10.06 01:52:48.312,0.64839,0.64851,1.12,1.00
2015.10.06 01:52:48.869,0.64838,0.64851,1.00,1.00
2015.10.06 01:52:49.552,0.64837,0.64849,1.00,1.00
2015.10.06 01:52:59.880,0.64839,0.64849,1.00,1.00
2015.10.06 01:53:05.145,0.64839,0.64851,1.00,1.50
2015.10.06 01:53:12.361,0.64841,0.64851,1.00,1.00
2015.10.06 01:53:12.412,0.64841,0.64853,1.00,1.00
2015.10.06 01:53:13.054,0.6484,0.64853,1.00,1.00
2015.10.06 01:53:15.600,0.64839,0.64853,1.12,1.00
2015.10.06 01:53:22.501,0.64853,0.64857,1.50,1.00
2015.10.06 01:53:22.556,0.64857,0.64868,1.00,1.00
2015.10.06 01:53:22.709,0.64855,0.64868,1.12,1.00
2015.10.06 01:53:50.697,0.64856,0.6487,1.00,1.00
2015.10.06 01:53:51.957,0.64856,0.6487,1.87,1.50
2015.10.06 01:53:58.322,0.64859,0.6487,1.00,1.00
2015.10.06 01:53:58.812,0.64866,0.64874,1.37,1.00
2015.10.06 01:53:58.865,0.64866,0.64879,2.62,1.00
2015.10.06 01:53:59.374,0.64866,0.64879,1.00,1.00
2015.10.06 01:53:59.880,0.64867,0.64879,1.00,1.00
2015.10.06 01:54:00.845,0.64866,0.64879,1.00,1.00
2015.10.06 01:54:08.030,0.64864,0.64879,1.12,1.00
2015.10.06 01:54:15.117,0.64865,0.6488,1.00,2.62
2015.10.06 01:54:41.157,0.64864,0.64879,1.87,1.00
2015.10.06 01:54:44.997,0.64864,0.64879,1.37,1.00
2015.10.06 01:54:52.085,0.64865,0.64881,1.12,1.12
2015.10.06 01:54:52.594,0.64866,0.64881,2.25,1.00
2015.10.06 01:54:55.837,0.64867,0.64881,1.00,1.00
2015.10.06 01:55:01.406,0.64866,0.64881,1.50,1.00
2015.10.06 01:55:01.667,0.64865,0.6488,2.25,1.37
2015.10.06 01:55:02.173,0.64865,0.64879,1.12,1.12
2015.10.06 01:55:05.048,0.64865,0.6488,1.12,2.25
2015.10.06 01:55:07.031,0.64865,0.64878,1.12,1.00
2015.10.06 01:55:09.906,0.64866,0.6488,1.00,1.00
2015.10.06 01:55:10.261,0.64869,0.64881,1.00,1.00
2015.10.06 01:55:10.363,0.64866,0.64881,2.25,1.00
2015.10.06 01:55:13.768,0.64869,0.64884,1.37,2.25
2015.10.06 01:55:45.077,0.64869,0.64884,1.50,1.00
2015.10.06 01:55:48.225,0.6487,0.64885,1.00,3.00
2015.10.06 01:55:53.510,0.6487,0.64884,1.00,1.00
2015.10.06 01:55:54.046,0.64869,0.64884,1.50,1.00
2015.10.06 01:56:01.063,0.64871,0.64885,1.12,1.50
2015.10.06 01:56:01.580,0.64871,0.64886,1.12,1.00
2015.10.06 01:56:02.968,0.64871,0.64886,2.25,1.00
2015.10.06 01:56:05.492,0.64871,0.64886,2.25,1.00
2015.10.06 01:56:05.908,0.64871,0.64886,1.87,1.00
2015.10.06 01:56:08.809,0.64873,0.64887,1.37,1.50
2015.10.06 01:56:10.367,0.64875,0.64887,1.00,1.00
2015.10.06 01:56:10.874,0.64873,0.64888,2.25,1.00
2015.10.06 01:56:11.601,0.64873,0.64889,2.25,1.50
2015.10.06 01:56:11.928,0.64876,0.6489,1.75,1.00
2015.10.06 01:56:12.333,0.64876,0.64889,1.00,1.00
2015.10.06 01:56:12.838,0.64876,0.64888,1.00,1.00
2015.10.06 01:56:13.439,0.64876,0.64889,1.00,1.50
2015.10.06 01:56:29.786,0.64877,0.6489,1.00,1.87
2015.10.06 01:56:30.090,0.64877,0.64893,1.50,2.25
2015.10.06 01:56:30.292,0.64879,0.64892,1.00,1.12
2015.10.06 01:56:31.541,0.64879,0.64895,2.25,1.50
2015.10.06 01:56:35.848,0.64879,0.64894,2.25,1.00
2015.10.06 01:56:41.531,0.64879,0.64894,1.50,1.00
2015.10.06 01:56:45.090,0.64879,0.64894,1.12,1.00
2015.10.06 01:56:47.604,0.64879,0.64895,1.87,1.12
2015.10.06 01:57:03.873,0.64879,0.64895,1.87,1.12
2015.10.06 01:57:05.493,0.64879,0.64895,1.87,1.37
2015.10.06 01:57:10.503,0.64879,0.64896,1.87,1.50
2015.10.06 01:57:10.655,0.64881,0.64896,1.37,1.12
2015.10.06 01:57:10.807,0.64883,0.64899,1.12,2.32
2015.10.06 01:57:12.545,0.64885,0.64899,1.00,1.50
2015.10.06 01:57:13.891,0.64885,0.649,1.00,1.87
2015.10.06 01:57:13.943,0.64887,0.649,1.00,1.00
2015.10.06 01:57:14.095,0.64888,0.64902,1.12,1.10
2015.10.06 01:57:14.650,0.64888,0.64903,1.87,1.00
2015.10.06 01:57:22.735,0.64888,0.64904,1.12,1.87
2015.10.06 01:57:25.441,0.64889,0.64904,1.00,1.12
2015.10.06 01:57:25.593,0.64889,0.64904,1.75,1.00
2015.10.06 01:57:27.547,0.64889,0.64905,1.75,1.50
2015.10.06 01:57:31.110,0.64893,0.64905,1.00,1.00
2015.10.06 01:57:31.860,0.649,0.64913,1.37,1.00
2015.10.06 01:57:32.218,0.649,0.64915,1.37,1.87
2015.10.06 01:57:33.076,0.64902,0.64914,1.00,1.00
2015.10.06 01:57:37.227,0.64902,0.64915,1.00,1.00
2015.10.06 01:57:37.801,0.64903,0.64915,1.00,1.00
2015.10.06 01:57:38.105,0.64904,0.64916,1.50,1.00
2015.10.06 01:57:39.786,0.64904,0.64916,1.50,1.00
2015.10.06 01:57:40.590,0.64903,0.64916,1.12,1.00
2015.10.06 01:57:41.845,0.64903,0.64916,1.50,1.00
2015.10.06 01:57:42.357,0.64903,0.64915,1.50,1.00
2015.10.06 01:57:42.897,0.64903,0.64917,1.50,1.00
2015.10.06 01:57:46.088,0.64903,0.64916,1.50,1.00
2015.10.06 01:57:48.664,0.64903,0.64917,1.50,1.50
2015.10.06 01:57:49.866,0.64903,0.64916,1.50,1.00
2015.10.06 01:57:51.029,0.64905,0.64916,1.00,1.00
2015.10.06 01:57:51.080,0.6491,0.64917,1.00,1.00
2015.10.06 01:57:51.182,0.64911,0.6492,1.00,1.57
2015.10.06 01:57:51.824,0.64915,0.6492,1.00,1.00
2015.10.06 01:57:51.878,0.64915,0.64928,1.12,1.00
2015.10.06 01:57:54.391,0.64915,0.64929,1.12,1.50
2015.10.06 01:57:57.998,0.64915,0.64929,1.50,2.25
2015.10.06 01:57:58.302,0.64915,0.64929,1.00,2.25
2015.10.06 01:57:58.556,0.64915,0.64927,1.00,1.00
2015.10.06 01:57:59.220,0.64914,0.64927,1.00,1.50
2015.10.06 01:57:59.524,0.64914,0.64925,1.00,1.00
2015.10.06 01:58:00.930,0.64911,0.64924,1.75,1.00
2015.10.06 01:58:01.483,0.64907,0.6492,1.50,1.00
2015.10.06 01:58:02.014,0.64907,0.64922,1.12,1.00
2015.10.06 01:58:02.834,0.64907,0.64923,1.87,1.12
2015.10.06 01:58:03.945,0.64912,0.64923,1.12,1.00
2015.10.06 01:58:04.249,0.64912,0.64923,1.00,1.50
2015.10.06 01:58:04.300,0.64907,0.64922,1.12,1.37
2015.10.06 01:58:04.807,0.64907,0.6492,1.12,1.00
2015.10.06 01:58:05.780,0.64907,0.64922,1.87,1.37
2015.10.06 01:58:06.367,0.64907,0.64922,1.87,1.00
2015.10.06 01:58:08.283,0.6491,0.64922,1.00,1.00
2015.10.06 01:58:08.335,0.6491,0.64924,1.00,1.00
2015.10.06 01:58:08.740,0.64908,0.64923,1.50,1.00
2015.10.06 01:58:08.791,0.64908,0.64921,1.50,1.00
2015.10.06 01:58:09.330,0.64908,0.64922,1.50,1.00
2015.10.06 01:58:11.335,0.64908,0.64923,1.50,1.00
2015.10.06 01:58:15.412,0.64909,0.64925,1.00,2.62
2015.10.06 01:58:15.717,0.64911,0.64925,2.25,1.00
2015.10.06 01:58:16.021,0.64914,0.64925,1.12,1.00
2015.10.06 01:58:16.535,0.64914,0.64927,1.12,1.00
2015.10.06 01:58:17.052,0.64914,0.64926,1.12,1.00
2015.10.06 01:58:17.739,0.64915,0.64929,1.50,1.50
2015.10.06 01:58:18.245,0.64915,0.64928,1.00,1.00
2015.10.06 01:58:20.012,0.64915,0.64929,1.00,1.50
2015.10.06 01:58:20.113,0.64912,0.64927,1.75,1.00
2015.10.06 01:58:20.367,0.64907,0.64922,1.95,1.37
2015.10.06 01:58:21.772,0.64913,0.64921,1.00,1.87
2015.10.06 01:58:21.823,0.64914,0.64927,1.00,1.00
2015.10.06 01:58:22.127,0.64914,0.64929,1.12,2.25
2015.10.06 01:58:22.633,0.64913,0.64928,1.50,1.00
2015.10.06 01:58:24.558,0.64913,0.64926,1.50,1.00
2015.10.06 01:58:31.149,0.64913,0.64928,1.50,1.00
2015.10.06 01:58:32.480,0.64913,0.64928,1.12,1.37
2015.10.06 01:58:40.175,0.64913,0.64929,1.50,2.25
2015.10.06 01:58:42.238,0.64913,0.64928,1.50,1.00
2015.10.06 01:58:44.546,0.64913,0.64929,1.50,2.25
2015.10.06 01:58:52.776,0.64914,0.6493,1.12,2.62
2015.10.06 01:58:56.767,0.64914,0.64929,1.12,1.00
2015.10.06 01:59:01.457,0.64916,0.64929,1.00,1.00
2015.10.06 01:59:01.610,0.64919,0.64934,1.50,1.20
2015.10.06 01:59:01.661,0.64921,0.64934,1.00,1.12
2015.10.06 01:59:01.813,0.64921,0.64937,2.25,2.25
2015.10.06 01:59:02.701,0.64921,0.64937,2.25,1.00
2015.10.06 01:59:05.398,0.64923,0.64936,1.00,1.00
2015.10.06 01:59:05.550,0.64925,0.6494,1.00,1.75
2015.10.06 01:59:05.601,0.64925,0.6494,1.00,1.12
2015.10.06 01:59:10.189,0.64925,0.64937,1.00,1.00
2015.10.06 01:59:10.696,0.64924,0.64938,1.12,1.00
2015.10.06 01:59:11.219,0.64924,0.64939,1.87,1.00
2015.10.06 01:59:15.491,0.64925,0.64939,1.00,1.00
2015.10.06 01:59:16.437,0.64925,0.6494,1.00,1.12
2015.10.06 01:59:17.363,0.64925,0.64939,1.00,1.00
2015.10.06 01:59:18.078,0.64925,0.6494,1.00,1.12
2015.10.06 01:59:18.391,0.64925,0.64937,1.50,1.00
2015.10.06 01:59:20.302,0.64925,0.64938,1.50,1.00
2015.10.06 01:59:20.846,0.64925,0.64938,1.00,1.50
2015.10.06 01:59:23.060,0.64925,0.64939,1.00,1.00
2015.10.06 01:59:24.873,0.64925,0.64938,1.00,1.00
2015.10.06 01:59:29.631,0.64925,0.64939,1.00,1.50
2015.10.06 01:59:31.510,0.64924,0.64938,1.00,1.50
2015.10.06 01:59:31.815,0.64914,0.64922,1.12,1.00
2015.10.06 01:59:32.381,0.64905,0.64918,1.50,1.00
2015.10.06 01:59:32.439,0.64905,0.64918,1.50,1.00
2015.10.06 01:59:32.490,0.64905,0.6492,2.25,1.00
2015.10.06 01:59:35.188,0.64907,0.6492,1.00,1.00
2015.10.06 01:59:35.239,0.64914,0.64922,1.00,1.87
2015.10.06 01:59:35.543,0.64918,0.64923,1.00,1.00
2015.10.06 01:59:35.594,0.64918,0.6493,1.00,1.50
2015.10.06 01:59:36.100,0.64917,0.6493,1.00,1.50
2015.10.06 01:59:41.603,0.64924,0.64932,1.00,1.12
2015.10.06 01:59:41.654,0.64926,0.64935,1.00,1.87
2015.10.06 01:59:41.705,0.64929,0.64935,1.00,1.12
2015.10.06 01:59:42.829,0.64926,0.64936,1.00,1.00
2015.10.06 01:59:42.881,0.64926,0.64939,1.00,1.00
2015.10.06 01:59:43.416,0.64926,0.64938,1.00,1.00
2015.10.06 01:59:43.923,0.64926,0.64937,1.00,1.00
2015.10.06 01:59:44.035,0.64926,0.64939,1.00,1.12
2015.10.06 01:59:47.818,0.64924,0.64939,1.00,1.12
2015.10.06 01:59:53.854,0.64924,0.64938,1.00,1.50
2015.10.06 01:59:54.368,0.64925,0.64939,1.00,1.12
