2013.03.29 06:00:00.977,0.83703,0.83734,1.13,3.75
2013.03.29 06:00:01.486,0.83703,0.83734,1.13,1.50
2013.03.29 06:00:01.617,0.83706,0.83735,1.13,1.50
2013.03.29 06:00:02.037,0.8371,0.83736,1.13,2.25
2013.03.29 06:00:02.716,0.8371,0.83738,1.13,1.50
2013.03.29 06:00:02.793,0.8371,0.83736,1.13,1.50
2013.03.29 06:00:04.626,0.8371,0.8374,1.13,3.00
2013.03.29 06:00:05.196,0.8371,0.83738,1.13,1.50
2013.03.29 06:00:06.498,0.83708,0.83738,1.13,1.50
2013.03.29 06:00:10.914,0.83709,0.83738,1.13,1.50
2013.03.29 06:00:12.296,0.83708,0.83738,1.13,1.50
2013.03.29 06:00:12.845,0.83709,0.83738,1.13,1.50
2013.03.29 06:00:14.905,0.83709,0.8374,1.13,1.88
2013.03.29 06:00:16.467,0.83708,0.83739,1.13,1.13
2013.03.29 06:00:17.916,0.83708,0.83739,1.13,3.38
2013.03.29 06:00:18.467,0.83708,0.83739,1.13,1.13
2013.03.29 06:00:19.115,0.83709,0.83739,1.13,1.13
2013.03.29 06:00:26.625,0.8371,0.8374,1.13,3.00
2013.03.29 06:00:29.456,0.83712,0.83737,1.50,1.50
2013.03.29 06:00:38.326,0.83712,0.83738,1.50,1.50
2013.03.29 06:00:39.341,0.83711,0.83738,1.88,1.50
2013.03.29 06:00:39.439,0.83711,0.83738,1.88,1.50
2013.03.29 06:00:44.092,0.83711,0.83737,1.50,1.50
2013.03.29 06:00:46.619,0.83711,0.83737,1.50,1.50
2013.03.29 06:00:47.438,0.83711,0.83737,1.50,1.50
2013.03.29 06:01:14.757,0.83711,0.83739,1.50,1.50
2013.03.29 06:01:16.208,0.83711,0.83737,1.50,1.50
2013.03.29 06:01:18.070,0.83711,0.83739,1.50,1.50
2013.03.29 06:01:18.197,0.83711,0.83739,1.50,1.50
2013.03.29 06:01:18.290,0.83711,0.83739,1.50,1.50
2013.03.29 06:01:20.428,0.83711,0.83739,1.50,1.50
2013.03.29 06:01:21.498,0.83711,0.83739,1.50,1.50
2013.03.29 06:01:26.561,0.83712,0.83739,1.50,1.88
2013.03.29 06:01:30.179,0.83728,0.83739,1.50,1.13
2013.03.29 06:01:30.246,0.83726,0.83749,1.50,1.88
2013.03.29 06:01:30.372,0.83732,0.83747,2.25,1.13
2013.03.29 06:01:30.459,0.83731,0.83747,2.25,1.13
2013.03.29 06:01:30.528,0.83721,0.83745,1.50,2.25
2013.03.29 06:01:30.979,0.83712,0.83737,1.50,1.50
2013.03.29 06:01:31.351,0.83712,0.83738,1.50,1.13
2013.03.29 06:01:33.761,0.83712,0.83738,1.50,1.88
2013.03.29 06:01:42.953,0.8371,0.83738,1.13,1.13
2013.03.29 06:02:24.849,0.83712,0.83734,1.50,1.50
2013.03.29 06:02:27.101,0.83712,0.83738,1.13,1.50
2013.03.29 06:02:29.424,0.83712,0.83738,1.13,1.50
2013.03.29 06:02:32.695,0.83711,0.83738,1.13,1.50
2013.03.29 06:02:33.239,0.83711,0.83739,1.13,1.50
2013.03.29 06:02:39.806,0.83713,0.83742,1.13,1.88
2013.03.29 06:02:40.510,0.83713,0.83739,1.13,2.25
2013.03.29 06:02:42.747,0.83711,0.83739,1.50,2.25
2013.03.29 06:02:44.977,0.83711,0.83741,1.50,1.13
2013.03.29 06:02:55.949,0.83714,0.83743,1.13,1.88
2013.03.29 06:03:09.048,0.83714,0.83741,1.13,1.50
2013.03.29 06:03:30.086,0.83712,0.83741,1.50,1.88
2013.03.29 06:03:41.629,0.83715,0.83739,1.50,1.13
2013.03.29 06:04:08.967,0.83715,0.83741,1.50,1.13
2013.03.29 06:04:22.785,0.83715,0.83742,1.50,1.88
2013.03.29 06:05:03.858,0.83715,0.83741,1.50,1.50
2013.03.29 06:05:03.989,0.83712,0.83741,1.50,1.50
2013.03.29 06:05:04.196,0.83709,0.83738,1.13,1.50
2013.03.29 06:05:04.436,0.83711,0.83736,1.50,1.50
2013.03.29 06:05:17.279,0.83711,0.83737,1.50,1.13
2013.03.29 06:05:18.459,0.83711,0.83738,1.50,1.50
2013.03.29 06:05:18.879,0.83711,0.83735,1.50,1.50
2013.03.29 06:05:19.997,0.8371,0.83734,1.50,1.50
2013.03.29 06:05:28.237,0.83711,0.83735,1.50,1.50
2013.03.29 06:05:33.838,0.83707,0.83733,1.13,1.50
2013.03.29 06:05:34.020,0.83708,0.83732,1.13,1.50
2013.03.29 06:05:34.578,0.83708,0.83734,1.13,4.50
2013.03.29 06:05:36.277,0.83708,0.83734,1.13,3.00
2013.03.29 06:05:37.879,0.83706,0.83734,1.50,2.25
2013.03.29 06:05:41.530,0.83706,0.83734,1.50,1.50
2013.03.29 06:05:42.098,0.83706,0.83733,1.50,1.50
2013.03.29 06:05:44.668,0.83704,0.83729,1.50,1.50
2013.03.29 06:05:44.750,0.83704,0.83729,1.50,1.50
2013.03.29 06:05:44.878,0.83704,0.83727,1.50,1.13
2013.03.29 06:05:46.359,0.83707,0.83729,1.50,1.13
2013.03.29 06:05:46.429,0.83707,0.83732,1.50,1.50
2013.03.29 06:05:46.560,0.83707,0.83732,1.50,1.88
2013.03.29 06:05:46.631,0.83707,0.83731,1.50,2.25
2013.03.29 06:05:46.879,0.83707,0.83732,1.50,2.07
2013.03.29 06:05:47.067,0.83707,0.83732,1.50,1.50
2013.03.29 06:05:47.578,0.83703,0.83728,1.88,1.50
2013.03.29 06:05:47.887,0.83704,0.83728,1.13,1.50
2013.03.29 06:05:48.660,0.83704,0.83728,1.13,3.00
2013.03.29 06:05:48.857,0.83704,0.83728,1.13,2.25
2013.03.29 06:05:49.786,0.83704,0.83728,1.13,2.25
2013.03.29 06:05:49.928,0.83703,0.83728,2.25,1.50
2013.03.29 06:05:52.601,0.83706,0.8373,1.50,1.50
2013.03.29 06:05:52.742,0.83706,0.83731,1.50,1.50
2013.03.29 06:05:53.138,0.83704,0.83728,1.50,1.50
2013.03.29 06:05:53.209,0.83704,0.83728,1.50,1.50
2013.03.29 06:06:01.627,0.83704,0.83726,1.50,1.13
2013.03.29 06:06:01.877,0.837,0.83722,1.50,1.13
2013.03.29 06:06:01.938,0.83698,0.83722,1.13,1.13
2013.03.29 06:06:02.006,0.83694,0.83715,1.32,1.50
2013.03.29 06:06:02.136,0.83693,0.83711,1.13,1.13
2013.03.29 06:06:02.209,0.83677,0.83707,3.00,1.22
2013.03.29 06:06:02.283,0.83672,0.83705,3.00,1.32
2013.03.29 06:06:02.347,0.83672,0.83705,3.00,2.44
2013.03.29 06:06:02.708,0.8366,0.83692,1.13,1.50
2013.03.29 06:06:02.777,0.83658,0.83692,1.13,1.50
2013.03.29 06:06:02.957,0.8366,0.8369,1.13,1.50
2013.03.29 06:06:03.506,0.83657,0.83691,1.50,1.50
2013.03.29 06:06:04.717,0.83658,0.8369,1.50,1.50
2013.03.29 06:06:06.197,0.83657,0.83692,1.50,1.50
2013.03.29 06:06:06.387,0.83656,0.83692,1.50,2.25
2013.03.29 06:06:07.176,0.83657,0.83692,1.50,1.50
2013.03.29 06:06:07.998,0.83657,0.83692,1.13,1.50
2013.03.29 06:06:08.306,0.83666,0.83699,1.50,1.50
2013.03.29 06:06:08.607,0.8366,0.83694,1.50,1.50
2013.03.29 06:06:10.056,0.8366,0.83694,1.50,1.50
2013.03.29 06:06:11.138,0.83663,0.83695,1.50,1.50
2013.03.29 06:06:17.240,0.83663,0.83697,1.50,1.50
2013.03.29 06:06:17.547,0.83663,0.83698,2.25,1.50
2013.03.29 06:06:17.606,0.83667,0.837,1.50,2.25
2013.03.29 06:06:17.666,0.83669,0.83706,1.50,2.25
2013.03.29 06:06:17.727,0.83672,0.83707,1.50,3.00
2013.03.29 06:06:18.037,0.83672,0.83705,1.50,1.50
2013.03.29 06:06:18.468,0.83672,0.83704,1.50,1.50
2013.03.29 06:06:20.205,0.83673,0.83706,2.25,1.50
2013.03.29 06:06:21.005,0.83673,0.83705,1.50,1.50
2013.03.29 06:06:22.798,0.83675,0.83707,1.50,1.50
2013.03.29 06:06:23.729,0.83673,0.83709,1.50,1.50
2013.03.29 06:06:23.857,0.83674,0.8371,1.50,1.50
2013.03.29 06:06:24.358,0.83672,0.8371,3.00,3.00
2013.03.29 06:06:24.730,0.83674,0.8371,3.00,1.50
2013.03.29 06:06:25.276,0.83673,0.83709,1.50,1.50
2013.03.29 06:06:26.109,0.83675,0.83711,1.50,2.25
2013.03.29 06:06:26.421,0.83676,0.8371,1.50,1.50
2013.03.29 06:06:26.726,0.83676,0.83708,1.50,1.50
2013.03.29 06:06:31.285,0.83677,0.83709,1.50,1.50
2013.03.29 06:06:31.686,0.83677,0.83709,1.50,1.50
2013.03.29 06:06:34.226,0.83677,0.83709,1.50,1.50
2013.03.29 06:06:34.688,0.83677,0.83709,1.50,1.50
2013.03.29 06:06:35.877,0.83674,0.83711,2.25,1.50
2013.03.29 06:06:36.846,0.83675,0.83709,1.50,1.50
2013.03.29 06:06:36.906,0.83675,0.8371,1.50,1.50
2013.03.29 06:06:37.415,0.83675,0.83709,1.50,1.50
2013.03.29 06:06:37.537,0.83675,0.83709,1.50,1.50
2013.03.29 06:06:37.867,0.83678,0.8371,1.50,1.50
2013.03.29 06:06:38.882,0.83677,0.83711,1.50,1.50
2013.03.29 06:06:39.296,0.83677,0.8371,1.50,1.50
2013.03.29 06:06:39.802,0.83679,0.83711,1.50,1.50
2013.03.29 06:06:48.867,0.83679,0.83711,1.50,1.50
2013.03.29 06:06:50.126,0.83679,0.83713,1.50,1.50
2013.03.29 06:06:50.186,0.83679,0.83711,1.50,1.50
2013.03.29 06:06:52.608,0.83679,0.83711,1.50,1.50
2013.03.29 06:06:52.796,0.83676,0.83714,3.00,3.00
2013.03.29 06:06:52.916,0.83675,0.83711,1.50,1.50
2013.03.29 06:06:53.096,0.83674,0.8371,1.50,1.50
2013.03.29 06:06:53.217,0.83672,0.8371,1.50,1.50
2013.03.29 06:06:53.396,0.83673,0.83711,3.00,3.00
2013.03.29 06:06:54.748,0.83675,0.8371,1.50,1.50
2013.03.29 06:06:55.296,0.83674,0.8371,1.50,1.50
2013.03.29 06:06:56.081,0.83676,0.83712,1.50,1.50
2013.03.29 06:07:00.196,0.83676,0.83714,1.50,1.50
2013.03.29 06:07:00.537,0.83678,0.8371,1.50,1.50
2013.03.29 06:07:00.966,0.83673,0.83709,1.50,1.50
2013.03.29 06:07:01.226,0.83673,0.83709,1.50,1.50
2013.03.29 06:07:01.946,0.83673,0.83709,1.50,1.50
2013.03.29 06:07:03.295,0.83672,0.83708,3.00,1.50
2013.03.29 06:07:03.887,0.83672,0.83708,1.50,1.50
2013.03.29 06:07:04.305,0.83675,0.83709,1.50,1.50
2013.03.29 06:07:07.758,0.83675,0.83709,1.50,1.50
2013.03.29 06:07:08.473,0.83673,0.83709,1.50,1.50
2013.03.29 06:07:09.226,0.83673,0.83708,3.00,1.50
2013.03.29 06:07:12.377,0.83675,0.83708,1.50,1.50
2013.03.29 06:07:12.686,0.83675,0.83709,1.50,1.50
2013.03.29 06:07:13.742,0.83672,0.8371,3.00,3.75
2013.03.29 06:07:14.314,0.83672,0.8371,1.50,2.25
2013.03.29 06:07:14.838,0.83672,0.83708,1.50,1.50
2013.03.29 06:07:15.867,0.83674,0.83708,1.50,1.50
2013.03.29 06:07:16.937,0.83675,0.8371,1.50,1.50
2013.03.29 06:07:16.996,0.83675,0.8371,1.50,3.00
2013.03.29 06:07:17.236,0.83675,0.83707,1.50,1.50
2013.03.29 06:07:19.205,0.83674,0.83708,1.50,1.50
2013.03.29 06:07:22.547,0.83674,0.83709,1.50,2.25
2013.03.29 06:07:22.737,0.83674,0.83708,1.50,1.50
2013.03.29 06:07:23.036,0.83672,0.83706,1.50,1.50
2013.03.29 06:07:23.096,0.83671,0.83705,1.50,1.50
2013.03.29 06:07:24.427,0.83671,0.83705,1.50,1.50
2013.03.29 06:07:24.787,0.83673,0.83705,1.50,1.50
2013.03.29 06:07:27.496,0.83669,0.83707,3.00,3.00
2013.03.29 06:07:28.230,0.83673,0.83705,1.50,1.50
2013.03.29 06:07:30.557,0.83673,0.83705,1.50,1.50
2013.03.29 06:07:40.167,0.83672,0.83705,1.50,1.50
2013.03.29 06:07:40.446,0.83673,0.83705,1.50,1.50
2013.03.29 06:07:41.357,0.83671,0.83707,1.50,1.50
2013.03.29 06:07:44.656,0.83673,0.83705,1.50,1.50
2013.03.29 06:07:44.776,0.83671,0.83707,2.25,1.50
2013.03.29 06:07:45.556,0.83673,0.83705,1.50,1.50
2013.03.29 06:07:48.477,0.83669,0.83703,1.50,1.50
2013.03.29 06:07:49.656,0.8367,0.83703,1.50,1.13
2013.03.29 06:07:53.927,0.83669,0.83703,1.50,1.88
2013.03.29 06:07:56.306,0.83668,0.83703,3.00,1.88
2013.03.29 06:07:56.845,0.83667,0.83702,3.00,1.50
2013.03.29 06:07:57.205,0.83668,0.83703,2.25,1.50
2013.03.29 06:07:58.033,0.83667,0.83702,3.00,1.50
2013.03.29 06:07:58.765,0.83667,0.83702,3.00,1.50
2013.03.29 06:07:59.895,0.8367,0.83702,1.50,1.50
2013.03.29 06:08:01.582,0.83668,0.83701,1.50,1.13
2013.03.29 06:08:01.707,0.8367,0.83701,1.50,1.13
2013.03.29 06:08:03.846,0.83668,0.83701,1.50,1.13
2013.03.29 06:08:05.086,0.83668,0.83701,1.50,1.13
2013.03.29 06:08:06.775,0.83667,0.83701,1.50,1.13
2013.03.29 06:08:06.955,0.83668,0.83702,1.50,1.50
2013.03.29 06:08:07.357,0.83668,0.83702,1.50,1.50
2013.03.29 06:08:10.886,0.83668,0.837,1.50,1.13
2013.03.29 06:08:12.056,0.83668,0.83699,1.50,1.13
2013.03.29 06:08:13.625,0.83668,0.837,1.50,1.13
2013.03.29 06:08:13.926,0.83667,0.83701,1.50,1.88
2013.03.29 06:08:19.715,0.83667,0.83699,1.50,1.88
2013.03.29 06:08:19.775,0.83667,0.83699,1.50,1.88
2013.03.29 06:08:21.696,0.83667,0.83699,1.50,1.88
2013.03.29 06:08:22.207,0.83668,0.837,1.50,1.88
2013.03.29 06:08:26.915,0.83667,0.83699,1.50,1.88
2013.03.29 06:08:27.755,0.83667,0.83699,1.50,1.88
2013.03.29 06:08:32.326,0.83667,0.83699,1.50,1.50
2013.03.29 06:08:33.797,0.83666,0.837,1.50,1.88
2013.03.29 06:08:35.815,0.83666,0.837,1.50,1.88
2013.03.29 06:08:36.238,0.83667,0.83699,1.50,1.50
2013.03.29 06:08:38.557,0.83665,0.83699,1.50,1.50
2013.03.29 06:08:38.685,0.83667,0.83699,1.50,1.50
2013.03.29 06:08:39.726,0.83667,0.83699,1.50,1.50
2013.03.29 06:08:39.846,0.83668,0.837,1.50,1.50
2013.03.29 06:08:41.786,0.83667,0.83699,1.50,1.88
2013.03.29 06:08:43.827,0.83665,0.83699,1.50,1.88
2013.03.29 06:08:44.386,0.83665,0.83699,1.50,1.50
2013.03.29 06:08:45.788,0.83665,0.83699,1.50,1.50
2013.03.29 06:08:50.189,0.83666,0.83699,1.50,1.13
2013.03.29 06:08:51.865,0.83667,0.83699,1.50,1.50
2013.03.29 06:08:53.766,0.83668,0.837,1.50,1.50
2013.03.29 06:08:54.474,0.83667,0.83699,1.50,1.50
2013.03.29 06:09:00.207,0.83667,0.83699,1.50,1.50
2013.03.29 06:09:00.576,0.83668,0.837,1.50,1.50
2013.03.29 06:09:00.916,0.83667,0.83699,1.50,1.13
2013.03.29 06:09:01.507,0.83669,0.837,1.50,1.13
2013.03.29 06:09:05.096,0.8367,0.83702,2.03,1.88
2013.03.29 06:09:05.216,0.8367,0.83702,1.50,1.50
2013.03.29 06:09:31.746,0.8367,0.83703,1.50,1.13
2013.03.29 06:09:32.166,0.83671,0.83703,1.50,1.88
2013.03.29 06:09:32.466,0.83671,0.83703,1.50,1.88
2013.03.29 06:09:32.750,0.83671,0.83703,1.50,1.88
2013.03.29 06:09:34.046,0.8367,0.83702,1.50,1.50
2013.03.29 06:09:34.936,0.8367,0.83702,1.50,1.50
2013.03.29 06:09:35.276,0.8367,0.83702,1.50,1.50
2013.03.29 06:09:37.886,0.83669,0.83701,1.50,1.13
2013.03.29 06:09:38.245,0.83669,0.83703,1.50,1.88
2013.03.29 06:09:41.157,0.83669,0.83703,1.50,1.88
2013.03.29 06:09:41.456,0.83669,0.83703,1.50,1.50
2013.03.29 06:09:42.075,0.83669,0.83701,1.50,1.50
2013.03.29 06:09:42.376,0.83669,0.83701,1.50,1.50
2013.03.29 06:09:42.496,0.83668,0.83701,1.50,1.50
2013.03.29 06:09:42.616,0.83669,0.83701,1.50,1.50
2013.03.29 06:09:42.966,0.83669,0.83701,1.50,1.50
2013.03.29 06:09:43.326,0.8367,0.83704,1.50,1.50
2013.03.29 06:09:43.865,0.83671,0.83703,1.50,1.50
2013.03.29 06:09:49.125,0.8367,0.83702,1.50,1.50
2013.03.29 06:09:49.913,0.8367,0.83702,1.50,1.50
2013.03.29 06:09:50.728,0.8367,0.83702,1.50,1.50
2013.03.29 06:09:50.798,0.83668,0.83703,1.50,1.50
2013.03.29 06:09:50.867,0.83665,0.83696,2.25,1.50
2013.03.29 06:09:50.936,0.83661,0.83696,1.50,1.50
2013.03.29 06:09:50.996,0.83659,0.83694,1.50,2.25
2013.03.29 06:09:51.177,0.83659,0.83695,1.50,2.25
2013.03.29 06:09:51.436,0.8366,0.83694,1.50,1.50
2013.03.29 06:09:51.737,0.83661,0.83693,1.50,1.50
2013.03.29 06:09:51.806,0.83661,0.83693,1.50,1.50
2013.03.29 06:09:51.986,0.83658,0.83692,1.50,1.50
2013.03.29 06:09:52.346,0.83658,0.83691,1.50,1.50
2013.03.29 06:09:52.659,0.83658,0.8369,1.50,1.50
2013.03.29 06:09:53.206,0.83658,0.83692,1.50,1.50
2013.03.29 06:09:53.626,0.83659,0.83691,1.50,1.50
2013.03.29 06:09:53.806,0.83657,0.83691,1.50,1.50
2013.03.29 06:09:54.966,0.83658,0.8369,1.50,1.50
2013.03.29 06:09:55.159,0.83655,0.8369,3.00,1.50
2013.03.29 06:09:55.356,0.83658,0.8369,1.50,1.50
2013.03.29 06:09:56.706,0.83659,0.83693,1.50,1.88
2013.03.29 06:10:01.066,0.83658,0.8369,1.50,1.88
2013.03.29 06:10:02.896,0.83658,0.8369,1.50,1.13
2013.03.29 06:10:03.256,0.83665,0.83698,1.50,1.04
2013.03.29 06:10:03.437,0.83665,0.83699,1.50,1.50
2013.03.29 06:10:03.507,0.83666,0.83699,2.03,1.50
2013.03.29 06:10:03.937,0.83669,0.83703,1.50,1.50
2013.03.29 06:10:04.307,0.83669,0.83703,1.50,1.50
2013.03.29 06:10:05.147,0.8367,0.83702,1.50,1.50
2013.03.29 06:10:05.707,0.8367,0.83702,1.50,1.50
2013.03.29 06:10:06.646,0.83672,0.83704,1.50,1.50
2013.03.29 06:10:07.037,0.83672,0.83704,1.50,1.50
2013.03.29 06:10:07.156,0.83672,0.83704,1.50,1.50
2013.03.29 06:10:07.576,0.83672,0.83704,1.50,1.50
2013.03.29 06:10:07.696,0.83669,0.83705,3.00,2.25
2013.03.29 06:10:07.757,0.83669,0.83705,1.50,2.25
2013.03.29 06:10:07.816,0.83669,0.83704,1.50,1.50
2013.03.29 06:10:08.176,0.83671,0.83704,1.50,1.13
2013.03.29 06:10:08.478,0.83672,0.83704,1.50,1.50
2013.03.29 06:10:09.027,0.83672,0.83704,1.50,1.50
2013.03.29 06:10:09.786,0.8367,0.83704,3.68,1.50
2013.03.29 06:10:10.269,0.83672,0.83704,1.50,1.88
2013.03.29 06:10:10.578,0.83671,0.83704,1.50,1.13
2013.03.29 06:10:10.649,0.83671,0.83704,1.50,1.13
2013.03.29 06:10:10.837,0.83673,0.83704,1.50,1.13
2013.03.29 06:10:11.657,0.83671,0.83704,1.50,1.13
2013.03.29 06:10:15.216,0.83671,0.83702,1.50,1.13
2013.03.29 06:10:15.928,0.8367,0.83702,1.50,1.13
2013.03.29 06:10:16.237,0.83672,0.83703,1.50,1.13
2013.03.29 06:10:16.445,0.83672,0.83703,1.50,1.13
2013.03.29 06:10:16.946,0.83671,0.83702,1.50,1.13
2013.03.29 06:10:20.359,0.83671,0.83703,1.50,1.50
2013.03.29 06:10:28.214,0.8367,0.83702,1.50,1.50
2013.03.29 06:10:28.544,0.8367,0.83702,1.50,1.50
2013.03.29 06:10:29.204,0.8367,0.83702,1.50,1.50
2013.03.29 06:10:29.326,0.8367,0.83702,1.50,1.50
2013.03.29 06:10:31.815,0.8367,0.83702,1.50,1.88
2013.03.29 06:10:31.997,0.8367,0.83702,1.50,1.88
2013.03.29 06:10:32.186,0.8367,0.83702,1.50,1.50
2013.03.29 06:10:32.688,0.8367,0.83702,1.50,1.50
2013.03.29 06:10:33.287,0.83668,0.83699,1.50,1.13
2013.03.29 06:10:33.347,0.83666,0.83699,1.50,1.13
2013.03.29 06:10:33.827,0.83668,0.83698,1.50,1.13
2013.03.29 06:10:38.100,0.83668,0.83699,1.50,1.13
2013.03.29 06:10:38.227,0.83668,0.83699,1.50,1.13
2013.03.29 06:10:38.297,0.83665,0.83699,2.25,1.13
2013.03.29 06:10:38.417,0.83663,0.83698,3.00,1.50
2013.03.29 06:10:38.737,0.83663,0.83697,3.75,1.13
2013.03.29 06:10:39.346,0.83665,0.83699,1.50,1.50
2013.03.29 06:10:39.405,0.83664,0.83699,1.50,1.50
2013.03.29 06:10:39.526,0.83664,0.83699,2.25,1.50
2013.03.29 06:10:39.886,0.83666,0.837,1.50,1.50
2013.03.29 06:10:40.131,0.83668,0.837,1.50,1.50
2013.03.29 06:10:40.453,0.83666,0.837,1.50,1.50
2013.03.29 06:10:40.867,0.83666,0.83696,1.50,1.50
2013.03.29 06:10:41.397,0.8366,0.83692,1.50,1.50
2013.03.29 06:10:41.927,0.8366,0.83692,1.50,1.50
2013.03.29 06:10:42.257,0.83659,0.83693,1.50,1.13
2013.03.29 06:10:42.506,0.83659,0.83693,1.50,1.13
2013.03.29 06:10:42.817,0.8366,0.83692,1.50,1.50
2013.03.29 06:10:43.119,0.8366,0.83691,1.50,1.13
2013.03.29 06:10:43.306,0.83659,0.83691,1.50,1.13
2013.03.29 06:10:43.427,0.83659,0.83691,1.50,1.88
2013.03.29 06:10:43.666,0.83657,0.83691,2.25,1.88
2013.03.29 06:10:43.727,0.83659,0.83691,1.50,1.88
2013.03.29 06:10:44.765,0.83659,0.83691,1.50,1.13
2013.03.29 06:10:45.075,0.83658,0.8369,1.50,1.13
2013.03.29 06:10:46.705,0.8366,0.83689,1.50,1.13
2013.03.29 06:10:50.466,0.83657,0.8369,1.50,1.13
2013.03.29 06:10:56.288,0.83657,0.83688,1.50,1.13
2013.03.29 06:10:57.048,0.83656,0.83686,2.40,1.13
2013.03.29 06:10:57.117,0.83661,0.83693,1.50,1.50
2013.03.29 06:10:57.177,0.83663,0.83697,1.50,1.50
2013.03.29 06:10:57.306,0.83663,0.83697,1.50,1.50
2013.03.29 06:10:57.367,0.83663,0.83697,1.50,1.50
2013.03.29 06:10:57.676,0.83664,0.83698,1.50,1.50
2013.03.29 06:10:59.782,0.83664,0.83698,1.50,1.50
2013.03.29 06:11:00.085,0.83659,0.83691,3.08,1.50
2013.03.29 06:11:00.206,0.83658,0.83691,1.50,1.50
2013.03.29 06:11:00.266,0.83658,0.8369,1.50,1.50
2013.03.29 06:11:00.388,0.83659,0.83691,1.50,1.50
2013.03.29 06:11:00.696,0.83657,0.8369,1.95,1.50
2013.03.29 06:11:00.756,0.83655,0.83689,2.70,1.50
2013.03.29 06:11:00.996,0.83655,0.83689,2.63,1.50
2013.03.29 06:11:05.227,0.83654,0.83687,1.80,1.50
2013.03.29 06:11:08.246,0.83655,0.83687,1.50,1.50
2013.03.29 06:11:08.606,0.83654,0.83686,2.03,1.50
2013.03.29 06:11:09.113,0.83654,0.83686,2.03,1.50
2013.03.29 06:11:11.227,0.83652,0.83686,1.50,1.50
2013.03.29 06:11:11.345,0.83652,0.83684,1.50,1.50
2013.03.29 06:11:11.665,0.83652,0.83684,1.50,1.50
2013.03.29 06:11:11.966,0.83652,0.83685,1.50,1.50
2013.03.29 06:11:12.505,0.83652,0.83686,2.33,1.50
2013.03.29 06:11:16.498,0.83654,0.83686,2.78,1.50
2013.03.29 06:11:16.627,0.83661,0.83695,1.50,1.50
2013.03.29 06:11:16.757,0.83664,0.83696,1.50,1.50
2013.03.29 06:11:17.129,0.83658,0.8369,1.50,1.50
2013.03.29 06:11:17.557,0.83654,0.83686,1.50,1.50
2013.03.29 06:11:18.797,0.83652,0.83686,1.50,1.50
2013.03.29 06:11:21.487,0.8366,0.83694,1.50,1.50
2013.03.29 06:11:21.558,0.83664,0.83696,1.50,1.50
2013.03.29 06:11:21.928,0.83663,0.83697,1.50,1.50
2013.03.29 06:11:21.999,0.83663,0.83697,1.50,1.50
2013.03.29 06:11:22.559,0.83663,0.83697,1.50,1.50
2013.03.29 06:11:22.877,0.83663,0.83696,1.50,1.13
2013.03.29 06:11:23.236,0.83655,0.83687,3.68,1.50
2013.03.29 06:11:23.597,0.83653,0.83686,2.33,1.50
2013.03.29 06:11:23.897,0.83652,0.83685,1.50,1.50
2013.03.29 06:11:24.498,0.83654,0.83688,3.38,1.50
2013.03.29 06:11:24.996,0.83656,0.83688,2.03,2.25
2013.03.29 06:11:25.057,0.83653,0.83687,1.50,1.50
2013.03.29 06:11:25.177,0.8366,0.83694,1.50,2.54
2013.03.29 06:11:25.368,0.8366,0.83696,1.50,2.25
2013.03.29 06:11:25.567,0.83661,0.83695,1.50,1.50
2013.03.29 06:11:25.938,0.83663,0.83695,1.50,1.50
2013.03.29 06:11:26.006,0.8366,0.83695,1.50,1.50
2013.03.29 06:11:26.246,0.83661,0.83695,1.50,1.50
2013.03.29 06:11:26.368,0.83661,0.83695,1.50,1.50
2013.03.29 06:11:26.438,0.83661,0.83695,1.50,1.50
2013.03.29 06:11:26.570,0.83661,0.83695,1.50,1.50
2013.03.29 06:11:26.697,0.83661,0.83695,1.50,1.50
2013.03.29 06:11:26.818,0.83662,0.83694,1.50,1.50
2013.03.29 06:11:26.946,0.83661,0.83694,1.50,1.50
2013.03.29 06:11:27.066,0.83662,0.83695,1.50,1.50
2013.03.29 06:11:27.586,0.83662,0.83696,1.50,1.50
2013.03.29 06:11:27.946,0.83662,0.83696,1.50,1.50
2013.03.29 06:11:28.247,0.83663,0.83696,1.50,1.50
2013.03.29 06:11:28.428,0.83664,0.83696,1.50,1.50
2013.03.29 06:11:28.617,0.83661,0.83696,3.00,1.50
2013.03.29 06:11:28.739,0.83661,0.83696,3.00,1.50
2013.03.29 06:11:29.047,0.83662,0.83691,1.50,1.50
2013.03.29 06:11:29.585,0.83656,0.8369,1.50,1.50
2013.03.29 06:11:30.136,0.83656,0.8369,1.50,1.50
2013.03.29 06:11:35.577,0.83656,0.8369,1.50,1.50
2013.03.29 06:11:36.007,0.83656,0.83688,1.50,1.50
2013.03.29 06:11:36.966,0.83656,0.83688,1.50,1.50
2013.03.29 06:11:37.283,0.83657,0.8369,1.50,1.50
2013.03.29 06:11:37.530,0.83657,0.83689,1.50,1.50
2013.03.29 06:11:37.658,0.83659,0.83691,2.03,1.50
2013.03.29 06:11:37.848,0.83662,0.83696,3.23,1.50
2013.03.29 06:11:38.716,0.8366,0.83694,2.55,2.25
2013.03.29 06:11:39.136,0.83662,0.83694,1.50,1.50
2013.03.29 06:11:39.256,0.8366,0.83694,2.78,1.50
2013.03.29 06:11:39.316,0.8366,0.83694,2.78,2.25
2013.03.29 06:11:39.867,0.83661,0.83694,1.50,1.50
2013.03.29 06:11:39.926,0.8366,0.83694,1.50,1.50
2013.03.29 06:11:40.807,0.83658,0.8369,1.65,3.00
2013.03.29 06:11:41.238,0.83657,0.8369,2.40,1.50
2013.03.29 06:11:41.306,0.83657,0.8369,2.40,3.00
2013.03.29 06:11:41.842,0.83656,0.83688,1.73,1.50
2013.03.29 06:11:42.097,0.83654,0.83688,2.85,1.50
2013.03.29 06:11:42.216,0.83654,0.83688,2.85,1.50
2013.03.29 06:11:42.967,0.83655,0.83688,1.50,1.50
2013.03.29 06:11:44.237,0.83655,0.83687,1.50,1.50
2013.03.29 06:11:44.817,0.83653,0.83687,2.85,2.25
2013.03.29 06:11:45.886,0.83652,0.83686,1.88,1.50
2013.03.29 06:11:45.946,0.83652,0.83686,3.08,1.50
2013.03.29 06:11:46.306,0.8366,0.83691,1.50,1.50
2013.03.29 06:11:46.367,0.83664,0.83694,1.50,1.50
2013.03.29 06:11:46.426,0.83664,0.83696,1.50,1.50
2013.03.29 06:11:46.758,0.83664,0.83696,1.50,1.50
2013.03.29 06:11:47.307,0.83663,0.83697,1.50,1.50
2013.03.29 06:11:47.438,0.83663,0.83697,1.50,1.50
2013.03.29 06:11:47.806,0.83661,0.83694,1.50,1.50
2013.03.29 06:11:48.306,0.8366,0.83694,1.50,1.50
2013.03.29 06:11:48.906,0.83659,0.83693,2.40,1.50
2013.03.29 06:11:49.146,0.8366,0.83693,2.10,1.50
2013.03.29 06:11:49.205,0.83659,0.83693,3.45,1.50
2013.03.29 06:11:50.257,0.83661,0.83693,2.85,1.50
2013.03.29 06:11:50.561,0.83659,0.83693,3.45,1.50
2013.03.29 06:11:53.087,0.83659,0.83693,1.50,1.50
2013.03.29 06:12:00.048,0.83662,0.83694,2.33,2.25
2013.03.29 06:12:00.595,0.83665,0.83697,1.50,1.50
2013.03.29 06:12:01.246,0.83665,0.83697,1.50,1.50
2013.03.29 06:12:01.786,0.83663,0.83697,1.50,1.50
2013.03.29 06:12:02.094,0.83663,0.83697,1.50,1.50
2013.03.29 06:12:02.638,0.83663,0.83695,1.50,1.50
2013.03.29 06:12:02.955,0.83663,0.83697,1.50,1.88
2013.03.29 06:12:03.077,0.83663,0.83697,1.50,1.88
2013.03.29 06:12:03.255,0.83663,0.83697,3.23,1.88
2013.03.29 06:12:03.316,0.83663,0.83697,1.50,1.88
2013.03.29 06:12:03.436,0.83662,0.83696,2.85,1.50
2013.03.29 06:12:06.255,0.83661,0.83695,1.50,1.88
2013.03.29 06:12:06.897,0.83663,0.83695,1.50,1.88
2013.03.29 06:12:07.501,0.83663,0.83695,1.50,1.50
2013.03.29 06:12:08.146,0.83663,0.83695,1.50,1.88
2013.03.29 06:12:08.327,0.83659,0.83695,3.38,1.13
2013.03.29 06:12:08.448,0.83662,0.83694,1.50,1.50
2013.03.29 06:12:08.806,0.83662,0.83694,1.50,1.50
2013.03.29 06:12:09.347,0.83664,0.83694,1.50,1.13
2013.03.29 06:12:10.337,0.83664,0.83696,2.40,1.88
2013.03.29 06:12:10.397,0.83662,0.83694,1.50,1.13
2013.03.29 06:12:11.556,0.83663,0.83695,1.50,1.88
2013.03.29 06:12:16.494,0.83663,0.83695,1.50,1.13
2013.03.29 06:12:16.817,0.83664,0.83696,1.50,1.50
2013.03.29 06:12:17.176,0.83664,0.83696,1.50,1.50
2013.03.29 06:12:17.737,0.83662,0.83696,3.15,1.50
2013.03.29 06:12:18.197,0.83662,0.83696,1.50,1.50
2013.03.29 06:12:18.947,0.83663,0.83696,1.50,1.50
2013.03.29 06:12:20.477,0.83661,0.83695,1.50,1.88
2013.03.29 06:12:22.879,0.83661,0.83694,1.50,1.50
2013.03.29 06:12:23.587,0.8366,0.83694,2.85,1.50
2013.03.29 06:12:23.706,0.8366,0.83693,2.63,1.13
2013.03.29 06:12:24.967,0.83662,0.83693,1.50,1.13
2013.03.29 06:12:25.771,0.83661,0.83693,1.50,1.13
2013.03.29 06:12:25.836,0.83661,0.83693,1.50,1.13
2013.03.29 06:12:32.377,0.83661,0.83694,1.50,1.13
2013.03.29 06:12:32.737,0.83661,0.83693,1.50,1.13
2013.03.29 06:12:33.856,0.83661,0.83693,1.50,1.13
2013.03.29 06:12:34.407,0.83661,0.83693,1.50,1.88
2013.03.29 06:12:35.016,0.8366,0.83692,1.50,1.88
2013.03.29 06:12:42.416,0.8366,0.83692,1.50,1.13
2013.03.29 06:12:42.986,0.83659,0.83692,1.50,1.13
2013.03.29 06:12:45.107,0.83651,0.83687,1.95,1.50
2013.03.29 06:12:45.657,0.83652,0.83686,4.35,1.50
2013.03.29 06:12:45.726,0.83652,0.83686,2.25,1.50
2013.03.29 06:12:45.786,0.83652,0.83686,2.25,1.50
2013.03.29 06:12:46.101,0.83652,0.83686,3.30,1.50
2013.03.29 06:12:48.011,0.83655,0.83687,1.58,2.25
2013.03.29 06:12:48.557,0.83655,0.83687,1.58,1.50
2013.03.29 06:12:49.387,0.83653,0.83685,1.50,1.50
2013.03.29 06:12:52.157,0.83654,0.83684,1.13,1.50
2013.03.29 06:12:52.218,0.83652,0.83684,1.13,1.50
2013.03.29 06:12:54.727,0.83651,0.83684,1.50,1.13
2013.03.29 06:13:06.210,0.83665,0.83684,1.13,3.00
2013.03.29 06:13:06.337,0.8367,0.83689,1.13,1.50
2013.03.29 06:13:06.396,0.8367,0.83691,1.13,1.50
2013.03.29 06:13:06.516,0.83671,0.83691,1.13,1.50
2013.03.29 06:13:06.768,0.83671,0.83693,1.13,1.50
2013.03.29 06:13:07.636,0.83672,0.83694,1.13,1.50
2013.03.29 06:13:07.937,0.83672,0.83693,1.13,3.00
2013.03.29 06:13:08.777,0.8367,0.83692,1.13,1.50
2013.03.29 06:13:08.847,0.8367,0.83692,1.13,1.50
2013.03.29 06:13:09.316,0.8367,0.83694,1.13,1.13
2013.03.29 06:13:09.737,0.8367,0.83694,1.13,2.63
2013.03.29 06:13:11.036,0.83671,0.83692,1.13,1.50
2013.03.29 06:13:11.346,0.83671,0.83693,1.13,2.25
2013.03.29 06:13:13.989,0.83671,0.83693,1.13,1.50
2013.03.29 06:13:14.297,0.83671,0.83693,1.13,1.50
2013.03.29 06:13:14.846,0.83671,0.83694,1.13,1.50
2013.03.29 06:13:14.966,0.83673,0.83694,1.13,1.50
2013.03.29 06:13:15.207,0.83673,0.83693,1.13,2.25
2013.03.29 06:13:16.366,0.83673,0.83693,1.13,3.00
2013.03.29 06:13:16.546,0.83669,0.83693,1.13,3.00
2013.03.29 06:13:23.456,0.83668,0.83693,1.13,3.00
2013.03.29 06:13:23.841,0.8367,0.8369,1.13,1.50
2013.03.29 06:13:24.456,0.8367,0.83692,1.13,3.00
2013.03.29 06:13:24.517,0.83666,0.83692,2.25,3.00
2013.03.29 06:13:24.637,0.83661,0.83695,2.85,3.00
2013.03.29 06:13:24.696,0.83663,0.83695,1.50,1.50
2013.03.29 06:13:24.817,0.83663,0.83697,2.03,2.25
2013.03.29 06:13:25.177,0.83661,0.83693,2.40,1.50
2013.03.29 06:13:25.687,0.83662,0.83694,1.80,1.50
2013.03.29 06:13:26.046,0.83662,0.83693,1.80,3.00
2013.03.29 06:13:26.607,0.83661,0.83693,2.55,3.00
2013.03.29 06:13:26.856,0.83661,0.83692,1.13,1.50
2013.03.29 06:13:26.916,0.83662,0.83693,2.33,3.00
2013.03.29 06:13:27.626,0.83663,0.83693,1.13,1.50
2013.03.29 06:13:27.686,0.83663,0.83692,1.13,2.25
2013.03.29 06:13:27.806,0.83664,0.83693,1.65,2.25
2013.03.29 06:13:43.326,0.83664,0.83692,1.13,1.50
2013.03.29 06:13:43.687,0.83671,0.83693,1.13,1.50
2013.03.29 06:13:44.686,0.83671,0.83693,1.13,1.50
2013.03.29 06:13:52.756,0.83671,0.83693,1.13,1.50
2013.03.29 06:13:52.878,0.83671,0.83693,1.13,1.50
2013.03.29 06:13:54.207,0.83671,0.83691,1.13,1.50
2013.03.29 06:13:54.729,0.83669,0.8369,1.13,1.50
2013.03.29 06:13:55.496,0.83669,0.83686,1.13,1.50
2013.03.29 06:13:55.565,0.83667,0.83686,1.13,1.50
2013.03.29 06:13:55.687,0.83667,0.83686,1.13,1.50
2013.03.29 06:13:56.354,0.83667,0.83686,1.13,1.50
2013.03.29 06:13:56.430,0.83667,0.83686,1.13,1.50
2013.03.29 06:13:57.316,0.83669,0.83687,1.13,1.50
2013.03.29 06:13:57.440,0.83669,0.83693,1.13,3.00
2013.03.29 06:13:58.306,0.83671,0.83693,1.88,3.00
2013.03.29 06:14:08.677,0.83672,0.8369,1.13,1.50
2013.03.29 06:14:08.737,0.83672,0.8369,1.13,1.50
2013.03.29 06:14:09.277,0.83672,0.8369,1.13,1.50
2013.03.29 06:14:09.576,0.83658,0.83691,1.13,1.50
2013.03.29 06:14:09.818,0.83658,0.83689,1.13,1.50
2013.03.29 06:14:10.126,0.83658,0.83686,1.13,1.50
2013.03.29 06:14:10.887,0.83658,0.83685,1.13,1.50
2013.03.29 06:14:11.033,0.83654,0.83686,1.13,1.50
2013.03.29 06:14:11.226,0.83656,0.83686,1.13,1.50
2013.03.29 06:14:11.407,0.83654,0.83686,1.88,1.50
2013.03.29 06:14:11.647,0.83656,0.83686,1.13,1.50
2013.03.29 06:14:12.522,0.83656,0.83686,1.13,1.50
2013.03.29 06:14:13.078,0.83662,0.83686,1.13,1.50
2013.03.29 06:14:13.299,0.83662,0.83686,1.13,1.50
2013.03.29 06:14:14.050,0.83662,0.83686,1.88,1.50
2013.03.29 06:14:16.837,0.83656,0.83687,1.13,2.25
2013.03.29 06:14:19.837,0.83662,0.83687,1.13,1.50
2013.03.29 06:14:20.196,0.83663,0.83689,2.93,1.50
2013.03.29 06:14:20.677,0.83663,0.83688,2.93,1.50
2013.03.29 06:14:20.977,0.83667,0.83688,1.13,1.50
2013.03.29 06:14:21.036,0.83667,0.83688,1.13,1.50
2013.03.29 06:14:21.097,0.83667,0.83689,1.13,1.50
2013.03.29 06:14:21.516,0.83667,0.8369,1.13,1.50
2013.03.29 06:14:21.699,0.83667,0.83691,1.13,1.50
2013.03.29 06:14:21.766,0.83667,0.83689,1.13,1.50
2013.03.29 06:14:21.977,0.83665,0.83687,1.88,1.50
2013.03.29 06:14:22.037,0.83665,0.83686,1.88,1.50
2013.03.29 06:14:22.097,0.83658,0.83686,1.50,1.88
2013.03.29 06:14:22.157,0.83651,0.83685,1.88,1.50
2013.03.29 06:14:22.216,0.83651,0.83684,1.13,2.25
2013.03.29 06:14:22.637,0.83651,0.83681,1.13,1.50
2013.03.29 06:14:24.557,0.83649,0.83681,1.88,2.63
2013.03.29 06:14:25.363,0.83649,0.8368,1.13,1.13
2013.03.29 06:14:27.476,0.83649,0.8368,1.88,1.13
2013.03.29 06:14:27.536,0.83649,0.8368,1.88,1.13
2013.03.29 06:14:28.596,0.83649,0.8368,1.13,1.13
2013.03.29 06:14:29.057,0.83649,0.8368,1.13,1.13
2013.03.29 06:14:31.836,0.83651,0.8368,1.13,1.13
2013.03.29 06:14:31.955,0.83651,0.8368,1.13,1.13
2013.03.29 06:14:38.945,0.83653,0.83682,2.93,1.50
2013.03.29 06:14:39.127,0.8365,0.8368,1.13,1.88
2013.03.29 06:14:42.346,0.83651,0.8368,1.13,1.13
2013.03.29 06:14:47.756,0.83651,0.8368,1.13,1.88
2013.03.29 06:14:48.056,0.83649,0.83681,1.88,1.13
2013.03.29 06:14:49.206,0.83649,0.83681,1.13,1.13
2013.03.29 06:14:49.326,0.83652,0.83684,1.50,1.50
2013.03.29 06:14:50.069,0.83652,0.83686,1.50,1.50
2013.03.29 06:14:50.976,0.83653,0.83686,2.93,1.50
2013.03.29 06:14:54.955,0.83652,0.83686,3.08,1.50
2013.03.29 06:15:06.547,0.83653,0.83684,1.13,1.13
2013.03.29 06:15:08.525,0.83654,0.83683,1.13,1.13
2013.03.29 06:15:08.646,0.83654,0.83682,1.13,1.50
2013.03.29 06:15:09.545,0.83652,0.83682,1.13,2.63
2013.03.29 06:15:15.466,0.83651,0.83682,1.13,1.88
2013.03.29 06:15:16.098,0.83651,0.83681,1.13,1.13
2013.03.29 06:15:20.426,0.83651,0.8368,1.13,1.50
2013.03.29 06:15:20.668,0.83649,0.8368,1.13,1.88
2013.03.29 06:15:21.048,0.83652,0.83681,1.13,1.13
2013.03.29 06:15:21.676,0.83649,0.83681,1.13,1.88
2013.03.29 06:15:28.547,0.83647,0.83681,3.45,1.50
2013.03.29 06:15:28.606,0.83647,0.83681,4.13,1.50
2013.03.29 06:15:28.666,0.83647,0.83681,4.58,1.50
2013.03.29 06:15:28.846,0.83651,0.83681,1.13,1.13
2013.03.29 06:15:29.407,0.83653,0.83681,1.13,1.88
2013.03.29 06:15:31.666,0.8365,0.8368,1.13,1.88
2013.03.29 06:15:31.790,0.8365,0.8368,1.13,1.13
2013.03.29 06:15:32.297,0.8365,0.8368,1.13,1.50
2013.03.29 06:15:33.340,0.8365,0.8368,1.13,1.50
2013.03.29 06:15:33.468,0.83647,0.83679,1.13,1.13
2013.03.29 06:15:34.656,0.83649,0.83679,1.13,1.88
2013.03.29 06:15:40.426,0.83649,0.83679,1.13,1.13
2013.03.29 06:15:41.067,0.83649,0.83682,2.85,1.50
2013.03.29 06:15:42.316,0.83649,0.83683,3.60,1.50
2013.03.29 06:15:42.746,0.83651,0.83685,1.65,2.25
2013.03.29 06:15:43.166,0.83653,0.83687,3.15,2.25
2013.03.29 06:15:43.296,0.83656,0.83688,1.50,1.50
2013.03.29 06:15:43.359,0.83655,0.83689,2.78,1.50
2013.03.29 06:15:43.856,0.83655,0.83687,2.03,1.50
2013.03.29 06:15:44.096,0.83653,0.83684,1.50,1.50
2013.03.29 06:15:44.156,0.83653,0.83684,1.50,1.50
2013.03.29 06:15:44.716,0.83653,0.83685,1.50,1.50
2013.03.29 06:15:45.559,0.83651,0.83683,2.10,1.50
2013.03.29 06:15:46.076,0.83652,0.83683,1.13,1.88
2013.03.29 06:15:46.456,0.83652,0.83681,1.13,1.50
2013.03.29 06:15:47.083,0.83648,0.83681,1.88,1.50
2013.03.29 06:15:58.876,0.83649,0.8368,1.13,1.88
2013.03.29 06:15:59.117,0.83645,0.83672,1.50,1.50
2013.03.29 06:15:59.639,0.83645,0.8367,1.50,1.50
2013.03.29 06:16:00.160,0.83645,0.8367,1.50,1.50
2013.03.29 06:16:01.776,0.83641,0.83669,1.50,1.50
2013.03.29 06:16:10.367,0.83641,0.83669,1.50,1.50
2013.03.29 06:16:10.668,0.83641,0.83669,1.50,1.50
2013.03.29 06:16:37.687,0.83641,0.83669,1.50,1.50
2013.03.29 06:16:37.997,0.83641,0.83665,1.50,1.50
2013.03.29 06:16:38.566,0.8364,0.83666,1.50,1.88
2013.03.29 06:16:52.857,0.8364,0.83664,1.50,1.50
2013.03.29 06:16:53.397,0.8364,0.83665,1.50,1.50
2013.03.29 06:16:54.697,0.83639,0.83664,1.50,1.50
2013.03.29 06:16:56.277,0.83638,0.83664,1.50,1.50
2013.03.29 06:17:00.377,0.83638,0.83664,1.50,1.13
2013.03.29 06:17:00.557,0.8364,0.83664,1.50,1.13
2013.03.29 06:17:06.386,0.83641,0.83665,1.50,1.50
2013.03.29 06:17:11.348,0.83639,0.83665,1.50,1.88
2013.03.29 06:17:11.856,0.8364,0.83663,1.50,1.13
2013.03.29 06:17:22.607,0.8364,0.83664,1.50,1.13
2013.03.29 06:17:23.317,0.83639,0.83663,1.50,1.13
2013.03.29 06:17:24.428,0.8364,0.83663,1.50,1.13
2013.03.29 06:17:28.997,0.83639,0.83664,1.50,1.13
2013.03.29 06:17:30.227,0.83637,0.83663,1.50,1.13
2013.03.29 06:17:30.346,0.83638,0.83662,1.50,1.13
2013.03.29 06:17:30.852,0.83638,0.83665,1.50,1.88
2013.03.29 06:17:36.740,0.83637,0.83663,1.50,1.13
2013.03.29 06:17:36.928,0.8364,0.83664,1.50,1.13
2013.03.29 06:17:37.491,0.83637,0.83663,1.50,1.13
2013.03.29 06:17:37.557,0.83639,0.83663,1.50,1.13
2013.03.29 06:17:49.586,0.83637,0.83665,1.50,1.50
2013.03.29 06:17:50.151,0.8364,0.83664,1.50,1.13
2013.03.29 06:17:52.835,0.83636,0.83664,1.13,1.13
2013.03.29 06:17:58.698,0.83634,0.83665,1.13,1.88
2013.03.29 06:17:58.956,0.83634,0.83663,1.13,1.13
2013.03.29 06:18:00.416,0.83632,0.83664,1.88,1.88
2013.03.29 06:18:00.536,0.83632,0.83664,1.88,1.13
2013.03.29 06:18:01.528,0.83633,0.83664,1.88,1.13
2013.03.29 06:18:02.126,0.83633,0.83663,1.13,1.50
2013.03.29 06:18:02.487,0.83632,0.83663,1.13,1.50
2013.03.29 06:18:03.527,0.83634,0.83665,1.13,1.13
2013.03.29 06:18:06.636,0.83633,0.83664,1.13,1.13
2013.03.29 06:18:07.906,0.83635,0.83665,1.13,1.13
2013.03.29 06:18:07.966,0.83635,0.83665,1.13,1.13
2013.03.29 06:18:20.563,0.83634,0.83665,1.13,1.13
2013.03.29 06:18:20.867,0.83634,0.83664,1.13,1.50
2013.03.29 06:18:26.857,0.83634,0.83664,1.13,1.13
2013.03.29 06:18:27.175,0.83634,0.83665,3.23,1.13
2013.03.29 06:18:27.295,0.83634,0.83664,1.13,1.13
2013.03.29 06:18:27.894,0.83634,0.83664,1.13,1.13
2013.03.29 06:18:32.876,0.83633,0.83667,1.50,1.50
2013.03.29 06:18:34.517,0.83635,0.83666,1.13,1.13
2013.03.29 06:18:38.326,0.83635,0.83665,1.13,1.50
2013.03.29 06:18:38.446,0.83636,0.83666,1.13,1.13
2013.03.29 06:18:43.044,0.83636,0.83666,1.13,1.88
2013.03.29 06:18:43.383,0.83641,0.83666,1.50,1.88
2013.03.29 06:18:43.519,0.83641,0.83666,1.50,1.88
2013.03.29 06:18:44.007,0.83641,0.83665,1.50,1.88
2013.03.29 06:18:44.406,0.83641,0.83665,1.50,1.13
2013.03.29 06:18:44.947,0.8364,0.83665,1.50,1.13
2013.03.29 06:18:45.496,0.83641,0.83665,1.50,1.13
2013.03.29 06:18:46.409,0.83641,0.83665,1.50,1.13
2013.03.29 06:18:46.777,0.83641,0.83666,1.50,1.13
2013.03.29 06:18:46.896,0.83641,0.83664,1.50,1.13
2013.03.29 06:18:47.307,0.83637,0.83664,1.88,1.13
2013.03.29 06:18:47.367,0.8364,0.83664,1.50,1.13
2013.03.29 06:18:49.317,0.83641,0.83666,1.50,1.13
2013.03.29 06:18:49.507,0.8364,0.83664,1.50,1.88
2013.03.29 06:19:04.446,0.83639,0.83663,1.50,1.50
2013.03.29 06:19:09.877,0.83637,0.83663,1.50,1.50
2013.03.29 06:19:09.997,0.83637,0.83663,1.50,1.50
2013.03.29 06:19:11.077,0.83636,0.83663,1.50,1.50
2013.03.29 06:19:21.558,0.83639,0.83663,1.50,1.50
2013.03.29 06:19:35.137,0.83641,0.83666,1.50,1.13
2013.03.29 06:19:35.197,0.83639,0.83666,1.50,1.88
2013.03.29 06:19:45.037,0.83641,0.83666,1.50,1.13
2013.03.29 06:19:45.158,0.83641,0.83665,1.50,1.13
2013.03.29 06:19:45.697,0.83642,0.8367,1.50,1.50
2013.03.29 06:19:48.759,0.83641,0.83669,1.50,1.50
2013.03.29 06:19:49.267,0.83641,0.8367,1.50,1.13
2013.03.29 06:19:50.797,0.8364,0.83668,1.88,1.13
2013.03.29 06:19:50.858,0.83641,0.83668,1.50,1.13
2013.03.29 06:20:00.447,0.8364,0.83669,1.13,1.13
2013.03.29 06:20:00.507,0.83641,0.83669,1.50,1.13
2013.03.29 06:20:00.630,0.83643,0.83669,1.50,1.13
2013.03.29 06:20:04.092,0.8364,0.83668,1.88,1.13
2013.03.29 06:20:04.819,0.8364,0.83665,1.50,1.50
2013.03.29 06:20:05.379,0.8364,0.83667,1.50,1.50
2013.03.29 06:20:07.737,0.8364,0.83666,1.50,1.50
2013.03.29 06:20:13.357,0.83638,0.83664,1.50,1.50
2013.03.29 06:20:14.078,0.83639,0.83665,1.50,1.13
2013.03.29 06:20:18.699,0.8364,0.83665,1.50,1.13
2013.03.29 06:20:22.657,0.83636,0.83665,1.50,1.88
2013.03.29 06:20:22.898,0.83638,0.83664,1.50,1.50
2013.03.29 06:20:29.157,0.83639,0.83665,1.50,1.13
2013.03.29 06:20:29.277,0.83639,0.83664,1.50,1.13
2013.03.29 06:20:37.308,0.83638,0.83665,1.50,1.50
2013.03.29 06:20:48.827,0.83637,0.83666,1.50,1.13
2013.03.29 06:20:48.969,0.83639,0.83667,1.50,1.50
2013.03.29 06:20:50.737,0.8364,0.83666,1.50,1.13
2013.03.29 06:20:51.297,0.8364,0.83668,1.50,1.13
2013.03.29 06:20:58.785,0.83645,0.8367,1.13,1.79
2013.03.29 06:20:58.990,0.83646,0.83673,1.13,1.13
2013.03.29 06:20:59.648,0.83648,0.83674,1.50,1.50
2013.03.29 06:21:00.900,0.83648,0.83674,1.13,1.50
2013.03.29 06:21:03.939,0.83647,0.83676,1.13,2.93
2013.03.29 06:21:04.069,0.83648,0.83676,1.13,1.50
2013.03.29 06:21:07.540,0.83646,0.83675,1.13,2.70
2013.03.29 06:21:07.608,0.83647,0.83677,1.13,1.50
2013.03.29 06:21:10.410,0.83646,0.83677,1.88,1.50
2013.03.29 06:21:17.098,0.83646,0.83675,1.13,1.50
2013.03.29 06:21:20.578,0.83646,0.83675,1.13,1.50
2013.03.29 06:21:30.638,0.83643,0.83674,1.13,1.50
2013.03.29 06:21:30.697,0.83643,0.83674,1.13,1.50
2013.03.29 06:21:30.937,0.83645,0.83673,1.13,1.50
2013.03.29 06:21:44.848,0.83643,0.83675,1.13,3.45
2013.03.29 06:21:45.027,0.83645,0.83675,1.13,1.88
2013.03.29 06:21:50.238,0.83643,0.83674,1.13,2.70
2013.03.29 06:21:50.419,0.83645,0.83673,1.13,1.50
2013.03.29 06:22:07.179,0.83645,0.83673,1.13,1.50
2013.03.29 06:22:07.248,0.83644,0.83673,1.13,1.50
2013.03.29 06:22:10.168,0.83646,0.83675,1.13,1.88
2013.03.29 06:22:11.487,0.83645,0.83673,2.63,1.50
2013.03.29 06:22:14.141,0.83646,0.83674,1.13,1.88
2013.03.29 06:22:19.679,0.83645,0.83673,1.50,1.13
2013.03.29 06:22:30.099,0.83642,0.83674,1.13,1.88
2013.03.29 06:22:35.029,0.83642,0.83674,1.13,1.88
2013.03.29 06:22:35.348,0.83645,0.83673,1.13,1.13
2013.03.29 06:22:38.078,0.83645,0.83673,1.13,1.13
2013.03.29 06:22:38.623,0.83643,0.83671,1.13,1.13
2013.03.29 06:22:39.184,0.83642,0.83671,1.88,1.13
2013.03.29 06:22:39.952,0.83643,0.83671,1.13,1.13
2013.03.29 06:22:40.880,0.83642,0.83671,1.88,1.13
2013.03.29 06:22:40.952,0.83643,0.83671,1.13,1.13
2013.03.29 06:22:41.358,0.83642,0.83671,1.88,1.13
2013.03.29 06:22:41.529,0.83643,0.83671,1.13,1.13
2013.03.29 06:22:42.368,0.83642,0.83671,1.88,1.88
2013.03.29 06:22:42.511,0.83643,0.83671,1.13,1.88
2013.03.29 06:22:43.059,0.83642,0.83671,1.88,1.13
2013.03.29 06:22:43.178,0.83643,0.83671,1.13,1.13
2013.03.29 06:22:43.729,0.83642,0.83671,1.88,1.13
2013.03.29 06:22:46.208,0.83643,0.83671,1.13,1.88
2013.03.29 06:22:47.371,0.83644,0.83669,1.50,1.13
2013.03.29 06:22:47.958,0.83641,0.83669,1.88,1.13
2013.03.29 06:22:49.938,0.8364,0.8367,1.50,1.13
2013.03.29 06:22:50.572,0.83641,0.83668,1.50,1.13
2013.03.29 06:22:52.710,0.83641,0.83668,1.50,1.13
2013.03.29 06:22:53.128,0.83645,0.83668,1.50,1.13
2013.03.29 06:22:53.667,0.83641,0.83668,1.50,1.88
2013.03.29 06:22:53.912,0.83641,0.83669,1.88,1.13
2013.03.29 06:23:00.481,0.83641,0.83669,1.13,1.13
2013.03.29 06:23:00.799,0.8364,0.83669,1.50,1.13
2013.03.29 06:23:01.109,0.8364,0.83671,1.50,1.50
2013.03.29 06:23:01.659,0.8364,0.83669,1.50,1.50
2013.03.29 06:23:02.193,0.8364,0.83669,1.50,1.50
2013.03.29 06:23:02.598,0.8364,0.83669,1.50,1.50
2013.03.29 06:23:02.778,0.8364,0.83671,1.50,1.50
2013.03.29 06:23:02.898,0.8364,0.8367,1.50,2.25
2013.03.29 06:23:03.899,0.8364,0.83669,1.50,1.50
2013.03.29 06:23:06.829,0.8364,0.8367,1.50,1.50
2013.03.29 06:23:07.139,0.8364,0.83671,1.50,1.50
2013.03.29 06:23:18.011,0.83638,0.83667,1.50,1.13
2013.03.29 06:23:19.421,0.83634,0.83664,2.25,1.13
2013.03.29 06:23:19.611,0.83637,0.83663,1.50,1.13
2013.03.29 06:23:21.649,0.83635,0.83666,1.88,1.13
2013.03.29 06:23:31.510,0.83639,0.83666,1.50,1.50
2013.03.29 06:23:31.581,0.8364,0.83669,1.50,1.04
2013.03.29 06:23:32.023,0.8364,0.83674,1.50,1.50
2013.03.29 06:23:33.568,0.8364,0.83674,1.50,1.50
2013.03.29 06:23:33.950,0.83638,0.83666,1.50,1.50
2013.03.29 06:23:34.018,0.83637,0.83666,1.50,1.50
2013.03.29 06:23:34.078,0.83635,0.83666,1.50,1.50
2013.03.29 06:23:36.471,0.83634,0.83663,1.50,1.88
2013.03.29 06:23:44.849,0.83634,0.83661,1.50,1.13
2013.03.29 06:23:44.919,0.83635,0.83661,1.50,1.13
2013.03.29 06:23:45.041,0.83635,0.83662,1.50,1.88
2013.03.29 06:23:45.289,0.83635,0.83668,1.88,1.50
2013.03.29 06:23:45.720,0.83637,0.83665,1.50,1.50
2013.03.29 06:23:46.041,0.83635,0.83661,1.50,1.13
2013.03.29 06:23:48.701,0.83632,0.8366,1.13,1.88
2013.03.29 06:23:49.267,0.83632,0.8366,1.13,1.88
2013.03.29 06:23:51.820,0.83632,0.8366,1.88,1.88
2013.03.29 06:23:54.749,0.83632,0.8366,1.13,1.50
2013.03.29 06:23:58.986,0.83632,0.8366,1.13,1.50
2013.03.29 06:24:00.435,0.83632,0.8366,1.13,1.50
2013.03.29 06:24:00.561,0.83633,0.8366,1.50,1.50
2013.03.29 06:24:00.748,0.83634,0.83661,1.50,1.13
2013.03.29 06:24:01.299,0.83632,0.83661,1.50,1.13
2013.03.29 06:24:05.871,0.83634,0.83663,1.50,1.50
2013.03.29 06:24:06.178,0.83635,0.83663,1.88,1.50
2013.03.29 06:24:06.718,0.83637,0.83671,1.50,1.88
2013.03.29 06:24:08.586,0.83637,0.83671,1.88,1.50
2013.03.29 06:24:08.709,0.83637,0.83671,1.88,1.50
2013.03.29 06:24:12.068,0.83641,0.83669,1.13,1.13
2013.03.29 06:24:12.370,0.83641,0.83669,1.13,1.13
2013.03.29 06:24:34.698,0.83639,0.83669,1.88,1.13
2013.03.29 06:24:34.818,0.8364,0.83669,1.50,1.13
2013.03.29 06:24:39.099,0.8364,0.83669,1.50,1.13
2013.03.29 06:24:40.769,0.83639,0.83669,1.88,1.13
2013.03.29 06:24:40.892,0.83634,0.83665,1.88,1.50
2013.03.29 06:24:41.422,0.83634,0.83664,1.88,1.13
2013.03.29 06:24:43.589,0.83634,0.83663,2.63,1.13
2013.03.29 06:24:44.489,0.83635,0.83663,1.13,1.13
2013.03.29 06:24:44.890,0.83635,0.83663,1.13,1.13
2013.03.29 06:24:45.908,0.83634,0.83663,2.63,1.13
2013.03.29 06:24:50.851,0.83635,0.83665,1.13,1.88
2013.03.29 06:24:57.569,0.83636,0.83663,1.13,1.13
2013.03.29 06:24:57.820,0.83634,0.83661,1.13,1.50
2013.03.29 06:24:58.131,0.83626,0.83648,1.50,1.13
2013.03.29 06:24:58.381,0.83625,0.83647,1.28,1.13
2013.03.29 06:24:58.630,0.83635,0.83654,1.50,1.50
2013.03.29 06:24:58.759,0.83635,0.83661,1.50,1.17
2013.03.29 06:24:58.820,0.83636,0.83661,1.50,1.17
2013.03.29 06:24:58.950,0.83636,0.83663,1.50,1.50
2013.03.29 06:24:59.018,0.83636,0.83664,1.50,2.25
2013.03.29 06:24:59.198,0.83641,0.83667,1.50,1.50
2013.03.29 06:25:00.347,0.83641,0.83666,1.50,1.50
2013.03.29 06:25:00.540,0.83636,0.83658,1.13,1.50
2013.03.29 06:25:00.672,0.83634,0.83658,1.50,1.50
2013.03.29 06:25:00.741,0.83632,0.83658,1.13,1.50
2013.03.29 06:25:01.899,0.83632,0.83658,1.88,1.50
2013.03.29 06:25:02.080,0.83632,0.83658,1.88,1.50
2013.03.29 06:25:02.420,0.83632,0.83651,1.88,1.50
2013.03.29 06:25:02.728,0.83634,0.83653,1.50,1.13
2013.03.29 06:25:02.788,0.83634,0.83656,1.50,1.34
2013.03.29 06:25:02.849,0.83635,0.83662,1.50,2.25
2013.03.29 06:25:03.030,0.83633,0.83658,1.88,1.13
2013.03.29 06:25:03.160,0.83633,0.83656,1.13,1.13
2013.03.29 06:25:03.709,0.83633,0.83656,1.13,1.13
2013.03.29 06:25:04.079,0.83631,0.83656,1.88,1.13
2013.03.29 06:25:04.709,0.83631,0.83659,1.88,1.69
2013.03.29 06:25:05.010,0.8363,0.83652,1.88,1.50
2013.03.29 06:25:06.600,0.83628,0.83652,1.20,1.50
2013.03.29 06:25:16.161,0.83628,0.83652,1.95,1.50
2013.03.29 06:25:29.322,0.83629,0.83654,1.20,1.32
2013.03.29 06:25:31.759,0.83629,0.83653,1.20,1.32
2013.03.29 06:25:31.879,0.83629,0.83653,1.20,1.32
2013.03.29 06:25:31.999,0.83629,0.8364,1.20,1.50
2013.03.29 06:26:00.529,0.83627,0.83641,1.20,1.50
2013.03.29 06:26:05.070,0.83626,0.83641,1.20,1.50
2013.03.29 06:26:08.050,0.83627,0.83641,1.20,1.50
2013.03.29 06:26:11.669,0.83627,0.83642,1.95,1.50
2013.03.29 06:26:28.850,0.83627,0.8364,1.20,1.50
2013.03.29 06:26:39.121,0.83628,0.83642,1.20,1.50
2013.03.29 06:26:42.341,0.83631,0.83648,1.50,1.50
2013.03.29 06:26:43.258,0.8363,0.83645,1.13,1.50
2013.03.29 06:26:43.330,0.83627,0.83643,1.20,1.50
2013.03.29 06:26:46.430,0.83629,0.83646,1.58,1.50
2013.03.29 06:26:46.501,0.83629,0.83647,1.58,1.50
2013.03.29 06:26:46.688,0.83633,0.83656,1.13,2.25
2013.03.29 06:26:46.808,0.83636,0.83657,1.50,1.50
2013.03.29 06:26:46.870,0.83636,0.8366,1.88,2.25
2013.03.29 06:26:46.940,0.83636,0.83663,1.88,1.88
2013.03.29 06:26:47.069,0.83636,0.83658,1.88,1.50
2013.03.29 06:26:47.619,0.83636,0.83658,1.88,1.50
2013.03.29 06:26:48.121,0.83635,0.83658,1.13,1.50
2013.03.29 06:26:49.078,0.83635,0.83658,1.13,1.50
2013.03.29 06:26:56.242,0.83638,0.83657,1.13,1.50
2013.03.29 06:27:00.542,0.83635,0.83657,1.13,1.50
2013.03.29 06:27:00.819,0.83637,0.83657,1.13,1.50
2013.03.29 06:27:04.312,0.83635,0.83657,1.88,2.25
2013.03.29 06:27:05.142,0.83635,0.83657,1.13,1.50
2013.03.29 06:27:07.090,0.83635,0.83657,1.13,1.50
2013.03.29 06:27:07.850,0.83637,0.83657,1.13,1.50
2013.03.29 06:27:08.341,0.83637,0.83657,1.13,1.50
2013.03.29 06:27:18.902,0.83637,0.8366,1.13,1.50
2013.03.29 06:27:18.971,0.83638,0.83662,1.50,1.88
2013.03.29 06:27:19.161,0.83639,0.83662,1.50,1.50
2013.03.29 06:27:20.251,0.83642,0.83663,1.13,1.50
2013.03.29 06:27:21.961,0.83643,0.83663,1.13,1.50
2013.03.29 06:27:23.931,0.83644,0.83666,1.13,1.50
2013.03.29 06:27:24.000,0.83644,0.83665,1.13,1.50
2013.03.29 06:27:24.321,0.83639,0.83658,1.13,1.50
2013.03.29 06:27:24.640,0.83651,0.83667,1.13,1.50
2013.03.29 06:27:24.971,0.83655,0.8367,1.13,3.00
2013.03.29 06:27:25.040,0.83655,0.83673,1.13,2.25
2013.03.29 06:27:25.111,0.83655,0.83675,1.13,1.50
2013.03.29 06:27:25.311,0.83654,0.83676,1.13,1.50
2013.03.29 06:27:25.501,0.83647,0.83675,1.13,2.25
2013.03.29 06:27:25.571,0.83647,0.83675,1.13,2.25
2013.03.29 06:27:25.880,0.83645,0.83674,1.88,1.88
2013.03.29 06:27:26.562,0.83645,0.83663,1.88,1.50
2013.03.29 06:27:27.456,0.83647,0.83663,1.50,1.50
2013.03.29 06:27:28.593,0.83647,0.83662,1.50,1.50
2013.03.29 06:27:28.959,0.83643,0.83662,1.13,1.50
2013.03.29 06:27:29.021,0.83641,0.83662,1.88,1.50
2013.03.29 06:27:29.090,0.83641,0.83657,1.88,1.50
2013.03.29 06:27:29.400,0.83643,0.83657,1.50,1.50
2013.03.29 06:27:29.590,0.83652,0.83669,1.50,1.13
2013.03.29 06:27:29.661,0.83654,0.83676,1.13,1.88
2013.03.29 06:27:30.250,0.83654,0.83676,1.13,1.88
2013.03.29 06:27:31.580,0.83656,0.83676,1.13,2.25
2013.03.29 06:27:31.900,0.83656,0.83672,1.13,1.50
2013.03.29 06:27:33.552,0.83655,0.83672,1.13,1.50
2013.03.29 06:27:34.301,0.83654,0.83676,1.13,1.50
2013.03.29 06:27:34.371,0.83656,0.83676,1.50,1.50
2013.03.29 06:27:34.501,0.83657,0.83679,1.88,2.63
2013.03.29 06:27:34.900,0.83661,0.8368,1.13,1.50
2013.03.29 06:27:35.031,0.83656,0.8368,1.13,1.50
2013.03.29 06:27:35.412,0.83657,0.83677,1.13,2.25
2013.03.29 06:27:36.873,0.83657,0.83677,1.13,2.25
2013.03.29 06:27:37.440,0.83657,0.83677,1.13,1.50
2013.03.29 06:27:37.511,0.83658,0.8368,1.32,1.13
2013.03.29 06:27:37.710,0.83663,0.83682,1.13,1.50
2013.03.29 06:27:37.840,0.83665,0.83685,1.50,1.13
2013.03.29 06:27:38.032,0.83668,0.83689,1.13,1.50
2013.03.29 06:27:38.411,0.83667,0.83689,1.13,1.50
2013.03.29 06:27:38.740,0.83665,0.83687,1.13,1.50
2013.03.29 06:27:39.759,0.83665,0.83687,1.13,1.50
2013.03.29 06:27:40.500,0.83667,0.83689,1.13,1.88
2013.03.29 06:27:40.575,0.8367,0.83689,1.13,1.50
2013.03.29 06:27:40.700,0.8367,0.83692,1.13,1.13
2013.03.29 06:27:41.460,0.8367,0.83692,1.13,1.13
2013.03.29 06:27:41.892,0.83673,0.83693,1.13,1.88
2013.03.29 06:27:41.960,0.83673,0.83693,1.13,1.88
2013.03.29 06:27:42.810,0.83673,0.83693,1.13,1.88
2013.03.29 06:27:43.450,0.83671,0.83693,1.13,1.50
2013.03.29 06:27:43.931,0.83671,0.83693,1.13,1.50
2013.03.29 06:27:45.201,0.83669,0.83691,1.88,1.50
2013.03.29 06:27:46.004,0.8367,0.83692,1.13,1.13
2013.03.29 06:27:46.461,0.8367,0.83691,1.13,1.50
2013.03.29 06:27:46.932,0.83668,0.83687,1.13,1.50
2013.03.29 06:27:47.239,0.83665,0.83687,1.13,1.50
2013.03.29 06:27:47.421,0.83661,0.83688,1.88,1.13
2013.03.29 06:27:47.922,0.83661,0.83688,1.13,1.13
2013.03.29 06:27:48.670,0.83657,0.83684,1.13,2.25
2013.03.29 06:27:48.979,0.83652,0.83684,1.50,1.88
2013.03.29 06:27:49.281,0.83663,0.83686,1.69,3.00
2013.03.29 06:27:50.034,0.83671,0.8369,1.13,1.50
2013.03.29 06:27:51.611,0.8367,0.8369,1.13,1.50
2013.03.29 06:27:51.940,0.8367,0.8369,1.13,1.50
2013.03.29 06:27:52.573,0.8367,0.8369,1.13,1.50
2013.03.29 06:27:52.770,0.8367,0.8369,1.13,1.50
2013.03.29 06:27:52.962,0.8367,0.8369,1.13,1.50
2013.03.29 06:27:54.500,0.83671,0.8369,1.13,1.50
2013.03.29 06:27:54.559,0.83669,0.8369,1.13,1.50
2013.03.29 06:27:54.620,0.83667,0.83689,1.88,1.50
2013.03.29 06:27:54.930,0.83663,0.83677,1.50,1.50
2013.03.29 06:27:55.000,0.83654,0.83677,1.50,1.50
2013.03.29 06:27:55.132,0.83654,0.83682,1.50,1.13
2013.03.29 06:27:55.262,0.83654,0.83682,1.50,1.13
2013.03.29 06:28:00.341,0.83657,0.83685,1.13,1.13
2013.03.29 06:28:04.121,0.83656,0.83685,1.13,1.13
2013.03.29 06:28:04.191,0.83656,0.83684,1.13,1.50
2013.03.29 06:28:04.500,0.83651,0.83682,1.50,2.18
2013.03.29 06:28:04.690,0.83646,0.83678,1.50,1.50
2013.03.29 06:28:04.765,0.83645,0.83677,1.50,2.55
2013.03.29 06:28:06.449,0.83644,0.83676,1.50,3.23
2013.03.29 06:28:06.810,0.83643,0.83674,1.13,2.55
2013.03.29 06:28:07.782,0.83642,0.83674,1.88,2.55
2013.03.29 06:28:08.093,0.83643,0.83674,1.13,2.55
2013.03.29 06:28:08.911,0.83642,0.83674,1.88,2.55
2013.03.29 06:28:10.827,0.83643,0.83674,1.13,2.55
2013.03.29 06:28:13.195,0.83645,0.83676,1.88,1.13
2013.03.29 06:28:16.859,0.83645,0.83674,1.13,1.95
2013.03.29 06:28:16.919,0.83645,0.83675,1.88,1.88
2013.03.29 06:28:27.771,0.83645,0.83676,1.50,1.50
2013.03.29 06:28:29.178,0.83644,0.83676,1.88,1.50
2013.03.29 06:28:29.441,0.8365,0.83676,1.88,1.50
2013.03.29 06:28:29.772,0.83654,0.8368,1.50,1.13
2013.03.29 06:28:30.081,0.83657,0.83683,1.13,2.63
2013.03.29 06:28:32.332,0.83656,0.83683,1.13,1.88
2013.03.29 06:28:32.473,0.83654,0.83679,1.50,1.50
2013.03.29 06:28:32.540,0.83651,0.83679,3.00,1.50
2013.03.29 06:28:32.670,0.83648,0.83678,3.00,2.40
2013.03.29 06:28:32.800,0.83642,0.83676,3.38,1.50
2013.03.29 06:28:33.385,0.83644,0.83676,1.13,1.50
2013.03.29 06:28:33.720,0.83644,0.83676,1.13,2.85
2013.03.29 06:28:34.606,0.83645,0.83676,1.50,1.50
2013.03.29 06:28:36.421,0.83643,0.83674,1.50,1.58
2013.03.29 06:28:36.551,0.83643,0.83675,1.50,1.50
2013.03.29 06:28:37.051,0.83643,0.83674,1.50,1.73
2013.03.29 06:28:37.240,0.83644,0.83675,1.50,1.88
2013.03.29 06:28:39.222,0.83643,0.83674,1.88,2.33
2013.03.29 06:28:46.310,0.83646,0.83675,1.50,1.50
2013.03.29 06:28:46.370,0.83644,0.83675,1.50,1.50
2013.03.29 06:28:50.441,0.83642,0.83673,1.13,2.33
2013.03.29 06:28:50.510,0.83646,0.83675,1.50,1.50
2013.03.29 06:28:50.700,0.83645,0.83673,1.13,1.13
2013.03.29 06:28:51.861,0.83645,0.83672,1.13,1.65
2013.03.29 06:28:51.993,0.83646,0.83675,1.50,1.50
2013.03.29 06:28:56.610,0.83646,0.83676,1.88,1.13
2013.03.29 06:29:00.741,0.83646,0.83674,1.13,2.48
2013.03.29 06:29:00.817,0.83646,0.83674,1.50,1.50
2013.03.29 06:29:13.030,0.83646,0.83676,1.13,1.88
2013.03.29 06:29:14.620,0.83651,0.83675,1.13,1.50
2013.03.29 06:29:14.690,0.83651,0.83675,1.88,1.50
2013.03.29 06:29:14.874,0.83656,0.8368,1.13,1.50
2013.03.29 06:29:15.392,0.83658,0.83681,1.50,1.13
2013.03.29 06:29:16.903,0.83656,0.83681,2.63,1.13
2013.03.29 06:29:17.960,0.83657,0.83685,1.13,1.13
2013.03.29 06:29:18.272,0.83663,0.83683,1.13,1.13
2013.03.29 06:29:18.589,0.83667,0.83689,1.88,1.13
2013.03.29 06:29:19.379,0.83669,0.83692,1.13,1.13
2013.03.29 06:29:19.439,0.83669,0.83692,1.13,1.13
2013.03.29 06:29:19.832,0.83669,0.83695,1.13,1.50
2013.03.29 06:29:20.710,0.83669,0.83695,1.13,1.50
2013.03.29 06:29:21.041,0.83669,0.83695,1.13,1.50
2013.03.29 06:29:21.859,0.83672,0.83696,1.13,2.25
2013.03.29 06:29:22.030,0.83672,0.83696,1.13,2.25
2013.03.29 06:29:25.383,0.83671,0.8369,1.13,1.50
2013.03.29 06:29:25.510,0.83671,0.8369,1.13,1.50
2013.03.29 06:29:25.819,0.83659,0.83684,1.13,1.88
2013.03.29 06:29:26.559,0.8365,0.8368,1.50,1.13
2013.03.29 06:29:26.630,0.8365,0.8368,1.50,1.13
2013.03.29 06:29:26.759,0.83647,0.83678,2.25,3.30
2013.03.29 06:29:26.880,0.83644,0.83676,1.13,1.80
2013.03.29 06:29:27.754,0.8365,0.83675,1.50,1.50
2013.03.29 06:29:27.881,0.83653,0.83676,1.50,1.50
2013.03.29 06:29:28.200,0.83657,0.83683,1.88,1.13
2013.03.29 06:29:30.179,0.83657,0.83683,1.88,1.13
2013.03.29 06:29:30.801,0.83657,0.83683,1.88,1.13
2013.03.29 06:29:33.845,0.83658,0.83686,1.13,1.13
2013.03.29 06:29:41.929,0.83658,0.83686,1.88,1.13
2013.03.29 06:29:43.439,0.83657,0.8368,1.50,1.13
2013.03.29 06:29:43.785,0.83656,0.8368,1.13,1.13
2013.03.29 06:29:45.900,0.83655,0.8368,1.50,1.13
2013.03.29 06:29:46.385,0.83657,0.83682,1.88,1.13
2013.03.29 06:29:49.280,0.83659,0.83685,1.13,1.13
2013.03.29 06:29:53.670,0.83662,0.83691,1.13,4.13
2013.03.29 06:29:53.739,0.83662,0.83691,1.13,1.50
2013.03.29 06:29:53.811,0.83666,0.83692,1.50,1.50
2013.03.29 06:29:53.881,0.83672,0.83695,2.25,1.50
2013.03.29 06:29:54.192,0.83675,0.83697,1.50,1.50
2013.03.29 06:29:54.699,0.83676,0.83697,1.50,1.50
2013.03.29 06:29:54.760,0.83676,0.8371,1.88,1.88
2013.03.29 06:29:54.829,0.83676,0.8371,1.88,1.88
2013.03.29 06:29:54.949,0.83676,0.8371,1.88,1.88
2013.03.29 06:29:55.469,0.83678,0.8371,1.50,1.50
2013.03.29 06:29:55.830,0.83677,0.83709,1.88,2.18
2013.03.29 06:29:56.329,0.83677,0.8371,1.13,1.50
2013.03.29 06:29:56.839,0.83677,0.83711,1.88,1.50
2013.03.29 06:30:00.143,0.83678,0.8371,1.50,1.50
2013.03.29 06:30:00.452,0.83677,0.83709,1.88,1.50
2013.03.29 06:30:00.772,0.83677,0.83707,1.13,2.10
2013.03.29 06:30:00.962,0.83677,0.83709,1.88,2.03
2013.03.29 06:30:01.279,0.83678,0.83709,1.50,1.13
2013.03.29 06:30:01.581,0.83678,0.83709,1.50,1.13
2013.03.29 06:30:01.651,0.83678,0.83709,1.50,1.13
2013.03.29 06:30:01.724,0.83678,0.83711,1.50,1.88
2013.03.29 06:30:01.970,0.83678,0.83712,1.50,1.50
2013.03.29 06:30:02.269,0.83674,0.8371,1.50,1.50
2013.03.29 06:30:02.388,0.83673,0.83708,2.25,1.50
2013.03.29 06:30:02.448,0.83673,0.83708,2.25,1.50
2013.03.29 06:30:02.879,0.8367,0.83706,1.50,1.50
2013.03.29 06:30:03.058,0.83671,0.83706,1.50,1.50
2013.03.29 06:30:03.420,0.83669,0.83705,1.50,1.50
2013.03.29 06:30:03.730,0.83668,0.83702,1.50,2.18
2013.03.29 06:30:04.029,0.83668,0.83704,1.50,2.25
2013.03.29 06:30:04.330,0.83671,0.83705,1.50,1.13
2013.03.29 06:30:04.650,0.8367,0.83705,1.50,1.88
2013.03.29 06:30:05.009,0.8367,0.83704,1.50,1.50
2013.03.29 06:30:05.310,0.8367,0.83704,1.50,1.50
2013.03.29 06:30:05.440,0.8367,0.83705,1.50,1.50
2013.03.29 06:30:06.122,0.8367,0.83701,1.13,2.40
2013.03.29 06:30:06.430,0.8367,0.83696,1.13,1.65
2013.03.29 06:30:06.910,0.8367,0.83694,1.13,2.10
2013.03.29 06:30:07.089,0.83668,0.83693,1.13,2.10
2013.03.29 06:30:07.609,0.83667,0.8369,1.13,2.18
2013.03.29 06:30:07.729,0.83667,0.83692,1.13,2.93
2013.03.29 06:30:08.247,0.83667,0.83691,1.13,2.33
2013.03.29 06:30:08.789,0.83665,0.8369,1.13,1.73
2013.03.29 06:30:09.404,0.83664,0.83689,1.88,1.50
2013.03.29 06:30:21.949,0.83665,0.83685,1.88,2.25
2013.03.29 06:30:22.009,0.83663,0.83687,1.50,1.73
2013.03.29 06:30:22.130,0.8366,0.83687,2.25,2.48
2013.03.29 06:30:22.190,0.83655,0.83687,1.50,1.50
2013.03.29 06:30:24.037,0.83655,0.83689,1.50,1.50
2013.03.29 06:30:24.159,0.83665,0.83696,1.50,1.50
2013.03.29 06:30:25.009,0.83665,0.83698,1.50,1.50
2013.03.29 06:30:25.369,0.83664,0.83698,1.50,1.50
2013.03.29 06:30:25.728,0.83664,0.83696,1.50,1.95
2013.03.29 06:30:26.268,0.83666,0.83695,1.50,2.85
2013.03.29 06:30:26.328,0.83666,0.83699,1.50,1.73
2013.03.29 06:30:26.390,0.83665,0.83693,1.50,2.70
2013.03.29 06:30:27.003,0.83662,0.83693,3.00,2.70
2013.03.29 06:30:27.591,0.83662,0.8369,3.00,2.63
2013.03.29 06:30:27.658,0.83662,0.83684,1.50,1.50
2013.03.29 06:30:27.778,0.8366,0.83684,1.88,1.50
2013.03.29 06:30:27.838,0.83656,0.83684,1.50,1.50
2013.03.29 06:30:27.959,0.83654,0.83684,1.50,1.50
2013.03.29 06:30:28.559,0.83654,0.83684,2.25,1.50
2013.03.29 06:30:28.799,0.83654,0.83684,1.50,1.50
2013.03.29 06:30:28.859,0.83654,0.83684,1.50,1.50
2013.03.29 06:30:29.099,0.83662,0.8369,2.25,1.50
2013.03.29 06:30:29.158,0.83663,0.83697,1.50,1.50
2013.03.29 06:30:29.219,0.83665,0.83699,1.50,1.50
2013.03.29 06:30:29.578,0.83664,0.83698,1.50,1.95
2013.03.29 06:30:29.939,0.83666,0.83697,1.50,1.13
2013.03.29 06:30:31.458,0.83666,0.83697,1.50,2.85
2013.03.29 06:30:31.770,0.83666,0.8368,1.50,1.50
2013.03.29 06:30:32.084,0.83649,0.83676,1.50,1.50
2013.03.29 06:30:32.641,0.83649,0.83676,1.13,1.50
2013.03.29 06:30:32.709,0.83649,0.83684,1.88,1.69
2013.03.29 06:30:32.832,0.8366,0.8369,1.50,1.20
2013.03.29 06:30:33.258,0.83659,0.83697,1.50,1.50
2013.03.29 06:30:33.320,0.83663,0.83701,3.00,3.00
2013.03.29 06:30:33.808,0.83664,0.83697,1.50,2.40
2013.03.29 06:30:34.348,0.83666,0.83695,2.25,2.70
2013.03.29 06:30:34.529,0.83667,0.83697,1.50,1.73
2013.03.29 06:30:35.388,0.83665,0.83698,3.38,1.73
2013.03.29 06:30:36.099,0.83667,0.83703,1.50,3.00
2013.03.29 06:30:36.159,0.83667,0.83703,1.50,1.50
2013.03.29 06:30:36.700,0.83667,0.83702,1.50,1.50
2013.03.29 06:30:36.759,0.83667,0.83702,1.50,1.50
2013.03.29 06:30:36.938,0.83666,0.83701,1.50,1.50
2013.03.29 06:30:36.999,0.83666,0.83701,1.50,1.50
2013.03.29 06:30:37.308,0.83667,0.83701,1.50,1.50
2013.03.29 06:30:37.488,0.83665,0.83701,1.50,1.50
2013.03.29 06:30:37.608,0.83668,0.837,1.50,1.50
2013.03.29 06:30:37.909,0.83665,0.837,3.00,1.50
2013.03.29 06:30:38.212,0.83667,0.83698,1.50,2.70
2013.03.29 06:30:38.278,0.83666,0.83701,1.50,2.33
2013.03.29 06:30:38.459,0.83666,0.83697,1.50,2.48
2013.03.29 06:30:38.518,0.83666,0.83698,1.50,1.50
2013.03.29 06:30:38.948,0.83665,0.83694,1.88,2.48
2013.03.29 06:30:39.488,0.83664,0.83693,3.00,1.58
2013.03.29 06:30:39.678,0.83662,0.83693,1.88,1.58
2013.03.29 06:30:40.182,0.83662,0.83692,1.88,2.40
2013.03.29 06:30:40.922,0.83662,0.83689,1.88,2.10
2013.03.29 06:30:42.219,0.83662,0.83688,1.88,2.25
2013.03.29 06:30:46.649,0.83662,0.83678,1.88,1.50
2013.03.29 06:30:46.900,0.8365,0.83671,3.00,1.69
2013.03.29 06:30:46.971,0.83644,0.83671,3.00,1.69
2013.03.29 06:30:47.041,0.83644,0.83671,2.63,1.50
2013.03.29 06:30:47.110,0.83646,0.83671,1.50,1.50
2013.03.29 06:30:47.360,0.83649,0.83671,1.50,1.50
2013.03.29 06:30:47.430,0.83652,0.83681,1.13,2.25
2013.03.29 06:30:47.549,0.83656,0.83681,1.88,2.25
2013.03.29 06:30:47.612,0.83659,0.83683,2.25,1.50
2013.03.29 06:30:47.679,0.83661,0.83695,1.88,2.44
2013.03.29 06:30:47.740,0.83666,0.837,1.13,1.50
2013.03.29 06:30:47.919,0.83666,0.83702,2.63,1.50
2013.03.29 06:30:48.280,0.83666,0.83699,1.88,1.50
2013.03.29 06:30:48.598,0.83672,0.83706,1.50,1.50
2013.03.29 06:30:49.028,0.83672,0.83705,1.50,1.50
2013.03.29 06:30:49.538,0.83672,0.83703,1.50,2.40
2013.03.29 06:30:50.277,0.83672,0.83702,1.88,2.25
2013.03.29 06:30:51.569,0.83671,0.83702,1.13,2.25
2013.03.29 06:30:52.240,0.83671,0.83702,1.13,2.55
2013.03.29 06:30:52.888,0.83673,0.83701,1.13,2.25
2013.03.29 06:30:54.068,0.83672,0.83702,1.13,1.88
2013.03.29 06:30:54.975,0.83672,0.83702,1.88,3.60
2013.03.29 06:30:55.219,0.83671,0.83702,1.13,2.85
2013.03.29 06:30:55.579,0.83673,0.83702,1.88,2.85
2013.03.29 06:30:57.321,0.83671,0.83702,1.88,2.85
2013.03.29 06:30:59.375,0.83671,0.83702,1.13,2.85
2013.03.29 06:30:59.679,0.83673,0.83707,1.13,2.33
2013.03.29 06:31:00.345,0.83672,0.83703,1.13,1.13
2013.03.29 06:31:00.689,0.83672,0.83701,1.13,2.48
2013.03.29 06:31:05.899,0.83672,0.83705,1.13,1.13
2013.03.29 06:31:06.149,0.83672,0.83707,3.38,1.13
2013.03.29 06:31:06.540,0.83672,0.83701,1.13,2.93
2013.03.29 06:31:13.981,0.83673,0.83705,1.13,1.50
2013.03.29 06:31:14.110,0.83673,0.83705,1.88,1.50
2013.03.29 06:31:14.419,0.83673,0.83706,1.88,2.25
2013.03.29 06:31:14.779,0.83673,0.83704,1.88,1.73
2013.03.29 06:31:15.469,0.83673,0.83707,1.88,1.13
2013.03.29 06:31:15.610,0.83673,0.83702,1.13,2.85
2013.03.29 06:31:15.669,0.83673,0.83702,1.13,2.85
2013.03.29 06:31:16.221,0.83671,0.83701,1.13,2.85
2013.03.29 06:31:17.739,0.83672,0.83701,1.88,2.85
2013.03.29 06:31:18.251,0.83671,0.83701,1.13,2.85
2013.03.29 06:31:19.429,0.83672,0.83701,1.88,2.85
2013.03.29 06:31:19.970,0.83672,0.83702,1.88,1.88
2013.03.29 06:31:20.681,0.83672,0.83701,1.88,2.63
2013.03.29 06:31:20.999,0.83672,0.83699,1.13,2.25
2013.03.29 06:31:22.309,0.83672,0.83699,1.88,2.25
2013.03.29 06:31:24.429,0.8367,0.83699,1.88,2.25
2013.03.29 06:31:25.890,0.83672,0.83701,1.13,1.58
2013.03.29 06:31:26.829,0.83671,0.83703,1.88,1.50
2013.03.29 06:31:27.012,0.83672,0.837,1.13,2.93
2013.03.29 06:31:27.788,0.83672,0.83703,1.13,1.13
2013.03.29 06:31:27.969,0.83672,0.83704,1.13,1.13
2013.03.29 06:31:28.049,0.83672,0.83702,1.13,2.40
2013.03.29 06:31:29.529,0.83671,0.83702,1.13,2.03
2013.03.29 06:31:30.103,0.83671,0.83701,1.88,1.73
2013.03.29 06:31:33.361,0.83674,0.83705,1.13,1.88
2013.03.29 06:31:33.490,0.83674,0.83703,1.13,2.63
2013.03.29 06:31:33.869,0.83676,0.83703,1.13,1.88
2013.03.29 06:31:34.592,0.83674,0.83703,1.13,2.40
2013.03.29 06:31:34.840,0.83673,0.83703,1.13,2.40
2013.03.29 06:31:37.979,0.83677,0.83703,1.13,2.40
2013.03.29 06:31:38.040,0.83677,0.83705,1.13,3.08
2013.03.29 06:31:38.220,0.83677,0.83702,1.13,1.80
2013.03.29 06:31:38.279,0.83674,0.83702,1.13,1.80
2013.03.29 06:31:39.810,0.83673,0.83702,1.88,1.80
2013.03.29 06:31:39.871,0.83673,0.83705,1.88,1.88
2013.03.29 06:31:40.422,0.83673,0.83705,1.88,3.38
2013.03.29 06:31:40.489,0.83673,0.83705,1.88,1.88
2013.03.29 06:31:40.730,0.83674,0.83701,1.13,1.73
2013.03.29 06:31:41.289,0.83674,0.83702,1.13,1.58
2013.03.29 06:31:41.990,0.83673,0.83702,1.50,1.58
2013.03.29 06:31:42.050,0.83672,0.83706,1.50,1.88
2013.03.29 06:31:42.182,0.83672,0.83707,1.50,3.00
2013.03.29 06:31:42.896,0.83668,0.83702,1.50,1.50
2013.03.29 06:31:42.959,0.83668,0.83703,1.50,2.40
2013.03.29 06:31:43.027,0.83669,0.83703,1.50,1.50
2013.03.29 06:31:43.093,0.83668,0.83703,1.88,1.50
2013.03.29 06:31:43.279,0.83668,0.83703,1.50,2.70
2013.03.29 06:31:43.459,0.83667,0.83703,2.25,1.50
2013.03.29 06:31:43.639,0.83667,0.83702,1.50,2.18
2013.03.29 06:31:44.171,0.83667,0.83703,1.50,2.63
2013.03.29 06:31:44.759,0.83667,0.83702,2.25,3.00
2013.03.29 06:31:45.318,0.83669,0.83703,1.50,3.45
2013.03.29 06:31:49.522,0.83669,0.83703,1.13,1.50
2013.03.29 06:31:49.650,0.83672,0.83702,1.13,1.50
2013.03.29 06:31:49.960,0.83672,0.83699,1.13,2.70
2013.03.29 06:31:50.271,0.83672,0.83701,1.13,2.25
2013.03.29 06:31:50.468,0.83672,0.83696,1.13,2.85
2013.03.29 06:31:50.829,0.83668,0.83693,1.13,2.63
2013.03.29 06:31:51.403,0.83665,0.83693,1.13,3.23
2013.03.29 06:31:51.512,0.83665,0.83691,1.13,1.65
2013.03.29 06:31:52.453,0.83665,0.83695,1.13,1.13
2013.03.29 06:31:52.639,0.83665,0.83691,1.13,2.25
2013.03.29 06:31:53.191,0.83665,0.8369,1.13,2.63
2013.03.29 06:31:54.222,0.83665,0.83689,1.13,1.58
2013.03.29 06:31:55.195,0.83664,0.83688,1.13,1.65
2013.03.29 06:31:57.370,0.83665,0.83691,1.13,2.55
2013.03.29 06:31:57.898,0.83665,0.83692,1.88,2.48
2013.03.29 06:31:57.971,0.83665,0.8369,1.88,2.18
2013.03.29 06:31:58.511,0.83665,0.8369,1.13,2.18
2013.03.29 06:31:59.198,0.83666,0.8369,1.13,2.18
2013.03.29 06:31:59.499,0.83664,0.83688,1.13,2.40
2013.03.29 06:31:59.572,0.83661,0.83693,1.50,2.55
2013.03.29 06:31:59.879,0.8366,0.83693,1.50,3.68
2013.03.29 06:31:59.939,0.83658,0.83689,1.50,3.30
2013.03.29 06:32:00.277,0.83657,0.83685,3.00,2.40
2013.03.29 06:32:00.412,0.83653,0.83683,1.50,2.40
2013.03.29 06:32:00.659,0.83652,0.83685,1.13,1.50
2013.03.29 06:32:00.719,0.83652,0.83687,1.13,1.50
2013.03.29 06:32:00.840,0.83656,0.83688,2.25,2.25
2013.03.29 06:32:01.149,0.83662,0.83698,1.50,1.50
2013.03.29 06:32:01.209,0.83663,0.83698,1.50,1.50
2013.03.29 06:32:01.275,0.83663,0.83698,3.00,1.50
2013.03.29 06:32:01.578,0.83665,0.83702,3.00,1.50
2013.03.29 06:32:01.879,0.83665,0.83703,1.50,1.50
2013.03.29 06:32:01.939,0.83665,0.83701,1.50,1.50
2013.03.29 06:32:02.299,0.83666,0.837,1.88,1.88
2013.03.29 06:32:02.599,0.83665,0.83698,1.13,1.13
2013.03.29 06:32:02.961,0.83664,0.83697,1.88,2.25
2013.03.29 06:32:03.268,0.83666,0.83697,1.13,2.25
2013.03.29 06:32:03.820,0.83666,0.83696,1.13,2.85
2013.03.29 06:32:03.940,0.83667,0.83698,1.13,2.18
2013.03.29 06:32:04.058,0.83667,0.83696,1.13,2.55
2013.03.29 06:32:04.661,0.83667,0.83696,1.13,2.55
2013.03.29 06:32:05.269,0.83667,0.83699,1.13,1.13
2013.03.29 06:32:05.333,0.83667,0.83695,1.13,2.48
2013.03.29 06:32:05.868,0.83666,0.83694,1.13,2.40
2013.03.29 06:32:08.870,0.83666,0.83695,1.13,1.13
2013.03.29 06:32:09.001,0.83666,0.83698,1.88,1.50
2013.03.29 06:32:09.070,0.8367,0.83704,1.88,1.50
2013.03.29 06:32:09.434,0.8367,0.83703,1.13,1.50
2013.03.29 06:32:09.899,0.8367,0.83703,1.13,1.50
2013.03.29 06:32:10.669,0.8367,0.83703,1.13,1.50
2013.03.29 06:32:10.969,0.83672,0.83702,1.13,1.50
2013.03.29 06:32:11.330,0.83672,0.83704,1.13,1.50
2013.03.29 06:32:11.700,0.83672,0.83703,1.13,3.53
2013.03.29 06:32:15.199,0.83672,0.83701,1.13,1.58
2013.03.29 06:32:15.264,0.8367,0.83701,1.13,1.58
2013.03.29 06:32:15.809,0.8367,0.837,1.13,1.88
2013.03.29 06:32:16.319,0.8367,0.83703,1.13,3.00
2013.03.29 06:32:16.579,0.8367,0.83703,1.13,1.50
2013.03.29 06:32:16.734,0.8367,0.83703,1.13,1.50
2013.03.29 06:32:16.918,0.8367,0.83703,1.13,1.50
2013.03.29 06:32:17.491,0.8367,0.83703,1.13,1.50
2013.03.29 06:32:18.749,0.8367,0.83703,1.13,1.50
2013.03.29 06:32:21.630,0.83669,0.83703,1.13,1.50
2013.03.29 06:32:25.589,0.83669,0.83703,1.13,1.88
2013.03.29 06:32:25.769,0.83669,0.83703,1.13,1.88
2013.03.29 06:32:26.083,0.83669,0.83702,1.13,2.93
2013.03.29 06:32:26.789,0.83669,0.83702,1.13,2.93
2013.03.29 06:32:27.345,0.83671,0.83702,1.13,3.68
2013.03.29 06:32:27.648,0.83671,0.83699,1.13,2.25
2013.03.29 06:32:30.703,0.83671,0.83696,1.13,1.58
2013.03.29 06:32:30.770,0.8367,0.83696,1.13,1.58
2013.03.29 06:32:31.199,0.8367,0.83693,1.13,1.88
2013.03.29 06:32:32.688,0.83666,0.83693,1.13,1.88
2013.03.29 06:32:40.799,0.83666,0.83696,1.13,1.13
2013.03.29 06:32:41.049,0.83666,0.83696,1.88,2.70
2013.03.29 06:32:41.359,0.83668,0.83692,1.13,2.70
2013.03.29 06:32:41.660,0.83667,0.83696,1.13,1.13
2013.03.29 06:32:41.730,0.83665,0.83691,1.13,2.18
2013.03.29 06:32:42.039,0.83666,0.83689,1.13,2.40
2013.03.29 06:32:42.913,0.83666,0.8369,1.13,2.70
2013.03.29 06:32:43.460,0.83666,0.83689,1.13,2.93
2013.03.29 06:32:43.829,0.83666,0.83691,1.88,1.73
2013.03.29 06:32:44.409,0.83665,0.83691,1.13,2.55
2013.03.29 06:32:44.650,0.83664,0.8368,1.13,1.50
2013.03.29 06:32:44.831,0.83657,0.83679,3.00,1.50
2013.03.29 06:32:44.900,0.83655,0.83679,1.50,1.50
2013.03.29 06:32:45.605,0.83655,0.83679,1.50,1.50
2013.03.29 06:32:45.911,0.83654,0.83679,1.13,1.50
2013.03.29 06:32:46.519,0.83654,0.83679,1.88,1.50
2013.03.29 06:32:47.054,0.83654,0.83679,1.13,1.50
2013.03.29 06:32:50.740,0.83654,0.83679,1.13,1.50
2013.03.29 06:32:50.921,0.83653,0.83679,1.88,1.50
2013.03.29 06:32:51.250,0.83653,0.83679,1.13,1.50
2013.03.29 06:32:51.569,0.83653,0.83678,1.13,2.55
2013.03.29 06:32:53.789,0.83653,0.83679,1.13,1.50
2013.03.29 06:32:53.849,0.83652,0.83679,1.13,1.50
2013.03.29 06:33:00.532,0.83652,0.83679,1.88,1.50
2013.03.29 06:33:00.601,0.83653,0.83679,1.13,1.50
2013.03.29 06:33:01.151,0.83654,0.83679,1.13,1.50
2013.03.29 06:33:02.349,0.83652,0.83684,2.63,1.50
2013.03.29 06:33:05.709,0.83652,0.83684,1.88,1.50
2013.03.29 06:33:09.867,0.83652,0.83684,1.50,1.50
2013.03.29 06:33:10.054,0.83649,0.83679,1.50,1.50
2013.03.29 06:33:10.371,0.83644,0.83676,1.50,1.50
2013.03.29 06:33:10.679,0.83648,0.83679,1.50,2.93
2013.03.29 06:33:10.980,0.83649,0.83679,1.50,1.50
2013.03.29 06:33:11.110,0.83649,0.83679,1.50,1.50
2013.03.29 06:33:11.711,0.83649,0.83679,3.75,1.50
2013.03.29 06:33:12.390,0.83649,0.83679,2.63,1.50
2013.03.29 06:33:17.150,0.83649,0.83679,1.13,1.50
2013.03.29 06:33:17.461,0.8365,0.83678,1.13,1.95
2013.03.29 06:33:20.750,0.83652,0.83679,1.13,1.50
2013.03.29 06:33:21.289,0.83651,0.83679,2.63,1.50
2013.03.29 06:33:27.547,0.83651,0.83679,1.88,1.50
2013.03.29 06:33:27.881,0.83649,0.83679,1.13,3.23
2013.03.29 06:33:29.430,0.83646,0.83674,1.50,1.50
2013.03.29 06:33:30.381,0.83648,0.83674,1.50,1.50
2013.03.29 06:33:32.370,0.83648,0.83674,1.50,1.50
2013.03.29 06:33:32.921,0.83648,0.83674,1.88,1.50
2013.03.29 06:33:33.281,0.8365,0.83674,1.50,1.50
2013.03.29 06:33:39.400,0.83649,0.83678,1.88,1.50
2013.03.29 06:33:39.470,0.83649,0.8368,1.88,1.50
2013.03.29 06:33:45.170,0.83649,0.8368,1.88,1.50
2013.03.29 06:33:47.341,0.83651,0.8368,1.13,1.50
2013.03.29 06:33:47.889,0.83651,0.8368,1.13,1.50
2013.03.29 06:33:53.980,0.83649,0.83674,1.13,2.70
2013.03.29 06:33:54.161,0.8365,0.8368,1.13,1.50
2013.03.29 06:34:03.040,0.8365,0.8368,1.13,1.50
2013.03.29 06:34:03.361,0.8365,0.8368,1.88,1.50
2013.03.29 06:34:06.119,0.8365,0.8368,1.88,1.50
2013.03.29 06:34:10.839,0.83651,0.8368,1.88,1.50
2013.03.29 06:34:11.019,0.83651,0.8368,1.13,1.50
2013.03.29 06:34:15.269,0.83651,0.83675,1.13,1.50
2013.03.29 06:34:15.799,0.83651,0.8368,1.50,1.50
2013.03.29 06:34:17.318,0.83651,0.8368,1.13,1.50
2013.03.29 06:34:18.903,0.83651,0.83675,1.13,1.50
2013.03.29 06:34:19.874,0.83651,0.83675,1.13,1.50
2013.03.29 06:34:24.602,0.83651,0.83676,1.13,1.50
2013.03.29 06:34:24.730,0.83652,0.83674,1.13,1.50
2013.03.29 06:34:39.562,0.83651,0.8368,1.13,1.50
2013.03.29 06:34:52.609,0.8365,0.83675,1.88,1.50
2013.03.29 06:34:52.669,0.8365,0.83675,1.88,1.50
2013.03.29 06:34:52.729,0.8365,0.83675,1.13,1.50
2013.03.29 06:35:08.929,0.83649,0.83675,1.13,1.50
2013.03.29 06:35:09.109,0.8365,0.83675,1.88,1.50
2013.03.29 06:35:10.990,0.83649,0.83675,1.13,1.50
2013.03.29 06:35:17.142,0.83649,0.83675,1.13,1.50
2013.03.29 06:35:17.329,0.8365,0.83675,1.13,1.50
2013.03.29 06:35:24.689,0.8365,0.83675,1.13,1.50
2013.03.29 06:35:25.049,0.83649,0.83675,1.50,1.50
2013.03.29 06:35:25.350,0.83651,0.83675,1.13,1.50
2013.03.29 06:35:35.662,0.83649,0.83675,1.88,1.50
2013.03.29 06:35:37.286,0.83648,0.83675,1.13,1.50
2013.03.29 06:35:39.868,0.83649,0.83673,1.13,1.50
2013.03.29 06:35:43.900,0.83649,0.8367,1.13,1.50
2013.03.29 06:35:44.199,0.83646,0.8367,1.13,1.50
2013.03.29 06:35:44.760,0.83647,0.8367,1.13,1.50
2013.03.29 06:35:45.386,0.83648,0.8367,1.13,1.50
2013.03.29 06:35:45.955,0.83648,0.8367,1.13,1.50
2013.03.29 06:35:50.860,0.83648,0.83671,1.13,1.50
2013.03.29 06:35:51.039,0.83649,0.8367,1.13,1.50
2013.03.29 06:35:51.160,0.83649,0.83672,1.88,1.50
2013.03.29 06:35:57.265,0.8365,0.83672,1.88,1.50
2013.03.29 06:36:03.161,0.8365,0.8367,1.13,1.50
2013.03.29 06:36:03.299,0.83647,0.8367,1.13,1.50
2013.03.29 06:36:03.360,0.83647,0.83672,1.13,1.50
2013.03.29 06:36:04.400,0.83647,0.83671,1.13,1.50
2013.03.29 06:36:04.961,0.83647,0.83671,1.88,1.50
2013.03.29 06:36:10.796,0.83647,0.8367,1.13,1.50
2013.03.29 06:36:10.981,0.83644,0.8367,1.13,1.50
2013.03.29 06:36:11.289,0.83646,0.8367,1.13,1.50
2013.03.29 06:36:12.055,0.83646,0.8367,1.13,1.50
2013.03.29 06:36:13.900,0.83647,0.8367,1.13,1.50
2013.03.29 06:36:14.041,0.83645,0.8367,1.88,1.50
2013.03.29 06:36:17.031,0.83646,0.8367,1.13,1.50
2013.03.29 06:36:17.560,0.83646,0.8367,1.13,1.50
2013.03.29 06:36:19.604,0.83646,0.8367,1.88,1.50
2013.03.29 06:36:20.060,0.83646,0.8367,1.88,1.50
2013.03.29 06:36:20.849,0.83646,0.8367,1.88,1.50
2013.03.29 06:36:21.389,0.83646,0.8367,1.13,1.50
2013.03.29 06:36:25.950,0.83647,0.8367,1.13,1.50
2013.03.29 06:36:26.860,0.83646,0.8367,1.88,1.50
2013.03.29 06:36:27.697,0.83646,0.8367,1.13,1.50
2013.03.29 06:36:28.229,0.83646,0.8367,1.13,1.50
2013.03.29 06:36:30.392,0.83645,0.8367,1.88,1.50
2013.03.29 06:36:30.641,0.83647,0.83671,1.88,1.50
2013.03.29 06:36:31.080,0.83648,0.83671,1.13,1.50
2013.03.29 06:36:31.622,0.83648,0.83671,1.13,1.50
2013.03.29 06:36:34.032,0.83648,0.8367,1.13,1.50
2013.03.29 06:36:34.219,0.83648,0.83671,1.13,1.50
2013.03.29 06:36:34.400,0.83649,0.83671,1.88,1.50
2013.03.29 06:36:35.960,0.8365,0.83674,1.13,1.50
2013.03.29 06:36:37.500,0.8365,0.83674,1.13,1.50
2013.03.29 06:36:38.039,0.8365,0.83674,1.13,1.50
2013.03.29 06:36:40.882,0.8365,0.83675,1.13,1.50
2013.03.29 06:36:40.949,0.83647,0.83675,1.13,1.50
2013.03.29 06:36:41.009,0.83646,0.83675,1.13,1.50
2013.03.29 06:36:41.129,0.83645,0.83675,1.88,2.78
2013.03.29 06:36:41.685,0.83651,0.83678,1.50,1.88
2013.03.29 06:36:41.752,0.83652,0.83678,1.50,1.50
2013.03.29 06:36:42.060,0.83648,0.8368,1.50,2.25
2013.03.29 06:36:42.383,0.8365,0.8368,1.50,1.50
2013.03.29 06:36:44.061,0.83648,0.83679,1.50,1.13
2013.03.29 06:36:45.721,0.83648,0.8368,1.50,1.50
2013.03.29 06:36:46.324,0.83649,0.8368,1.50,1.50
2013.03.29 06:36:47.512,0.83649,0.83674,1.88,1.50
2013.03.29 06:36:49.512,0.83649,0.83679,1.88,1.50
2013.03.29 06:36:49.951,0.83651,0.83675,1.88,1.50
2013.03.29 06:36:50.822,0.83651,0.83675,1.13,1.50
2013.03.29 06:36:50.890,0.83648,0.83675,1.88,1.50
2013.03.29 06:36:50.950,0.8365,0.83675,1.50,1.50
2013.03.29 06:36:51.631,0.8365,0.83675,1.50,1.50
2013.03.29 06:36:52.150,0.83651,0.83676,1.50,1.50
2013.03.29 06:36:52.271,0.83651,0.83675,1.50,1.50
2013.03.29 06:36:55.883,0.8365,0.83675,1.88,1.50
2013.03.29 06:36:56.131,0.83651,0.83675,1.13,1.50
2013.03.29 06:36:58.160,0.8365,0.83675,1.88,1.50
2013.03.29 06:37:00.070,0.83648,0.83678,1.13,1.95
2013.03.29 06:37:00.911,0.83647,0.83678,1.13,1.95
2013.03.29 06:37:18.771,0.83648,0.83676,1.13,2.03
2013.03.29 06:37:19.011,0.8365,0.83679,1.50,1.13
2013.03.29 06:37:19.081,0.83658,0.83688,1.50,2.10
2013.03.29 06:37:19.575,0.83655,0.83679,1.50,1.50
2013.03.29 06:37:19.830,0.8365,0.83679,1.50,1.50
2013.03.29 06:37:20.350,0.83649,0.83679,1.50,1.50
2013.03.29 06:37:20.830,0.83649,0.83679,1.50,1.50
2013.03.29 06:37:21.369,0.83649,0.83679,1.50,1.50
2013.03.29 06:37:23.310,0.83649,0.83679,1.88,1.50
2013.03.29 06:37:26.340,0.83649,0.83678,1.13,2.33
2013.03.29 06:37:26.520,0.8365,0.83679,1.13,1.50
2013.03.29 06:37:38.020,0.83649,0.83679,1.13,1.88
2013.03.29 06:37:38.200,0.83649,0.83679,1.13,1.88
2013.03.29 06:37:43.919,0.83649,0.83679,1.13,1.50
2013.03.29 06:37:49.870,0.83647,0.83676,1.13,2.78
2013.03.29 06:37:50.846,0.83647,0.83676,1.88,1.58
2013.03.29 06:37:51.987,0.83646,0.83676,1.88,1.58
2013.03.29 06:37:54.796,0.83646,0.83678,2.63,2.70
2013.03.29 06:37:54.861,0.83646,0.83679,1.88,1.50
2013.03.29 06:37:55.420,0.83649,0.83679,1.88,1.50
2013.03.29 06:38:00.012,0.83649,0.83679,1.88,1.50
2013.03.29 06:38:00.200,0.83649,0.83679,1.13,1.50
2013.03.29 06:38:00.749,0.83648,0.83678,1.13,1.13
2013.03.29 06:38:03.329,0.83648,0.83678,1.13,1.13
2013.03.29 06:38:03.510,0.83649,0.8368,1.88,1.50
2013.03.29 06:38:05.880,0.83649,0.8368,1.88,1.88
2013.03.29 06:38:05.951,0.8365,0.8368,1.13,1.88
2013.03.29 06:38:06.611,0.83649,0.8368,1.13,1.88
2013.03.29 06:38:13.926,0.83648,0.83676,1.88,1.65
2013.03.29 06:38:14.111,0.83649,0.8368,1.88,1.50
2013.03.29 06:38:21.220,0.83649,0.8368,1.88,1.88
2013.03.29 06:38:26.629,0.8365,0.8368,1.88,2.25
2013.03.29 06:38:29.079,0.8365,0.8368,1.88,1.88
2013.03.29 06:38:30.099,0.8365,0.83675,1.88,1.50
2013.03.29 06:38:30.718,0.8365,0.83675,1.88,1.50
2013.03.29 06:38:31.419,0.83651,0.83679,1.13,1.50
2013.03.29 06:38:37.761,0.8365,0.8368,2.63,1.50
2013.03.29 06:38:41.029,0.8365,0.8368,1.50,1.50
2013.03.29 06:38:42.039,0.83649,0.83676,1.13,2.40
2013.03.29 06:38:47.789,0.83649,0.83679,1.13,1.50
2013.03.29 06:38:48.029,0.8365,0.83679,1.13,1.50
2013.03.29 06:38:48.532,0.83649,0.83679,1.88,1.50
2013.03.29 06:38:50.150,0.8365,0.83679,1.13,1.50
2013.03.29 06:38:50.509,0.8365,0.83679,1.88,1.50
2013.03.29 06:38:57.450,0.83649,0.83679,1.13,1.50
2013.03.29 06:38:57.510,0.83648,0.83679,1.50,1.50
2013.03.29 06:38:57.569,0.83648,0.83679,1.50,1.50
2013.03.29 06:38:57.887,0.8365,0.83679,1.50,1.50
2013.03.29 06:38:58.409,0.83649,0.83679,2.25,1.50
2013.03.29 06:38:58.710,0.8365,0.83679,1.50,1.50
2013.03.29 06:38:58.776,0.83651,0.83679,1.50,1.50
2013.03.29 06:38:59.020,0.83651,0.83679,1.13,1.50
2013.03.29 06:38:59.139,0.83652,0.83679,1.50,1.50
2013.03.29 06:38:59.369,0.8365,0.83679,1.50,1.50
2013.03.29 06:38:59.430,0.83651,0.83679,1.50,1.50
2013.03.29 06:38:59.609,0.83651,0.83679,1.13,1.50
2013.03.29 06:38:59.669,0.83651,0.83679,1.88,1.50
2013.03.29 06:39:00.321,0.83651,0.83679,1.88,1.50
2013.03.29 06:39:01.571,0.83651,0.83679,2.63,1.50
2013.03.29 06:39:01.902,0.83651,0.83679,1.13,1.50
2013.03.29 06:39:02.452,0.83651,0.83678,1.88,2.55
2013.03.29 06:39:02.582,0.83649,0.83679,1.50,1.50
2013.03.29 06:39:02.711,0.83647,0.83678,1.50,2.10
2013.03.29 06:39:05.191,0.83648,0.83679,1.50,1.50
2013.03.29 06:39:11.981,0.83649,0.83679,1.50,1.50
2013.03.29 06:39:22.141,0.8365,0.83674,1.13,1.50
2013.03.29 06:39:22.331,0.83648,0.83674,1.13,1.50
2013.03.29 06:39:23.151,0.83649,0.83674,1.88,1.50
2013.03.29 06:39:23.671,0.83648,0.83674,1.13,1.50
2013.03.29 06:39:36.540,0.83649,0.8368,1.13,2.63
2013.03.29 06:39:36.601,0.83649,0.8368,1.13,2.63
2013.03.29 06:39:36.910,0.83649,0.8368,1.88,1.50
2013.03.29 06:39:41.002,0.83649,0.83675,2.63,1.50
2013.03.29 06:39:41.321,0.83649,0.83675,1.13,1.50
2013.03.29 06:39:47.465,0.83648,0.83677,1.13,2.48
2013.03.29 06:39:52.332,0.83648,0.83677,1.13,2.48
2013.03.29 06:39:52.402,0.8365,0.8368,1.88,1.50
2013.03.29 06:39:52.917,0.8365,0.8368,1.88,1.50
2013.03.29 06:39:53.597,0.8365,0.8368,1.13,1.50
2013.03.29 06:39:55.532,0.8365,0.83679,1.50,1.13
2013.03.29 06:39:55.601,0.83649,0.83678,1.13,1.50
2013.03.29 06:39:56.140,0.83649,0.83678,1.50,1.13
2013.03.29 06:40:00.272,0.8365,0.8368,1.13,1.88
2013.03.29 06:40:03.300,0.8365,0.8368,1.13,1.88
2013.03.29 06:40:03.620,0.83649,0.8368,1.88,1.50
2013.03.29 06:40:10.111,0.83647,0.83679,1.88,1.95
2013.03.29 06:40:10.709,0.83649,0.83679,1.13,1.95
2013.03.29 06:40:13.591,0.83647,0.83679,1.13,1.95
2013.03.29 06:40:18.360,0.83648,0.83679,1.88,1.95
2013.03.29 06:40:18.422,0.83649,0.8368,1.50,1.50
2013.03.29 06:40:23.070,0.83649,0.8368,1.50,1.50
2013.03.29 06:40:33.231,0.8365,0.8368,1.88,1.50
2013.03.29 06:40:33.914,0.83649,0.8368,1.50,1.50
2013.03.29 06:40:37.319,0.8365,0.8368,1.50,1.50
2013.03.29 06:40:49.937,0.8365,0.8368,1.13,2.63
2013.03.29 06:40:50.240,0.8365,0.83677,1.13,1.95
2013.03.29 06:40:50.360,0.83646,0.83677,1.13,1.95
2013.03.29 06:40:50.922,0.83645,0.83676,1.88,2.78
2013.03.29 06:40:53.231,0.83647,0.83676,1.13,3.15
2013.03.29 06:40:53.540,0.83645,0.83676,1.13,2.78
2013.03.29 06:40:54.320,0.83646,0.83678,1.13,1.13
2013.03.29 06:40:54.680,0.83649,0.8368,1.13,1.88
2013.03.29 06:40:55.390,0.83651,0.8368,1.50,1.13
2013.03.29 06:40:56.350,0.83651,0.83682,2.63,1.13
2013.03.29 06:40:59.151,0.83651,0.83682,1.88,1.13
2013.03.29 06:41:02.111,0.83651,0.83681,1.13,1.50
2013.03.29 06:41:02.170,0.8365,0.8368,1.13,1.13
2013.03.29 06:41:05.120,0.83649,0.8368,1.88,1.13
2013.03.29 06:41:05.180,0.83649,0.83681,1.13,1.88
2013.03.29 06:41:07.385,0.83649,0.8368,2.63,1.13
2013.03.29 06:41:11.060,0.8365,0.8368,1.13,1.13
2013.03.29 06:41:11.119,0.83649,0.8368,1.13,1.88
2013.03.29 06:41:13.710,0.83648,0.83677,1.13,1.13
2013.03.29 06:41:22.660,0.83647,0.83677,1.88,1.13
2013.03.29 06:41:23.209,0.83647,0.83679,1.50,1.13
2013.03.29 06:41:25.581,0.83646,0.8368,1.50,2.40
2013.03.29 06:41:26.140,0.83647,0.83681,1.50,2.70
2013.03.29 06:41:29.062,0.83647,0.83681,1.50,1.88
2013.03.29 06:41:29.611,0.83649,0.8368,2.25,1.13
2013.03.29 06:41:31.220,0.83649,0.8368,1.50,1.13
2013.03.29 06:41:34.391,0.83649,0.8368,1.50,1.13
2013.03.29 06:41:39.580,0.83648,0.8368,1.88,1.13
2013.03.29 06:41:40.120,0.8365,0.83679,1.13,1.13
2013.03.29 06:41:41.050,0.8365,0.83679,1.88,1.13
2013.03.29 06:41:41.351,0.8365,0.83679,1.13,1.13
2013.03.29 06:41:42.811,0.83648,0.83681,1.88,1.13
2013.03.29 06:41:43.321,0.83649,0.83681,1.50,1.13
2013.03.29 06:41:44.203,0.83648,0.83681,1.88,1.13
2013.03.29 06:41:45.760,0.83648,0.83681,1.88,1.13
2013.03.29 06:41:50.869,0.83649,0.83676,1.88,2.48
2013.03.29 06:41:51.050,0.8365,0.83679,1.13,1.13
2013.03.29 06:41:51.170,0.8365,0.83679,1.13,1.13
2013.03.29 06:41:57.393,0.8365,0.83679,1.88,1.13
2013.03.29 06:41:57.460,0.8365,0.83679,1.88,1.13
2013.03.29 06:42:00.661,0.8365,0.83679,1.13,1.88
2013.03.29 06:42:01.021,0.83649,0.83677,1.13,1.73
2013.03.29 06:42:01.982,0.83649,0.83676,1.13,2.85
2013.03.29 06:42:07.532,0.83648,0.83677,1.13,1.13
2013.03.29 06:42:07.841,0.8365,0.83679,1.13,1.50
2013.03.29 06:42:11.436,0.83649,0.83678,1.13,1.13
2013.03.29 06:42:16.831,0.83646,0.8368,1.50,1.50
2013.03.29 06:42:17.132,0.83649,0.83679,1.13,1.13
2013.03.29 06:42:19.032,0.83648,0.83678,1.88,2.63
2013.03.29 06:42:19.342,0.83647,0.83676,1.13,2.48
2013.03.29 06:42:21.470,0.83648,0.83679,1.50,1.13
2013.03.29 06:42:27.940,0.83647,0.83675,1.13,2.18
2013.03.29 06:42:28.001,0.83646,0.83679,1.13,2.70
2013.03.29 06:42:28.752,0.83646,0.83676,1.13,1.13
2013.03.29 06:42:30.998,0.83646,0.83676,1.13,1.13
2013.03.29 06:42:31.060,0.83648,0.83676,1.50,1.13
2013.03.29 06:42:31.121,0.8365,0.8368,1.13,1.50
2013.03.29 06:42:31.180,0.83651,0.83681,1.13,1.13
2013.03.29 06:42:34.242,0.83651,0.83682,1.13,1.50
2013.03.29 06:42:35.630,0.83651,0.83682,1.13,1.88
2013.03.29 06:42:40.532,0.83651,0.83681,1.13,1.13
2013.03.29 06:42:42.820,0.83649,0.83678,1.13,2.40
2013.03.29 06:42:42.883,0.83647,0.83678,1.13,2.40
2013.03.29 06:42:46.690,0.83648,0.83678,1.13,1.13
2013.03.29 06:42:46.750,0.83649,0.83678,1.50,1.13
2013.03.29 06:42:57.261,0.8365,0.83679,1.13,1.13
2013.03.29 06:42:57.951,0.83651,0.83679,1.13,1.13
2013.03.29 06:43:09.740,0.8365,0.83683,1.13,1.88
2013.03.29 06:43:23.064,0.8365,0.83678,1.13,2.10
2013.03.29 06:43:23.714,0.83649,0.83677,1.13,2.93
2013.03.29 06:43:33.281,0.8365,0.83679,1.13,1.13
2013.03.29 06:43:36.902,0.83651,0.83677,1.13,2.63
2013.03.29 06:43:37.223,0.83649,0.83675,1.13,2.85
2013.03.29 06:43:40.918,0.83651,0.83681,1.13,1.88
2013.03.29 06:43:45.402,0.8365,0.83676,1.13,1.73
2013.03.29 06:43:45.473,0.8365,0.83678,1.13,1.80
2013.03.29 06:43:47.680,0.83648,0.83678,1.13,2.18
2013.03.29 06:43:51.104,0.8365,0.83679,1.13,1.13
2013.03.29 06:43:51.647,0.83651,0.83682,1.13,3.15
2013.03.29 06:43:57.170,0.83651,0.83682,1.13,1.13
2013.03.29 06:43:57.410,0.83649,0.83681,1.88,1.50
2013.03.29 06:43:58.920,0.8365,0.83682,1.88,1.50
2013.03.29 06:43:59.483,0.8365,0.83681,2.63,1.13
2013.03.29 06:44:04.621,0.8365,0.83681,2.63,1.13
2013.03.29 06:44:04.740,0.8365,0.83682,1.50,1.50
2013.03.29 06:44:05.285,0.83649,0.83682,1.88,1.50
2013.03.29 06:44:18.070,0.83649,0.83676,1.13,1.88
2013.03.29 06:44:18.250,0.83649,0.83681,1.13,1.50
2013.03.29 06:44:18.310,0.83649,0.83678,1.88,1.13
2013.03.29 06:44:20.430,0.83649,0.83681,1.13,1.13
2013.03.29 06:44:20.790,0.8365,0.83682,1.13,1.13
2013.03.29 06:44:25.300,0.83651,0.83683,1.13,2.18
2013.03.29 06:44:26.000,0.83651,0.83683,1.13,2.93
2013.03.29 06:44:31.130,0.83651,0.83679,1.13,1.73
2013.03.29 06:44:31.190,0.83651,0.83682,1.13,1.88
2013.03.29 06:44:31.430,0.83651,0.83681,1.88,1.13
2013.03.29 06:44:31.550,0.8365,0.83681,1.88,1.13
2013.03.29 06:44:33.471,0.8365,0.83681,1.88,1.88
2013.03.29 06:44:34.307,0.8365,0.83682,1.13,2.25
2013.03.29 06:44:34.969,0.8365,0.83681,1.88,1.13
2013.03.29 06:44:37.060,0.83649,0.8368,1.13,1.13
2013.03.29 06:44:41.110,0.8365,0.8368,1.50,1.13
2013.03.29 06:44:41.656,0.8365,0.83681,1.13,1.13
2013.03.29 06:44:46.002,0.8365,0.83681,1.13,1.50
2013.03.29 06:45:00.310,0.83649,0.83681,1.50,1.50
2013.03.29 06:45:00.865,0.83649,0.83681,1.50,3.15
2013.03.29 06:45:27.260,0.83649,0.83675,1.50,1.50
2013.03.29 06:45:27.380,0.83649,0.83675,1.50,1.50
2013.03.29 06:45:28.970,0.83649,0.83675,1.50,1.50
2013.03.29 06:45:29.092,0.8365,0.83675,1.13,1.50
2013.03.29 06:45:37.463,0.83648,0.83682,1.88,1.50
2013.03.29 06:45:37.530,0.83648,0.83682,2.63,1.50
2013.03.29 06:45:37.832,0.83664,0.83692,3.00,2.25
2013.03.29 06:45:37.960,0.83668,0.83692,1.50,1.13
2013.03.29 06:45:38.141,0.83667,0.83692,1.50,1.13
2013.03.29 06:45:38.450,0.83667,0.83694,1.50,1.95
2013.03.29 06:45:40.861,0.83667,0.83693,1.13,2.63
2013.03.29 06:45:45.151,0.83668,0.83693,1.88,2.63
2013.03.29 06:45:45.462,0.83668,0.8369,1.88,2.63
2013.03.29 06:45:46.241,0.83668,0.83688,1.88,1.50
2013.03.29 06:45:46.801,0.83668,0.83688,1.13,1.50
2013.03.29 06:45:51.091,0.83669,0.83688,1.13,1.50
2013.03.29 06:45:55.931,0.83668,0.8369,1.88,1.95
2013.03.29 06:46:03.451,0.83668,0.8369,1.13,2.25
2013.03.29 06:46:03.641,0.83669,0.8369,1.13,2.25
2013.03.29 06:46:04.811,0.83668,0.8369,1.13,2.25
2013.03.29 06:46:11.241,0.83668,0.83689,1.13,2.40
2013.03.29 06:46:11.600,0.8367,0.83689,1.13,2.40
2013.03.29 06:46:17.680,0.83668,0.83689,1.88,2.85
2013.03.29 06:46:21.090,0.83667,0.83689,1.13,2.85
2013.03.29 06:46:21.211,0.83671,0.83689,1.13,2.85
2013.03.29 06:46:24.210,0.8367,0.83688,1.13,2.70
2013.03.29 06:46:24.390,0.83668,0.83688,1.13,2.70
2013.03.29 06:46:31.061,0.83668,0.83696,1.13,1.58
2013.03.29 06:46:31.180,0.83668,0.8369,1.13,1.13
2013.03.29 06:46:32.300,0.83668,0.83688,1.88,1.58
2013.03.29 06:46:41.040,0.83668,0.8369,1.13,2.63
2013.03.29 06:46:44.121,0.83668,0.83697,1.13,1.65
2013.03.29 06:46:44.181,0.83669,0.83688,1.13,2.18
2013.03.29 06:46:54.663,0.83667,0.8369,1.13,2.03
2013.03.29 06:47:03.201,0.83665,0.83696,3.00,1.73
2013.03.29 06:47:03.261,0.83665,0.83699,3.00,1.50
2013.03.29 06:47:03.322,0.83665,0.83699,2.25,1.50
2013.03.29 06:47:03.630,0.83664,0.83695,2.25,1.58
2013.03.29 06:47:03.691,0.8366,0.83695,1.50,1.73
2013.03.29 06:47:03.750,0.8366,0.83696,1.50,1.50
2013.03.29 06:47:03.872,0.83661,0.83694,1.50,1.58
2013.03.29 06:47:04.181,0.8366,0.83692,3.00,2.03
2013.03.29 06:47:04.302,0.8366,0.83692,1.50,2.03
2013.03.29 06:47:04.672,0.83661,0.83692,3.00,2.03
2013.03.29 06:47:05.209,0.8366,0.83692,3.00,2.03
2013.03.29 06:47:05.270,0.8366,0.83695,3.00,1.13
2013.03.29 06:47:05.510,0.83665,0.837,3.00,1.50
2013.03.29 06:47:05.942,0.83665,0.837,3.00,1.50
2013.03.29 06:47:06.191,0.83666,0.83697,1.13,1.80
2013.03.29 06:47:06.500,0.83665,0.83694,1.13,2.78
2013.03.29 06:47:06.561,0.83663,0.83694,1.13,2.25
2013.03.29 06:47:06.621,0.83663,0.83692,1.13,2.18
2013.03.29 06:47:06.981,0.83664,0.83689,1.13,2.85
2013.03.29 06:47:07.281,0.83656,0.83688,1.13,2.85
2013.03.29 06:47:07.340,0.83656,0.83688,1.13,2.85
2013.03.29 06:47:07.400,0.83656,0.83688,3.38,2.85
2013.03.29 06:47:07.701,0.8366,0.83684,1.13,2.85
2013.03.29 06:47:08.071,0.83662,0.83694,1.13,1.50
2013.03.29 06:47:08.132,0.83664,0.83697,1.50,1.88
2013.03.29 06:47:08.640,0.83664,0.83695,1.50,1.13
2013.03.29 06:47:08.950,0.83667,0.83698,1.13,1.13
2013.03.29 06:47:09.580,0.83667,0.83698,1.13,1.88
2013.03.29 06:47:09.640,0.83667,0.83698,1.13,1.88
2013.03.29 06:47:09.771,0.83667,0.83698,1.13,1.88
2013.03.29 06:47:09.892,0.83667,0.83698,1.13,1.88
2013.03.29 06:47:10.012,0.83667,0.83698,1.88,1.13
2013.03.29 06:47:10.080,0.83667,0.83698,1.88,1.13
2013.03.29 06:47:10.261,0.83667,0.83697,1.13,1.50
2013.03.29 06:47:10.321,0.83667,0.83697,1.13,1.50
2013.03.29 06:47:10.701,0.83667,0.83696,1.13,1.80
2013.03.29 06:47:10.882,0.83665,0.83695,1.13,2.10
2013.03.29 06:47:11.011,0.83665,0.83691,1.13,2.78
2013.03.29 06:47:11.321,0.83664,0.83687,1.13,1.88
2013.03.29 06:47:12.142,0.83659,0.83682,1.13,1.80
2013.03.29 06:47:25.730,0.8366,0.83682,1.13,1.80
2013.03.29 06:47:25.861,0.83658,0.83682,1.13,1.80
2013.03.29 06:47:31.150,0.83658,0.83683,1.13,2.78
2013.03.29 06:47:31.331,0.8366,0.83682,1.13,2.93
2013.03.29 06:47:31.630,0.83659,0.83681,1.13,2.78
2013.03.29 06:47:34.650,0.83658,0.83681,1.13,2.78
2013.03.29 06:47:37.005,0.83658,0.83685,1.13,1.13
2013.03.29 06:47:37.260,0.8366,0.83686,1.13,1.73
2013.03.29 06:47:39.660,0.8366,0.83685,1.13,1.80
2013.03.29 06:47:39.981,0.83663,0.83685,1.13,2.78
2013.03.29 06:47:40.280,0.8366,0.83685,1.13,2.78
2013.03.29 06:47:40.833,0.83661,0.83685,1.13,2.78
2013.03.29 06:47:43.700,0.83661,0.83691,1.13,1.13
2013.03.29 06:47:43.760,0.83661,0.83684,1.13,2.70
2013.03.29 06:47:43.881,0.8366,0.83684,1.13,2.70
2013.03.29 06:48:04.141,0.83659,0.83687,1.13,3.23
2013.03.29 06:48:04.380,0.83659,0.83684,1.13,2.48
2013.03.29 06:48:04.702,0.83656,0.83684,1.50,2.48
2013.03.29 06:48:04.832,0.83658,0.83693,1.50,1.50
2013.03.29 06:48:05.031,0.8366,0.83694,1.50,1.50
2013.03.29 06:48:05.597,0.8366,0.83692,1.50,1.50
2013.03.29 06:48:06.210,0.83659,0.83691,1.50,1.50
2013.03.29 06:48:06.750,0.83659,0.83693,1.50,1.50
2013.03.29 06:48:07.151,0.83657,0.83691,1.50,1.50
2013.03.29 06:48:07.221,0.83658,0.83694,1.50,1.50
2013.03.29 06:48:07.530,0.83659,0.83693,1.50,3.60
2013.03.29 06:48:07.651,0.83658,0.83693,1.50,3.60
2013.03.29 06:48:08.051,0.83656,0.83688,1.88,1.65
2013.03.29 06:48:08.111,0.83656,0.83688,1.13,1.65
2013.03.29 06:48:08.170,0.83656,0.83688,1.88,1.65
2013.03.29 06:48:08.771,0.83657,0.83685,1.13,2.40
2013.03.29 06:48:09.306,0.83656,0.83684,1.13,2.85
2013.03.29 06:48:14.572,0.83659,0.83684,1.13,2.85
2013.03.29 06:48:15.252,0.83659,0.83683,1.13,2.93
2013.03.29 06:48:16.012,0.83659,0.83682,1.13,2.25
2013.03.29 06:48:16.670,0.83657,0.83682,1.13,2.25
2013.03.29 06:48:18.940,0.83657,0.8368,1.13,1.58
2013.03.29 06:48:21.280,0.83657,0.83682,1.13,2.85
2013.03.29 06:48:27.570,0.83657,0.83682,1.13,2.85
2013.03.29 06:48:28.865,0.83658,0.83682,1.13,2.85
2013.03.29 06:48:30.041,0.83658,0.83685,1.13,1.65
2013.03.29 06:48:30.101,0.83655,0.83685,1.88,1.65
2013.03.29 06:48:30.280,0.8366,0.83686,1.13,1.80
2013.03.29 06:48:30.340,0.8366,0.83688,1.13,1.88
2013.03.29 06:48:40.691,0.83661,0.8369,1.13,3.00
2013.03.29 06:48:40.870,0.83661,0.83688,1.13,2.48
2013.03.29 06:48:41.812,0.83661,0.83687,1.13,2.78
2013.03.29 06:48:42.171,0.83664,0.83687,1.13,2.78
2013.03.29 06:48:42.230,0.83664,0.8369,1.13,2.55
2013.03.29 06:48:42.650,0.83664,0.83686,1.13,1.58
2013.03.29 06:48:42.711,0.83659,0.83686,1.50,1.58
2013.03.29 06:48:42.770,0.83659,0.83686,1.50,1.58
2013.03.29 06:48:42.831,0.83654,0.83686,2.25,2.33
2013.03.29 06:48:42.891,0.83652,0.83686,1.50,1.50
2013.03.29 06:48:44.512,0.83651,0.83685,1.50,1.50
2013.03.29 06:48:44.641,0.83653,0.83685,1.50,1.50
2013.03.29 06:48:45.534,0.83651,0.83684,1.50,1.13
2013.03.29 06:48:45.601,0.8365,0.83682,1.50,1.50
2013.03.29 06:48:45.673,0.83648,0.83682,2.93,1.50
2013.03.29 06:48:52.372,0.83652,0.83681,1.13,1.50
2013.03.29 06:49:00.331,0.83652,0.83682,1.13,1.88
2013.03.29 06:49:06.882,0.83651,0.83682,1.13,1.50
2013.03.29 06:49:15.042,0.83649,0.83681,2.63,1.50
2013.03.29 06:49:15.431,0.83651,0.83682,1.13,1.50
2013.03.29 06:49:16.862,0.83651,0.83683,1.13,2.63
2013.03.29 06:49:17.220,0.83649,0.83683,1.50,1.50
2013.03.29 06:49:18.265,0.83649,0.83683,1.50,1.50
2013.03.29 06:49:18.571,0.83648,0.83682,1.50,1.50
2013.03.29 06:49:19.080,0.83649,0.83683,1.50,1.50
2013.03.29 06:49:19.141,0.8365,0.83682,1.13,1.13
2013.03.29 06:49:21.161,0.83652,0.83682,1.13,1.13
2013.03.29 06:49:26.591,0.83652,0.83681,1.13,1.88
2013.03.29 06:49:37.113,0.83652,0.83681,1.13,1.13
2013.03.29 06:49:42.782,0.83652,0.83681,1.13,1.88
2013.03.29 06:49:43.671,0.83652,0.8368,1.13,1.13
2013.03.29 06:49:45.391,0.83652,0.83681,1.50,1.13
2013.03.29 06:49:45.450,0.83651,0.8368,1.13,1.13
2013.03.29 06:50:00.042,0.83649,0.83681,1.50,1.50
2013.03.29 06:50:01.232,0.83648,0.83682,1.50,1.50
2013.03.29 06:50:11.212,0.83648,0.83681,1.13,1.50
2013.03.29 06:50:11.281,0.83648,0.83681,1.13,1.50
2013.03.29 06:50:17.484,0.83648,0.83681,1.13,1.50
2013.03.29 06:50:17.554,0.83648,0.83681,1.13,1.50
2013.03.29 06:50:18.080,0.83647,0.83681,1.50,1.50
2013.03.29 06:50:18.271,0.83647,0.83681,1.50,1.50
2013.03.29 06:50:19.721,0.83648,0.8368,1.50,1.50
2013.03.29 06:50:20.233,0.83648,0.8368,1.50,1.50
2013.03.29 06:50:33.302,0.83652,0.83679,1.13,1.13
2013.03.29 06:50:39.864,0.83652,0.83681,1.13,1.88
2013.03.29 06:50:54.152,0.83652,0.83679,1.13,1.88
2013.03.29 06:50:54.661,0.83651,0.83679,1.13,1.88
2013.03.29 06:50:55.538,0.83651,0.83679,1.13,1.13
2013.03.29 06:50:57.761,0.83649,0.83679,1.13,1.88
2013.03.29 06:51:11.181,0.8365,0.83679,1.13,1.13
2013.03.29 06:51:12.007,0.83649,0.83678,1.13,1.13
2013.03.29 06:51:15.354,0.83648,0.83679,2.85,1.13
2013.03.29 06:51:15.422,0.83648,0.83679,1.13,1.88
2013.03.29 06:51:21.319,0.83648,0.8368,1.13,1.13
2013.03.29 06:51:21.441,0.83651,0.83678,1.13,1.13
2013.03.29 06:51:24.411,0.83649,0.83679,1.13,1.88
2013.03.29 06:51:24.936,0.83649,0.83679,1.13,1.88
2013.03.29 06:51:27.572,0.83649,0.83678,1.13,1.50
2013.03.29 06:51:59.282,0.83649,0.83678,1.13,1.88
2013.03.29 06:51:59.341,0.8365,0.83678,1.13,1.88
2013.03.29 06:52:19.030,0.83647,0.83669,1.13,2.03
2013.03.29 06:52:19.105,0.83635,0.83662,1.88,2.25
2013.03.29 06:52:19.615,0.83635,0.83662,1.88,2.25
2013.03.29 06:52:21.233,0.83635,0.83662,1.13,2.25
2013.03.29 06:52:22.582,0.83634,0.83662,1.13,2.25
2013.03.29 06:52:27.492,0.83634,0.83662,1.88,2.25
2013.03.29 06:52:30.904,0.83636,0.8366,1.13,1.13
2013.03.29 06:52:31.033,0.83636,0.8366,1.13,1.13
2013.03.29 06:52:33.733,0.83636,0.8366,1.13,1.13
2013.03.29 06:52:33.862,0.83636,0.8366,1.13,1.13
2013.03.29 06:52:48.123,0.83635,0.83659,1.13,1.50
2013.03.29 06:52:48.192,0.83632,0.83658,2.63,1.50
2013.03.29 06:52:48.502,0.83632,0.83657,1.50,1.13
2013.03.29 06:52:50.412,0.83632,0.83658,1.88,1.88
2013.03.29 06:52:53.964,0.83632,0.83658,1.13,1.88
2013.03.29 06:52:54.093,0.83633,0.83658,1.13,1.50
2013.03.29 06:52:54.163,0.83635,0.8366,1.13,1.50
2013.03.29 06:53:03.087,0.83634,0.83658,1.13,1.50
2013.03.29 06:53:03.153,0.83636,0.83659,1.13,1.50
2013.03.29 06:53:11.574,0.83636,0.8366,1.13,1.50
2013.03.29 06:53:12.175,0.83636,0.8366,1.13,1.50
2013.03.29 06:53:23.432,0.83635,0.83658,1.13,1.50
2013.03.29 06:53:23.565,0.83636,0.8366,1.13,1.50
2013.03.29 06:53:34.172,0.83635,0.83658,1.13,1.50
2013.03.29 06:53:34.292,0.83634,0.83658,1.13,1.50
2013.03.29 06:53:34.354,0.83635,0.8366,1.13,1.50
2013.03.29 06:53:37.172,0.83636,0.8366,1.13,1.50
2013.03.29 06:53:41.282,0.83635,0.8366,1.13,1.50
2013.03.29 06:53:48.173,0.83635,0.83661,1.13,2.25
2013.03.29 06:53:56.014,0.83635,0.83661,1.13,2.25
2013.03.29 06:53:56.081,0.83636,0.83661,1.13,3.00
2013.03.29 06:54:04.620,0.83635,0.83661,1.13,3.00
2013.03.29 06:54:04.680,0.83636,0.83661,1.13,3.00
2013.03.29 06:54:24.663,0.83636,0.83658,1.13,1.13
2013.03.29 06:54:24.974,0.83629,0.83647,3.00,1.50
2013.03.29 06:54:45.143,0.83628,0.83647,1.50,1.50
2013.03.29 06:54:51.799,0.83628,0.83647,1.50,1.50
2013.03.29 06:55:03.911,0.83628,0.83647,1.50,1.50
2013.03.29 06:55:08.048,0.83628,0.83647,1.50,1.50
2013.03.29 06:55:14.994,0.83624,0.83646,2.25,3.83
2013.03.29 06:55:15.341,0.83624,0.83643,2.25,1.20
2013.03.29 06:55:16.044,0.83624,0.83643,1.50,1.95
2013.03.29 06:55:16.353,0.83624,0.83639,1.50,1.20
2013.03.29 06:55:16.972,0.83623,0.83637,1.50,1.20
2013.03.29 06:55:18.127,0.83623,0.83634,1.50,1.20
2013.03.29 06:55:19.043,0.83625,0.83633,1.50,1.20
2013.03.29 06:55:19.664,0.83621,0.83638,1.13,1.65
2013.03.29 06:55:19.853,0.83619,0.83639,1.50,2.63
2013.03.29 06:55:21.603,0.8362,0.83639,1.50,2.63
2013.03.29 06:55:21.734,0.83621,0.83643,1.50,3.00
2013.03.29 06:55:21.867,0.83627,0.83647,1.50,1.13
2013.03.29 06:55:21.933,0.83627,0.83649,1.50,2.25
2013.03.29 06:55:22.485,0.83627,0.83649,1.50,1.13
2013.03.29 06:55:24.892,0.83627,0.83651,1.50,1.13
2013.03.29 06:55:29.829,0.83627,0.83653,1.50,1.65
2013.03.29 06:55:30.014,0.83631,0.83654,1.50,1.13
2013.03.29 06:55:30.147,0.83631,0.83656,1.50,1.50
2013.03.29 06:55:31.352,0.8363,0.83659,1.88,1.88
2013.03.29 06:55:31.662,0.83631,0.83659,1.50,1.88
2013.03.29 06:55:36.103,0.83631,0.83659,1.50,1.88
2013.03.29 06:55:38.857,0.83632,0.83657,1.13,1.50
2013.03.29 06:55:39.103,0.83628,0.83652,1.50,1.88
2013.03.29 06:55:42.651,0.83628,0.83651,1.13,1.50
2013.03.29 06:55:42.833,0.83629,0.83652,1.88,1.50
2013.03.29 06:55:43.747,0.83628,0.83651,1.50,1.50
2013.03.29 06:55:45.133,0.83627,0.83645,1.50,1.13
2013.03.29 06:55:45.445,0.83623,0.83639,1.50,1.50
2013.03.29 06:55:45.694,0.83623,0.83639,1.50,2.25
2013.03.29 06:55:46.195,0.83622,0.83638,1.13,1.50
2013.03.29 06:55:47.612,0.8362,0.83639,1.50,2.25
2013.03.29 06:55:48.133,0.83618,0.83638,1.50,1.50
2013.03.29 06:55:50.022,0.83616,0.83639,1.50,2.25
2013.03.29 06:55:55.423,0.83615,0.83638,2.63,1.50
2013.03.29 06:55:57.014,0.83615,0.83638,2.63,2.25
2013.03.29 06:56:00.984,0.83616,0.83638,1.13,1.50
2013.03.29 06:56:02.404,0.83616,0.83638,1.13,1.50
2013.03.29 06:56:02.474,0.83616,0.83638,1.13,1.50
2013.03.29 06:56:13.790,0.83617,0.83638,1.50,3.00
2013.03.29 06:56:15.622,0.83621,0.83638,1.50,2.63
2013.03.29 06:56:15.803,0.83624,0.83643,1.50,1.50
2013.03.29 06:56:15.873,0.83628,0.83651,1.13,2.25
2013.03.29 06:56:16.554,0.83628,0.83654,1.13,3.38
2013.03.29 06:56:23.972,0.83627,0.83654,1.13,1.50
2013.03.29 06:56:24.033,0.83628,0.83654,1.13,1.50
2013.03.29 06:56:27.463,0.83627,0.83655,1.13,1.50
2013.03.29 06:56:35.862,0.83627,0.83654,1.13,1.50
2013.03.29 06:56:36.402,0.83626,0.83654,1.88,1.50
2013.03.29 06:56:38.023,0.83626,0.83654,1.88,1.50
2013.03.29 06:56:38.092,0.83626,0.83654,1.88,1.50
2013.03.29 06:56:41.283,0.83626,0.83654,1.88,1.50
2013.03.29 06:56:41.537,0.83627,0.83654,1.13,1.88
2013.03.29 06:56:47.232,0.8363,0.83654,1.50,1.13
2013.03.29 06:56:48.564,0.83632,0.83658,1.50,2.63
2013.03.29 06:56:48.877,0.83631,0.83658,1.88,1.50
2013.03.29 06:56:55.243,0.83631,0.83656,1.50,1.13
2013.03.29 06:56:59.432,0.83628,0.83657,1.50,1.13
2013.03.29 06:56:59.613,0.83632,0.83657,1.50,1.13
2013.03.29 06:57:05.273,0.83627,0.83657,1.13,1.13
2013.03.29 06:57:05.472,0.8363,0.83658,1.50,1.50
2013.03.29 06:57:06.712,0.83631,0.83657,1.50,1.13
2013.03.29 06:57:08.965,0.83628,0.83657,1.50,1.13
2013.03.29 06:57:09.154,0.83631,0.83657,1.50,1.13
2013.03.29 06:57:09.523,0.83627,0.83657,1.88,1.13
2013.03.29 06:57:09.648,0.8363,0.83656,1.50,1.13
2013.03.29 06:57:10.883,0.83632,0.83658,1.50,1.88
2013.03.29 06:57:12.683,0.83631,0.83658,1.50,1.88
2013.03.29 06:57:13.228,0.83632,0.83658,1.50,1.88
2013.03.29 06:57:18.303,0.83626,0.83654,1.88,1.50
2013.03.29 06:57:18.371,0.83626,0.83655,1.88,1.50
2013.03.29 06:57:22.352,0.83626,0.83655,1.13,1.50
2013.03.29 06:57:22.702,0.83626,0.83655,1.88,1.50
2013.03.29 06:57:22.847,0.83626,0.83655,1.13,1.50
2013.03.29 06:57:23.171,0.83626,0.83653,1.13,1.50
2013.03.29 06:57:26.002,0.83628,0.8365,1.13,1.50
2013.03.29 06:57:30.877,0.83628,0.83653,1.13,1.50
2013.03.29 06:57:31.392,0.83627,0.8365,1.13,1.50
2013.03.29 06:57:34.982,0.83627,0.83653,1.13,1.50
2013.03.29 06:57:37.414,0.83628,0.83651,1.13,1.65
2013.03.29 06:57:37.663,0.83624,0.83648,1.13,1.50
2013.03.29 06:57:39.784,0.83623,0.83647,1.50,1.50
2013.03.29 06:57:40.916,0.83621,0.83643,1.13,1.50
2013.03.29 06:57:41.453,0.83618,0.83641,2.25,1.13
2013.03.29 06:57:43.114,0.8362,0.83642,1.50,1.88
2013.03.29 06:57:43.303,0.83623,0.83645,1.50,1.13
2013.03.29 06:57:43.903,0.83624,0.83647,1.50,1.13
2013.03.29 06:57:43.964,0.83624,0.83649,1.50,1.50
2013.03.29 06:57:44.494,0.83626,0.83654,1.88,1.50
2013.03.29 06:57:49.324,0.83624,0.83649,1.88,1.50
2013.03.29 06:57:49.643,0.83625,0.83651,1.13,1.50
2013.03.29 06:57:54.112,0.83624,0.83651,1.88,1.50
2013.03.29 06:57:54.423,0.83626,0.83649,1.13,1.50
