2010.06.24 13:00:01.094,0.7061,0.7063,1.00,1.00
2010.06.24 13:00:02.755,0.70615,0.70635,1.00,1.60
2010.06.24 13:00:03.094,0.70615,0.70635,1.00,1.00
2010.06.24 13:00:04.361,0.70615,0.70635,1.00,1.00
2010.06.24 13:00:04.559,0.70615,0.7064,1.00,4.00
2010.06.24 13:00:05.185,0.70615,0.7064,1.00,4.00
2010.06.24 13:00:05.390,0.70625,0.7065,1.70,3.20
2010.06.24 13:00:06.306,0.70625,0.7065,2.50,3.20
2010.06.24 13:00:06.649,0.70625,0.70645,1.00,3.20
2010.06.24 13:00:06.946,0.70625,0.7065,1.00,3.30
2010.06.24 13:00:07.814,0.70625,0.7065,1.00,3.20
2010.06.24 13:00:09.014,0.70625,0.7065,1.00,1.60
2010.06.24 13:00:09.953,0.70625,0.7065,1.10,1.60
2010.06.24 13:00:10.667,0.70625,0.7065,1.00,1.60
2010.06.24 13:00:10.855,0.70625,0.7065,1.70,3.20
2010.06.24 13:00:11.174,0.70625,0.7065,2.50,1.60
2010.06.24 13:00:12.082,0.70625,0.7065,2.70,1.60
2010.06.24 13:00:13.762,0.7063,0.7065,1.00,1.60
2010.06.24 13:00:14.893,0.70625,0.7065,2.70,1.60
2010.06.24 13:00:17.016,0.70625,0.7065,2.50,1.60
2010.06.24 13:00:17.147,0.70625,0.7065,2.40,1.60
2010.06.24 13:00:17.278,0.7063,0.7065,1.00,1.00
2010.06.24 13:00:17.404,0.7063,0.70655,1.60,5.60
2010.06.24 13:00:17.535,0.70635,0.70655,1.00,3.20
2010.06.24 13:00:18.122,0.70635,0.70655,1.60,2.40
2010.06.24 13:00:18.441,0.7063,0.70655,1.60,5.60
2010.06.24 13:00:26.352,0.7063,0.70655,1.60,5.20
2010.06.24 13:00:26.593,0.7063,0.70655,1.60,4.80
2010.06.24 13:00:26.713,0.7063,0.70655,1.60,3.20
2010.06.24 13:00:26.832,0.7063,0.70655,1.00,1.60
2010.06.24 13:00:27.476,0.7063,0.70655,1.60,1.60
2010.06.24 13:00:28.494,0.70635,0.7066,1.00,3.20
2010.06.24 13:00:29.635,0.70635,0.7066,1.00,6.00
2010.06.24 13:00:30.607,0.7063,0.7065,1.00,1.00
2010.06.24 13:00:30.836,0.7063,0.7065,1.00,1.00
2010.06.24 13:00:35.105,0.7063,0.70655,1.00,3.30
2010.06.24 13:00:35.373,0.7063,0.70655,1.00,3.20
2010.06.24 13:00:36.437,0.7063,0.7065,1.00,1.00
2010.06.24 13:00:38.136,0.7063,0.70655,1.00,1.60
2010.06.24 13:00:39.433,0.70635,0.70655,1.00,1.00
2010.06.24 13:00:46.298,0.7063,0.70655,1.00,4.80
2010.06.24 13:00:46.644,0.7063,0.70655,1.00,3.20
2010.06.24 13:00:47.566,0.7063,0.7065,1.00,1.00
2010.06.24 13:00:56.888,0.70625,0.7065,1.00,1.00
2010.06.24 13:00:57.754,0.70625,0.7065,1.00,2.80
2010.06.24 13:00:58.096,0.70625,0.7065,1.00,3.20
2010.06.24 13:00:59.116,0.70625,0.7065,1.00,1.60
2010.06.24 13:00:59.364,0.70625,0.7065,1.00,3.20
2010.06.24 13:01:02.194,0.70625,0.7065,1.00,1.60
2010.06.24 13:01:02.473,0.7063,0.70655,1.00,4.80
2010.06.24 13:01:03.393,0.7063,0.7065,1.00,1.60
2010.06.24 13:01:07.411,0.70625,0.7065,1.00,4.00
2010.06.24 13:01:19.454,0.70625,0.7065,1.00,6.40
2010.06.24 13:01:19.749,0.70625,0.7065,1.00,6.80
2010.06.24 13:01:20.664,0.70625,0.7065,1.00,8.40
2010.06.24 13:01:22.736,0.70625,0.7065,1.00,5.20
2010.06.24 13:01:23.952,0.70625,0.7065,1.00,4.80
2010.06.24 13:01:27.036,0.7062,0.70645,1.00,2.40
2010.06.24 13:01:33.862,0.7062,0.70645,1.00,4.00
2010.06.24 13:01:36.878,0.70615,0.7064,1.60,1.60
2010.06.24 13:01:45.236,0.70615,0.7064,1.00,3.20
2010.06.24 13:01:50.189,0.70615,0.7064,1.00,3.30
2010.06.24 13:01:50.668,0.70615,0.7064,1.00,3.20
2010.06.24 13:01:51.578,0.70615,0.7064,1.00,3.30
2010.06.24 13:01:52.786,0.70615,0.70635,1.00,1.00
2010.06.24 13:01:54.543,0.70615,0.7064,1.00,3.20
2010.06.24 13:01:55.739,0.70615,0.7064,1.00,3.20
2010.06.24 13:01:57.573,0.70615,0.7064,1.00,3.30
2010.06.24 13:01:57.716,0.70615,0.7064,1.00,3.20
2010.06.24 13:01:57.984,0.70615,0.7064,1.00,3.30
2010.06.24 13:01:58.121,0.70615,0.7064,1.00,1.70
2010.06.24 13:01:58.974,0.7061,0.70635,1.00,1.60
2010.06.24 13:02:00.383,0.7061,0.7063,1.00,1.60
2010.06.24 13:02:03.746,0.7061,0.70635,1.00,3.20
2010.06.24 13:02:22.625,0.70615,0.7064,1.00,3.20
2010.06.24 13:02:25.419,0.70615,0.7064,1.00,3.60
2010.06.24 13:02:26.857,0.70615,0.7064,1.60,1.00
2010.06.24 13:02:27.201,0.70625,0.70645,1.00,2.40
2010.06.24 13:02:27.843,0.70625,0.70645,1.00,1.00
2010.06.24 13:02:28.186,0.70625,0.7065,1.00,3.20
2010.06.24 13:02:31.104,0.70625,0.7065,2.90,3.20
2010.06.24 13:02:31.365,0.7063,0.70655,1.00,4.90
2010.06.24 13:02:32.264,0.7063,0.7065,1.00,1.60
2010.06.24 13:02:35.843,0.7063,0.70655,1.00,3.60
2010.06.24 13:02:38.406,0.7063,0.70655,1.00,3.70
2010.06.24 13:02:39.527,0.7063,0.70655,1.00,3.60
2010.06.24 13:02:39.795,0.7063,0.70655,1.00,3.70
2010.06.24 13:02:40.052,0.7063,0.70655,1.00,3.60
2010.06.24 13:02:41.993,0.7063,0.7065,1.00,1.00
2010.06.24 13:02:43.354,0.7063,0.7065,1.00,2.40
2010.06.24 13:02:43.935,0.7063,0.7065,1.00,1.60
2010.06.24 13:02:44.725,0.7063,0.7065,1.00,2.40
2010.06.24 13:02:45.100,0.7063,0.7065,1.00,1.00
2010.06.24 13:02:45.244,0.7063,0.7065,1.00,2.40
2010.06.24 13:02:45.393,0.7063,0.7065,1.00,1.60
2010.06.24 13:02:46.110,0.7063,0.7065,1.00,1.00
2010.06.24 13:02:46.370,0.7063,0.7065,1.00,1.60
2010.06.24 13:02:46.627,0.7063,0.7065,1.00,1.00
2010.06.24 13:02:46.889,0.7063,0.7065,1.00,1.60
2010.06.24 13:02:47.695,0.7063,0.7065,1.00,1.00
2010.06.24 13:02:48.040,0.7063,0.70655,1.00,3.20
2010.06.24 13:02:48.388,0.7063,0.7065,1.00,1.60
2010.06.24 13:02:48.592,0.7063,0.7065,1.00,1.00
2010.06.24 13:02:48.704,0.7063,0.7065,1.00,2.40
2010.06.24 13:02:48.814,0.7063,0.70655,1.00,3.20
2010.06.24 13:02:49.705,0.7063,0.7065,1.00,1.00
2010.06.24 13:02:49.865,0.7063,0.7065,1.00,2.40
2010.06.24 13:02:50.025,0.7063,0.70655,1.00,3.20
2010.06.24 13:02:50.183,0.7063,0.7065,1.00,1.60
2010.06.24 13:02:50.343,0.7063,0.7065,1.00,2.40
2010.06.24 13:02:50.504,0.7063,0.7065,1.00,1.00
2010.06.24 13:02:51.256,0.7063,0.7065,1.00,2.40
2010.06.24 13:02:51.464,0.7063,0.7065,1.00,1.60
2010.06.24 13:02:51.675,0.7063,0.70655,1.00,4.00
2010.06.24 13:02:51.884,0.7063,0.7065,1.00,2.40
2010.06.24 13:02:52.094,0.7063,0.70655,1.00,3.20
2010.06.24 13:02:52.773,0.7063,0.7065,1.00,1.60
2010.06.24 13:02:53.123,0.7063,0.70655,1.00,3.20
2010.06.24 13:02:53.193,0.7063,0.70655,1.00,4.80
2010.06.24 13:02:53.382,0.7063,0.70655,1.00,4.00
2010.06.24 13:02:53.452,0.7063,0.70655,1.00,3.20
2010.06.24 13:02:54.776,0.7063,0.7065,1.00,1.60
2010.06.24 13:02:54.986,0.7063,0.70655,1.00,3.20
2010.06.24 13:02:55.196,0.7063,0.7065,1.00,1.60
2010.06.24 13:02:58.262,0.7063,0.70655,1.00,3.20
2010.06.24 13:02:59.080,0.7063,0.70655,1.00,4.00
2010.06.24 13:02:59.282,0.7063,0.7065,1.00,1.60
2010.06.24 13:02:59.684,0.7063,0.70655,1.00,3.20
2010.06.24 13:03:00.269,0.7063,0.7065,1.00,1.60
2010.06.24 13:03:00.529,0.7063,0.70655,1.00,3.20
2010.06.24 13:03:00.753,0.7063,0.70655,1.00,4.80
2010.06.24 13:03:01.082,0.7063,0.7065,1.00,1.60
2010.06.24 13:03:02.280,0.7063,0.7065,1.00,1.00
2010.06.24 13:03:02.563,0.7063,0.7065,1.00,1.60
2010.06.24 13:03:03.897,0.70625,0.70645,1.60,2.40
2010.06.24 13:03:04.150,0.70625,0.7064,1.60,1.60
2010.06.24 13:03:04.805,0.70625,0.7064,1.60,2.40
2010.06.24 13:03:05.151,0.7062,0.7064,1.00,1.00
2010.06.24 13:03:06.723,0.7062,0.7064,1.00,2.40
2010.06.24 13:03:10.043,0.7062,0.7064,1.00,2.40
2010.06.24 13:03:10.245,0.7062,0.7064,1.00,2.40
2010.06.24 13:03:11.001,0.7062,0.7064,1.00,1.00
2010.06.24 13:03:11.250,0.70615,0.7064,1.70,1.60
2010.06.24 13:03:11.492,0.70615,0.7064,1.70,3.20
2010.06.24 13:03:13.149,0.70615,0.7064,1.00,3.20
2010.06.24 13:03:16.322,0.70615,0.7064,1.00,3.20
2010.06.24 13:03:17.477,0.70615,0.7064,1.70,3.20
2010.06.24 13:03:17.786,0.7062,0.7064,1.00,1.00
2010.06.24 13:03:18.429,0.7062,0.70645,1.00,3.20
2010.06.24 13:03:18.773,0.70625,0.70645,1.00,1.00
2010.06.24 13:03:19.683,0.70625,0.70645,1.00,2.40
2010.06.24 13:03:19.966,0.70625,0.70645,1.00,1.00
2010.06.24 13:03:21.047,0.7062,0.70645,1.60,3.20
2010.06.24 13:03:21.290,0.70615,0.7064,2.40,1.60
2010.06.24 13:03:21.526,0.70615,0.7064,1.00,3.20
2010.06.24 13:03:22.466,0.70615,0.7064,2.40,1.60
2010.06.24 13:03:22.803,0.70615,0.7064,1.00,3.20
2010.06.24 13:03:23.143,0.70615,0.7064,1.00,1.60
2010.06.24 13:03:23.789,0.70615,0.7064,1.00,3.20
2010.06.24 13:03:25.512,0.70615,0.7064,1.70,3.20
2010.06.24 13:03:25.614,0.7062,0.7064,1.00,3.20
2010.06.24 13:03:27.235,0.70615,0.7064,1.00,1.00
2010.06.24 13:03:28.151,0.70615,0.7064,2.40,7.20
2010.06.24 13:03:28.452,0.70615,0.7064,2.00,7.20
2010.06.24 13:03:28.746,0.70615,0.7064,3.20,9.60
2010.06.24 13:03:29.354,0.70615,0.7064,3.20,7.60
2010.06.24 13:03:29.581,0.70625,0.7064,1.00,5.60
2010.06.24 13:03:30.702,0.70615,0.7064,3.20,7.60
2010.06.24 13:03:31.020,0.70615,0.7064,3.20,10.40
2010.06.24 13:03:33.604,0.70615,0.7064,3.30,10.50
2010.06.24 13:03:34.323,0.70615,0.70635,3.30,1.00
2010.06.24 13:03:34.762,0.70615,0.7064,3.30,10.50
2010.06.24 13:03:35.084,0.70615,0.70635,3.30,1.60
2010.06.24 13:03:35.839,0.70615,0.7064,3.30,10.50
2010.06.24 13:03:39.352,0.70615,0.7064,2.50,10.50
2010.06.24 13:03:42.687,0.70615,0.70635,1.70,3.20
2010.06.24 13:03:43.601,0.70615,0.70635,1.60,3.20
2010.06.24 13:03:45.332,0.70615,0.7064,2.40,10.50
2010.06.24 13:03:50.236,0.70625,0.7064,1.00,8.40
2010.06.24 13:03:50.475,0.70625,0.7064,1.00,5.60
2010.06.24 13:03:51.247,0.70625,0.7064,1.00,6.40
2010.06.24 13:03:51.560,0.70625,0.70655,8.00,3.30
2010.06.24 13:03:52.431,0.70625,0.7064,8.00,1.60
2010.06.24 13:03:52.778,0.7063,0.70655,1.00,4.80
2010.06.24 13:03:55.539,0.70635,0.7065,1.00,1.60
2010.06.24 13:03:55.597,0.70635,0.7065,1.70,1.60
2010.06.24 13:03:56.844,0.70635,0.70655,1.70,3.20
2010.06.24 13:03:58.426,0.70635,0.70655,1.60,5.20
2010.06.24 13:03:58.732,0.70625,0.7065,1.70,6.80
2010.06.24 13:03:59.534,0.70625,0.7064,1.70,1.60
2010.06.24 13:03:59.768,0.7062,0.7064,1.60,1.60
2010.06.24 13:04:00.704,0.7062,0.70635,1.60,1.00
2010.06.24 13:04:01.030,0.7062,0.70635,1.60,1.00
2010.06.24 13:04:02.663,0.7062,0.70635,1.60,1.00
2010.06.24 13:04:02.956,0.7062,0.7064,1.00,4.80
2010.06.24 13:04:08.573,0.7062,0.70635,1.00,1.00
2010.06.24 13:04:08.904,0.70615,0.70635,1.00,1.00
2010.06.24 13:04:09.884,0.7062,0.70635,1.00,1.00
2010.06.24 13:04:10.164,0.7062,0.7064,1.00,4.80
2010.06.24 13:04:13.427,0.70625,0.70635,1.60,1.60
2010.06.24 13:04:13.646,0.70625,0.70635,2.40,1.60
2010.06.24 13:04:14.636,0.70625,0.70635,1.00,1.60
2010.06.24 13:04:14.908,0.70625,0.7063,1.00,1.60
2010.06.24 13:04:15.189,0.7062,0.70645,2.40,1.60
2010.06.24 13:04:15.465,0.7062,0.70645,1.00,1.60
2010.06.24 13:04:16.305,0.70615,0.7064,1.90,2.00
2010.06.24 13:04:16.640,0.70615,0.7064,1.60,2.00
2010.06.24 13:04:16.968,0.70615,0.7064,1.60,2.40
2010.06.24 13:04:17.218,0.70615,0.7064,1.60,2.80
2010.06.24 13:04:17.466,0.70615,0.7064,1.00,6.00
2010.06.24 13:04:18.296,0.70615,0.7064,1.00,5.20
2010.06.24 13:04:24.363,0.70615,0.7064,1.00,6.00
2010.06.24 13:04:25.049,0.70615,0.7064,1.00,5.60
2010.06.24 13:04:25.085,0.70615,0.7064,1.00,7.20
2010.06.24 13:04:29.004,0.70615,0.7064,1.00,7.30
2010.06.24 13:04:29.214,0.70615,0.70635,1.00,1.00
2010.06.24 13:04:29.980,0.70615,0.70635,1.00,1.00
2010.06.24 13:04:30.178,0.7061,0.70635,1.00,3.20
2010.06.24 13:04:31.869,0.7061,0.70635,1.00,4.80
2010.06.24 13:04:32.108,0.7061,0.70635,1.00,4.80
2010.06.24 13:04:33.274,0.7061,0.70635,1.00,4.80
2010.06.24 13:04:33.613,0.7061,0.70625,1.00,1.60
2010.06.24 13:04:35.252,0.7061,0.70625,1.00,1.00
2010.06.24 13:04:37.713,0.7061,0.70625,1.00,1.60
2010.06.24 13:04:42.062,0.7061,0.70625,1.00,1.00
2010.06.24 13:04:42.968,0.7061,0.7063,1.00,2.40
2010.06.24 13:04:43.755,0.7061,0.7063,1.00,4.00
2010.06.24 13:04:44.112,0.70605,0.70625,1.00,1.60
2010.06.24 13:04:52.671,0.70605,0.70625,1.00,1.60
2010.06.24 13:04:54.950,0.70605,0.70625,1.00,2.40
2010.06.24 13:04:55.220,0.706,0.7062,1.60,3.60
2010.06.24 13:04:56.084,0.70595,0.7062,2.50,5.20
2010.06.24 13:04:56.417,0.70595,0.70615,1.60,1.00
2010.06.24 13:05:03.702,0.70595,0.70615,1.70,1.00
2010.06.24 13:05:06.442,0.70595,0.70615,1.60,1.00
2010.06.24 13:05:10.715,0.70595,0.7061,1.00,10.40
2010.06.24 13:05:11.008,0.70595,0.7061,1.00,8.00
2010.06.24 13:05:12.343,0.70595,0.7061,1.00,5.60
2010.06.24 13:05:12.527,0.70595,0.7061,1.00,1.60
2010.06.24 13:05:12.884,0.70595,0.7061,1.00,1.00
2010.06.24 13:05:16.119,0.70595,0.70605,1.00,1.00
2010.06.24 13:05:16.304,0.70595,0.70605,1.00,1.60
2010.06.24 13:05:19.217,0.70595,0.70605,1.00,1.00
2010.06.24 13:05:19.510,0.70595,0.706,1.00,1.00
2010.06.24 13:05:29.662,0.70595,0.7061,1.00,1.00
2010.06.24 13:05:30.776,0.70595,0.7061,1.00,2.00
2010.06.24 13:05:31.457,0.70595,0.7061,1.00,1.20
2010.06.24 13:05:31.734,0.70595,0.7061,1.00,1.00
2010.06.24 13:05:44.637,0.70595,0.7061,1.00,2.00
2010.06.24 13:05:44.924,0.70595,0.7061,1.70,1.00
2010.06.24 13:05:45.755,0.70595,0.7062,4.70,4.00
2010.06.24 13:05:45.983,0.70605,0.7062,1.00,1.00
2010.06.24 13:05:46.287,0.70605,0.7062,1.00,1.00
2010.06.24 13:05:47.724,0.70605,0.7062,1.00,1.00
2010.06.24 13:05:54.044,0.706,0.7062,1.00,1.20
2010.06.24 13:05:54.122,0.706,0.7062,1.00,2.00
2010.06.24 13:05:56.029,0.706,0.7062,1.00,1.00
2010.06.24 13:05:57.050,0.70605,0.70625,1.70,7.20
2010.06.24 13:05:57.397,0.70605,0.7063,1.70,6.40
2010.06.24 13:05:58.340,0.7061,0.7063,1.00,1.60
2010.06.24 13:05:59.651,0.70615,0.70635,1.00,7.60
2010.06.24 13:06:00.780,0.70615,0.70635,1.00,6.00
2010.06.24 13:06:01.003,0.70615,0.70635,1.00,6.10
2010.06.24 13:06:02.869,0.70615,0.70635,1.00,6.90
2010.06.24 13:06:03.219,0.70615,0.70635,1.00,6.50
2010.06.24 13:06:03.937,0.7061,0.7063,1.00,2.40
2010.06.24 13:06:20.210,0.70605,0.7063,1.80,8.80
2010.06.24 13:06:20.346,0.70605,0.7063,1.00,10.40
2010.06.24 13:06:20.475,0.70605,0.7063,1.00,12.40
2010.06.24 13:06:22.150,0.70605,0.70625,1.00,1.60
2010.06.24 13:06:24.253,0.70605,0.7063,1.00,8.00
2010.06.24 13:06:25.320,0.70605,0.7063,1.10,6.40
2010.06.24 13:06:27.387,0.70605,0.7063,1.30,6.40
2010.06.24 13:06:28.216,0.70605,0.70625,2.10,1.00
2010.06.24 13:06:28.424,0.70605,0.7063,2.80,4.80
2010.06.24 13:06:29.786,0.70605,0.7063,2.80,3.20
2010.06.24 13:06:30.303,0.70605,0.7063,2.90,3.20
2010.06.24 13:06:30.805,0.70605,0.7063,2.80,3.20
2010.06.24 13:06:34.233,0.70605,0.70625,2.00,1.00
2010.06.24 13:06:35.822,0.70605,0.70625,2.10,1.00
2010.06.24 13:06:37.895,0.70605,0.70625,1.70,1.00
2010.06.24 13:06:38.017,0.70605,0.70625,1.60,1.00
2010.06.24 13:06:44.464,0.70605,0.70625,1.00,1.00
2010.06.24 13:06:48.142,0.70605,0.70625,1.60,1.00
2010.06.24 13:06:55.185,0.70605,0.7063,1.10,10.40
2010.06.24 13:06:57.288,0.70605,0.7063,1.00,10.40
2010.06.24 13:06:59.940,0.70595,0.7062,4.80,2.80
2010.06.24 13:07:00.583,0.70595,0.7062,1.70,8.00
2010.06.24 13:07:00.636,0.70595,0.7062,1.70,6.40
2010.06.24 13:07:01.901,0.70595,0.7062,1.60,4.40
2010.06.24 13:07:02.135,0.70595,0.7062,1.60,4.80
2010.06.24 13:07:03.640,0.70595,0.7062,1.70,4.80
2010.06.24 13:07:04.995,0.70595,0.7062,1.60,4.40
2010.06.24 13:07:05.258,0.70595,0.7062,1.70,4.40
2010.06.24 13:07:06.253,0.70595,0.7062,2.10,4.40
2010.06.24 13:07:06.587,0.70595,0.7062,1.70,4.80
2010.06.24 13:07:10.123,0.70595,0.7062,2.10,4.80
2010.06.24 13:07:10.966,0.70595,0.7062,2.50,4.80
2010.06.24 13:07:11.454,0.70595,0.7062,2.50,6.40
2010.06.24 13:07:12.401,0.70605,0.70625,1.00,3.60
2010.06.24 13:07:12.749,0.70605,0.70625,1.00,4.40
2010.06.24 13:07:13.697,0.70605,0.7063,1.70,6.40
2010.06.24 13:07:15.425,0.70605,0.7063,2.70,6.40
2010.06.24 13:07:21.985,0.70605,0.7063,2.50,6.40
2010.06.24 13:07:24.923,0.70605,0.7063,1.00,8.40
2010.06.24 13:07:28.288,0.70605,0.7063,1.00,6.80
2010.06.24 13:07:28.434,0.70605,0.7063,2.50,8.40
2010.06.24 13:07:28.574,0.70605,0.7063,2.90,5.60
2010.06.24 13:07:29.264,0.7061,0.7063,1.00,2.40
2010.06.24 13:07:29.753,0.7061,0.7063,1.00,7.60
2010.06.24 13:07:29.956,0.7061,0.7063,1.00,6.00
2010.06.24 13:07:31.305,0.7061,0.7063,1.00,1.60
2010.06.24 13:07:35.560,0.7061,0.7063,1.00,3.60
2010.06.24 13:07:36.775,0.7061,0.7063,1.00,6.00
2010.06.24 13:07:37.065,0.70605,0.7063,1.00,8.40
2010.06.24 13:07:38.620,0.70605,0.7063,1.20,8.40
2010.06.24 13:07:39.811,0.70605,0.7063,1.00,8.40
2010.06.24 13:07:40.820,0.70605,0.7063,1.20,6.80
2010.06.24 13:07:41.166,0.70605,0.7063,2.80,4.80
2010.06.24 13:07:44.983,0.70605,0.7063,2.80,6.40
2010.06.24 13:07:45.111,0.70605,0.7063,2.80,6.80
2010.06.24 13:07:45.993,0.7061,0.7063,1.00,5.60
2010.06.24 13:07:46.142,0.7061,0.7063,1.60,1.20
2010.06.24 13:07:46.277,0.7061,0.70635,2.40,4.20
2010.06.24 13:07:46.878,0.7061,0.7063,2.40,1.60
2010.06.24 13:07:47.229,0.70615,0.70635,1.60,4.80
2010.06.24 13:07:47.576,0.70615,0.7063,1.60,1.00
2010.06.24 13:07:48.814,0.70615,0.7063,1.60,1.00
2010.06.24 13:07:49.155,0.70615,0.7063,1.60,2.00
2010.06.24 13:07:55.214,0.7061,0.7063,2.40,2.00
2010.06.24 13:07:57.596,0.7061,0.7063,2.40,1.00
2010.06.24 13:07:57.766,0.70615,0.7063,1.60,2.00
2010.06.24 13:08:06.014,0.7061,0.7063,2.40,2.00
2010.06.24 13:08:07.518,0.70615,0.7063,1.00,1.00
2010.06.24 13:08:07.838,0.70615,0.70635,1.60,7.20
2010.06.24 13:08:08.754,0.70615,0.70635,1.00,7.20
2010.06.24 13:08:09.102,0.7061,0.70635,2.40,8.00
2010.06.24 13:08:10.482,0.7061,0.70635,2.50,8.00
2010.06.24 13:08:10.923,0.7061,0.70635,2.40,8.00
2010.06.24 13:08:11.886,0.7061,0.70635,2.50,8.00
2010.06.24 13:08:13.250,0.70615,0.70635,1.60,6.40
2010.06.24 13:08:13.600,0.70615,0.70635,1.60,4.00
2010.06.24 13:08:15.117,0.70615,0.70635,1.60,4.80
2010.06.24 13:08:15.496,0.70615,0.70635,1.00,6.40
2010.06.24 13:08:15.685,0.7061,0.70635,2.40,7.60
2010.06.24 13:08:23.133,0.7061,0.7063,2.40,1.60
2010.06.24 13:08:23.303,0.7061,0.70635,2.40,6.00
2010.06.24 13:08:23.473,0.70615,0.70635,1.60,5.20
2010.06.24 13:08:24.295,0.70615,0.7063,1.60,2.00
2010.06.24 13:08:25.834,0.7061,0.7063,2.40,2.00
2010.06.24 13:08:33.605,0.7061,0.7063,1.00,2.80
2010.06.24 13:08:52.124,0.7061,0.7063,1.00,2.80
2010.06.24 13:08:52.365,0.7061,0.7063,1.00,5.20
2010.06.24 13:08:53.090,0.70605,0.7063,1.00,10.40
2010.06.24 13:08:53.439,0.70605,0.7062,1.70,2.00
2010.06.24 13:08:54.068,0.70605,0.7062,1.70,2.00
2010.06.24 13:08:54.347,0.70605,0.7062,1.60,2.00
2010.06.24 13:08:56.894,0.70605,0.7062,1.70,2.00
2010.06.24 13:08:57.878,0.70605,0.70625,1.00,1.00
2010.06.24 13:08:58.126,0.70605,0.7062,1.00,1.00
2010.06.24 13:08:58.244,0.70605,0.7062,2.40,2.00
2010.06.24 13:08:58.854,0.70605,0.7062,1.60,2.00
2010.06.24 13:08:58.983,0.70595,0.7062,3.30,6.80
2010.06.24 13:09:00.508,0.70595,0.7062,3.20,6.80
2010.06.24 13:09:02.932,0.70595,0.7062,2.40,6.80
2010.06.24 13:09:23.165,0.70595,0.7062,3.20,4.80
2010.06.24 13:09:23.504,0.70595,0.7062,2.40,4.80
2010.06.24 13:09:24.695,0.70595,0.7062,2.50,4.80
2010.06.24 13:09:27.177,0.70605,0.7062,1.00,1.00
2010.06.24 13:09:28.117,0.706,0.7062,1.00,4.00
2010.06.24 13:09:28.854,0.70595,0.7062,2.10,4.80
2010.06.24 13:09:29.201,0.70595,0.7062,1.70,6.40
2010.06.24 13:09:32.177,0.70595,0.7062,1.70,4.80
2010.06.24 13:09:34.664,0.70595,0.7062,1.60,4.80
2010.06.24 13:09:36.856,0.70595,0.7062,1.70,4.80
2010.06.24 13:09:51.853,0.70595,0.7062,1.60,4.80
2010.06.24 13:09:54.312,0.70595,0.7062,1.70,4.80
2010.06.24 13:09:55.185,0.70595,0.7062,1.60,4.80
2010.06.24 13:10:02.607,0.70595,0.70615,1.00,1.00
2010.06.24 13:10:02.874,0.70595,0.70615,1.00,1.60
2010.06.24 13:10:05.870,0.706,0.7062,1.00,2.40
2010.06.24 13:10:06.125,0.706,0.7062,1.00,1.00
2010.06.24 13:10:06.375,0.706,0.7062,1.60,1.00
2010.06.24 13:10:09.519,0.70605,0.7062,1.60,1.60
2010.06.24 13:10:09.807,0.70595,0.7062,3.30,1.60
2010.06.24 13:10:10.699,0.70595,0.7062,2.40,1.60
2010.06.24 13:10:10.957,0.70595,0.7062,1.60,3.60
2010.06.24 13:10:16.448,0.70595,0.70615,1.00,1.00
2010.06.24 13:10:22.104,0.70595,0.70615,1.00,1.60
2010.06.24 13:10:22.749,0.70595,0.70615,1.00,2.40
2010.06.24 13:10:23.092,0.70595,0.7061,1.00,3.20
2010.06.24 13:10:23.995,0.70595,0.70605,1.00,1.00
2010.06.24 13:10:48.580,0.70595,0.7061,1.00,3.60
2010.06.24 13:10:49.843,0.70595,0.7061,1.00,3.70
2010.06.24 13:10:50.093,0.70595,0.7061,1.00,8.00
2010.06.24 13:10:50.822,0.70595,0.70605,1.00,6.00
2010.06.24 13:10:51.151,0.70595,0.70605,1.00,11.20
2010.06.24 13:10:51.477,0.70595,0.706,1.00,1.00
2010.06.24 13:10:52.547,0.70595,0.70605,1.00,9.20
2010.06.24 13:10:53.116,0.70595,0.70605,1.00,9.40
2010.06.24 13:10:59.588,0.70595,0.70605,1.00,9.50
2010.06.24 13:11:03.357,0.70595,0.70605,1.00,8.10
2010.06.24 13:11:03.966,0.70595,0.70605,1.00,6.50
2010.06.24 13:11:04.174,0.70595,0.70605,1.00,4.90
2010.06.24 13:11:05.241,0.70595,0.706,1.00,4.00
2010.06.24 13:11:08.120,0.70585,0.7059,4.80,1.00
2010.06.24 13:11:08.487,0.70585,0.7059,4.80,1.60
2010.06.24 13:11:10.919,0.70585,0.70595,4.80,1.60
2010.06.24 13:11:11.225,0.70595,0.70605,1.00,6.10
2010.06.24 13:11:13.712,0.70595,0.70605,1.00,5.30
2010.06.24 13:11:16.114,0.70595,0.706,1.00,2.00
2010.06.24 13:11:16.365,0.70595,0.70605,1.00,7.30
2010.06.24 13:11:17.118,0.70595,0.70605,1.00,11.30
2010.06.24 13:11:17.350,0.70595,0.706,1.00,2.00
2010.06.24 13:11:25.789,0.70595,0.70605,1.00,9.70
2010.06.24 13:11:26.068,0.70595,0.70605,1.00,8.50
2010.06.24 13:11:26.890,0.70595,0.70605,1.00,13.70
2010.06.24 13:11:27.129,0.70595,0.70605,1.00,12.50
2010.06.24 13:11:27.366,0.70595,0.70605,1.00,14.90
2010.06.24 13:11:28.295,0.70595,0.70605,1.00,12.50
2010.06.24 13:11:28.973,0.70595,0.70605,1.00,13.30
2010.06.24 13:11:30.623,0.70595,0.70605,1.00,9.30
2010.06.24 13:11:31.833,0.70595,0.706,1.00,2.00
2010.06.24 13:11:38.375,0.70595,0.70605,1.00,2.90
2010.06.24 13:11:40.439,0.70585,0.70595,4.00,9.70
2010.06.24 13:11:44.825,0.70585,0.70595,4.00,8.10
2010.06.24 13:11:45.454,0.70585,0.70595,4.00,10.50
2010.06.24 13:11:51.461,0.70565,0.70585,1.20,1.60
2010.06.24 13:11:51.574,0.70585,0.70595,4.00,11.70
2010.06.24 13:11:52.221,0.70585,0.7059,4.00,1.60
2010.06.24 13:11:53.152,0.70595,0.70605,1.00,3.70
2010.06.24 13:11:54.514,0.70595,0.70605,1.00,2.90
2010.06.24 13:12:01.122,0.70595,0.70605,1.00,22.30
2010.06.24 13:12:01.293,0.70595,0.70605,1.00,23.90
2010.06.24 13:12:02.501,0.70595,0.706,1.00,1.60
2010.06.24 13:12:03.838,0.70585,0.70595,4.80,1.00
2010.06.24 13:12:04.847,0.70595,0.706,1.00,4.00
2010.06.24 13:12:07.773,0.70595,0.706,1.00,1.60
2010.06.24 13:12:08.096,0.70585,0.70595,4.80,1.00
2010.06.24 13:12:08.374,0.70585,0.7059,4.00,1.60
2010.06.24 13:12:12.072,0.70585,0.70595,4.00,4.00
2010.06.24 13:12:12.254,0.70595,0.70605,1.00,3.70
2010.06.24 13:12:13.476,0.70595,0.70605,1.00,10.90
2010.06.24 13:12:14.250,0.70595,0.70605,1.00,12.90
2010.06.24 13:12:14.582,0.70595,0.706,1.00,1.00
2010.06.24 13:12:15.505,0.70595,0.7061,1.00,1.60
2010.06.24 13:12:15.853,0.70595,0.70605,1.00,1.60
2010.06.24 13:12:16.199,0.70595,0.7061,1.00,1.00
2010.06.24 13:12:17.081,0.70595,0.70615,1.00,4.80
2010.06.24 13:12:17.427,0.70595,0.7061,1.00,3.20
2010.06.24 13:12:17.595,0.70595,0.7061,1.00,4.80
2010.06.24 13:12:17.767,0.70595,0.70605,1.00,1.60
2010.06.24 13:12:18.492,0.70595,0.70605,1.00,4.00
2010.06.24 13:12:18.841,0.70595,0.70605,1.00,1.00
2010.06.24 13:12:20.459,0.70595,0.7061,1.00,9.20
2010.06.24 13:12:20.773,0.70595,0.7061,1.00,4.00
2010.06.24 13:12:21.672,0.70595,0.7061,1.00,1.00
2010.06.24 13:12:22.653,0.70595,0.70615,1.60,1.00
2010.06.24 13:12:24.310,0.70595,0.70615,1.70,1.00
2010.06.24 13:12:26.283,0.70595,0.70615,1.60,1.00
2010.06.24 13:12:29.110,0.70595,0.70615,2.40,1.60
2010.06.24 13:12:29.639,0.70595,0.70615,2.40,2.00
2010.06.24 13:12:30.957,0.70595,0.70615,1.60,2.70
2010.06.24 13:12:31.847,0.70595,0.70615,1.60,1.60
2010.06.24 13:12:33.354,0.70595,0.70615,1.60,2.40
2010.06.24 13:12:38.688,0.70595,0.7061,1.60,1.60
2010.06.24 13:12:38.814,0.70595,0.7061,1.00,3.20
2010.06.24 13:13:00.095,0.70595,0.7061,1.60,2.40
2010.06.24 13:13:00.164,0.70595,0.7061,1.00,3.20
2010.06.24 13:13:00.593,0.70595,0.7061,1.00,4.80
2010.06.24 13:13:00.693,0.70595,0.7061,1.00,6.80
2010.06.24 13:13:00.744,0.70595,0.70605,1.00,1.00
2010.06.24 13:13:00.904,0.70595,0.70605,1.00,1.20
2010.06.24 13:13:01.550,0.70595,0.70605,1.00,1.00
2010.06.24 13:13:02.433,0.70595,0.70605,1.00,1.20
2010.06.24 13:13:02.654,0.70595,0.70605,1.00,1.60
2010.06.24 13:13:11.879,0.70595,0.70605,1.00,5.60
2010.06.24 13:13:13.942,0.70595,0.70605,1.00,5.20
2010.06.24 13:13:14.105,0.70595,0.70605,1.00,7.20
2010.06.24 13:13:14.276,0.70595,0.70605,1.00,9.20
2010.06.24 13:13:16.295,0.70595,0.70605,1.00,9.60
2010.06.24 13:13:20.036,0.70595,0.70605,1.00,8.00
2010.06.24 13:13:20.233,0.70595,0.70605,1.00,7.20
2010.06.24 13:13:45.530,0.70595,0.70605,1.00,7.60
2010.06.24 13:13:45.611,0.70595,0.70605,1.00,6.90
2010.06.24 13:13:45.684,0.70595,0.70605,1.00,8.50
2010.06.24 13:13:45.873,0.70595,0.70605,1.00,8.40
2010.06.24 13:13:51.547,0.70595,0.70605,1.00,6.80
2010.06.24 13:13:51.806,0.70595,0.70605,1.00,7.60
2010.06.24 13:13:54.054,0.70595,0.70605,1.00,7.70
2010.06.24 13:13:56.234,0.70595,0.70605,1.00,7.60
2010.06.24 13:13:57.337,0.70595,0.70605,1.00,6.80
2010.06.24 13:14:00.133,0.70595,0.70605,1.00,6.80
2010.06.24 13:14:00.804,0.70595,0.70605,1.00,6.90
2010.06.24 13:14:00.867,0.70595,0.70605,1.00,9.30
2010.06.24 13:14:01.623,0.70595,0.70605,1.00,8.90
2010.06.24 13:14:12.668,0.70595,0.70605,1.00,8.50
2010.06.24 13:14:12.793,0.70595,0.70605,1.00,7.70
2010.06.24 13:14:13.154,0.70595,0.70605,1.00,8.50
2010.06.24 13:14:14.006,0.70595,0.70605,1.00,7.70
2010.06.24 13:14:19.420,0.70595,0.70605,1.00,8.50
2010.06.24 13:14:19.843,0.70595,0.706,1.00,1.00
2010.06.24 13:14:31.185,0.70595,0.70605,1.00,8.40
2010.06.24 13:14:31.550,0.70595,0.70605,1.00,8.50
2010.06.24 13:14:33.037,0.70595,0.706,1.00,1.00
2010.06.24 13:14:49.051,0.70595,0.70605,1.00,8.90
2010.06.24 13:14:51.964,0.70595,0.70605,1.00,8.80
2010.06.24 13:14:52.075,0.70595,0.70605,1.00,7.20
2010.06.24 13:14:52.134,0.70595,0.706,1.00,1.00
2010.06.24 13:14:52.374,0.70595,0.70605,1.00,3.20
2010.06.24 13:14:52.433,0.70595,0.70605,1.00,1.60
2010.06.24 13:14:53.113,0.70595,0.70605,1.00,5.60
2010.06.24 13:14:53.419,0.70595,0.70605,1.00,1.60
2010.06.24 13:14:56.518,0.70595,0.70605,1.00,3.20
2010.06.24 13:14:57.466,0.70595,0.70605,1.00,11.60
2010.06.24 13:14:57.603,0.70595,0.70605,1.00,14.00
2010.06.24 13:14:58.332,0.70595,0.70605,1.00,8.10
2010.06.24 13:14:58.679,0.70595,0.70605,1.00,1.70
2010.06.24 13:15:01.433,0.70595,0.70605,1.00,9.60
2010.06.24 13:15:12.562,0.70595,0.70605,1.00,9.70
2010.06.24 13:15:18.412,0.70595,0.70605,1.00,9.60
2010.06.24 13:15:18.923,0.70595,0.70605,1.00,9.70
2010.06.24 13:15:24.503,0.70595,0.70605,1.00,9.60
2010.06.24 13:15:24.804,0.70595,0.70605,1.00,5.60
2010.06.24 13:15:25.380,0.70595,0.70605,1.00,2.40
2010.06.24 13:15:25.486,0.70595,0.706,1.00,1.00
2010.06.24 13:15:34.605,0.70595,0.70605,1.00,1.00
2010.06.24 13:15:35.688,0.70595,0.7061,1.00,1.00
2010.06.24 13:15:50.809,0.70595,0.70615,1.60,1.60
2010.06.24 13:15:50.938,0.70595,0.70615,1.00,1.60
2010.06.24 13:15:57.331,0.70595,0.7062,2.40,1.60
2010.06.24 13:15:57.558,0.70595,0.7062,3.20,1.60
2010.06.24 13:16:01.228,0.70595,0.7062,1.60,1.60
2010.06.24 13:16:01.796,0.70595,0.7062,2.40,1.60
2010.06.24 13:16:02.757,0.70595,0.7062,3.20,1.60
2010.06.24 13:16:10.770,0.70595,0.7062,2.40,1.60
2010.06.24 13:16:12.784,0.70595,0.7062,2.50,1.60
2010.06.24 13:16:13.133,0.70595,0.7062,3.30,1.60
2010.06.24 13:16:22.693,0.70595,0.7062,3.20,1.60
2010.06.24 13:16:24.115,0.706,0.7062,1.60,1.00
2010.06.24 13:16:24.927,0.70605,0.70625,1.60,1.00
2010.06.24 13:16:25.085,0.70605,0.7063,2.40,1.60
2010.06.24 13:16:31.476,0.70615,0.7063,1.60,1.60
2010.06.24 13:16:31.606,0.70615,0.70635,1.00,2.40
2010.06.24 13:16:31.737,0.7061,0.70635,4.80,1.60
2010.06.24 13:16:32.634,0.7062,0.7064,1.60,4.10
2010.06.24 13:16:33.787,0.7062,0.7064,1.60,3.30
2010.06.24 13:16:34.127,0.70615,0.7064,2.40,3.20
2010.06.24 13:16:34.466,0.70615,0.7064,2.40,3.30
2010.06.24 13:16:35.882,0.70615,0.7064,1.60,5.20
2010.06.24 13:16:35.990,0.70615,0.70635,1.00,1.60
2010.06.24 13:16:36.097,0.70615,0.70635,1.60,1.60
2010.06.24 13:16:37.655,0.70615,0.70635,1.00,2.40
2010.06.24 13:16:44.284,0.70615,0.70635,1.00,4.00
2010.06.24 13:16:52.203,0.70615,0.70635,1.00,2.40
2010.06.24 13:16:52.973,0.7062,0.7064,1.60,1.60
2010.06.24 13:16:54.850,0.7062,0.7064,1.60,1.70
2010.06.24 13:16:55.059,0.70615,0.7064,1.60,1.60
2010.06.24 13:16:55.481,0.70615,0.7064,2.40,1.60
2010.06.24 13:16:56.245,0.7062,0.7064,1.60,1.60
2010.06.24 13:16:56.429,0.70615,0.7064,1.00,1.60
2010.06.24 13:17:00.290,0.70615,0.7064,1.00,1.60
2010.06.24 13:17:00.621,0.70615,0.7064,1.00,1.60
2010.06.24 13:17:04.185,0.70615,0.70635,1.00,1.00
2010.06.24 13:17:04.525,0.7062,0.70635,1.00,1.00
2010.06.24 13:17:06.250,0.7062,0.7064,1.00,1.60
2010.06.24 13:17:06.400,0.70615,0.7064,1.60,1.60
2010.06.24 13:17:07.766,0.70615,0.7064,1.90,1.60
2010.06.24 13:17:08.199,0.70615,0.7064,4.90,3.20
2010.06.24 13:17:08.429,0.7062,0.7064,1.00,1.60
2010.06.24 13:17:09.236,0.70625,0.7065,3.20,1.60
2010.06.24 13:17:09.575,0.70625,0.7065,1.00,1.60
2010.06.24 13:17:14.293,0.70625,0.7065,1.60,1.60
2010.06.24 13:17:14.373,0.70625,0.7065,2.40,1.60
2010.06.24 13:17:15.776,0.70625,0.7065,2.40,3.20
2010.06.24 13:17:15.903,0.70625,0.7065,1.60,3.20
2010.06.24 13:17:16.024,0.70625,0.70645,1.00,1.00
2010.06.24 13:17:16.273,0.7062,0.70645,4.00,1.00
2010.06.24 13:17:20.084,0.7062,0.70645,4.00,1.60
2010.06.24 13:17:28.935,0.7062,0.70645,3.20,1.70
2010.06.24 13:17:30.803,0.7062,0.70645,3.20,1.60
2010.06.24 13:17:31.134,0.7062,0.70645,4.00,1.60
2010.06.24 13:17:32.791,0.7062,0.70645,4.00,2.40
2010.06.24 13:17:32.848,0.7062,0.70645,3.20,4.00
2010.06.24 13:17:32.948,0.7062,0.70645,2.40,4.00
2010.06.24 13:17:33.285,0.7062,0.70645,1.00,2.40
2010.06.24 13:17:34.222,0.7062,0.70645,1.00,4.00
2010.06.24 13:17:34.423,0.70615,0.7064,3.20,1.00
2010.06.24 13:17:35.076,0.70615,0.7064,3.20,1.60
2010.06.24 13:17:35.277,0.7061,0.70635,1.00,9.20
2010.06.24 13:17:36.985,0.7061,0.70635,1.00,9.30
2010.06.24 13:17:38.280,0.7061,0.70635,2.40,5.20
2010.06.24 13:17:38.509,0.7061,0.70635,2.40,3.20
2010.06.24 13:17:39.311,0.7061,0.70635,3.20,3.20
2010.06.24 13:17:41.254,0.7061,0.7063,1.00,1.60
2010.06.24 13:17:45.217,0.7061,0.7063,1.00,2.40
2010.06.24 13:17:46.374,0.70605,0.7063,2.50,3.20
2010.06.24 13:17:46.718,0.70605,0.7063,1.00,1.60
2010.06.24 13:17:47.981,0.70605,0.7063,1.10,1.60
2010.06.24 13:17:49.448,0.70605,0.7063,1.00,1.60
2010.06.24 13:17:51.624,0.70605,0.7063,1.10,1.60
2010.06.24 13:17:53.182,0.70605,0.7063,4.10,1.60
2010.06.24 13:17:56.902,0.7061,0.70635,1.00,1.60
2010.06.24 13:17:57.149,0.70615,0.70635,1.00,1.00
2010.06.24 13:17:57.783,0.70615,0.70635,2.40,1.00
2010.06.24 13:17:58.130,0.70615,0.7064,3.20,1.60
2010.06.24 13:18:02.893,0.7062,0.70645,1.00,2.40
2010.06.24 13:18:12.623,0.7062,0.70645,1.00,2.00
2010.06.24 13:18:12.744,0.7062,0.70645,1.00,1.60
2010.06.24 13:18:12.873,0.7062,0.70645,1.00,1.60
2010.06.24 13:18:13.545,0.7062,0.70645,4.00,1.60
2010.06.24 13:18:13.870,0.7062,0.70645,2.40,1.60
2010.06.24 13:18:14.187,0.7062,0.70645,1.00,1.60
2010.06.24 13:18:15.876,0.7062,0.70645,1.00,1.60
2010.06.24 13:18:16.042,0.70625,0.70645,1.00,1.60
2010.06.24 13:18:16.196,0.70625,0.70645,1.00,2.00
2010.06.24 13:18:16.356,0.70625,0.70645,1.00,2.40
2010.06.24 13:18:18.450,0.70625,0.70645,1.00,2.50
2010.06.24 13:18:19.203,0.70625,0.70645,1.00,1.60
2010.06.24 13:18:19.550,0.70635,0.70655,2.40,1.60
2010.06.24 13:18:20.364,0.70635,0.7066,3.20,2.40
2010.06.24 13:18:20.669,0.70635,0.7065,1.00,1.60
2010.06.24 13:18:21.834,0.70635,0.7066,1.00,1.60
2010.06.24 13:18:23.065,0.70635,0.7066,1.00,1.70
2010.06.24 13:18:24.399,0.70635,0.7066,1.60,1.60
2010.06.24 13:18:24.737,0.70635,0.7066,1.00,1.60
2010.06.24 13:18:28.563,0.70635,0.7066,1.60,1.60
2010.06.24 13:18:31.008,0.7064,0.7066,1.00,1.00
2010.06.24 13:18:31.910,0.70635,0.7066,1.60,1.00
2010.06.24 13:18:32.262,0.70635,0.7066,1.60,1.60
2010.06.24 13:18:33.225,0.70635,0.7066,1.60,3.60
2010.06.24 13:18:33.506,0.70635,0.7066,1.60,9.20
2010.06.24 13:18:34.327,0.70635,0.7066,2.40,11.60
2010.06.24 13:18:34.796,0.70635,0.7066,2.40,11.70
2010.06.24 13:18:36.136,0.70635,0.70655,1.60,1.60
2010.06.24 13:18:40.526,0.70635,0.70655,1.00,2.80
2010.06.24 13:18:40.785,0.70635,0.70655,1.00,3.20
2010.06.24 13:18:41.665,0.70635,0.70655,1.00,3.30
2010.06.24 13:18:41.957,0.70635,0.70655,1.00,4.90
2010.06.24 13:18:42.166,0.70635,0.70655,1.00,3.30
2010.06.24 13:18:43.224,0.70635,0.70655,1.00,3.20
2010.06.24 13:18:43.385,0.7063,0.70655,1.60,4.00
2010.06.24 13:18:43.545,0.7063,0.7065,1.00,2.40
2010.06.24 13:18:44.652,0.70625,0.70635,1.60,1.00
2010.06.24 13:18:45.000,0.7062,0.70635,1.60,1.00
2010.06.24 13:18:47.075,0.70615,0.70635,2.40,2.80
2010.06.24 13:18:48.153,0.70615,0.70635,3.20,2.80
2010.06.24 13:18:48.470,0.70615,0.70635,1.60,4.40
2010.06.24 13:18:53.154,0.70615,0.70635,1.60,3.60
2010.06.24 13:18:53.814,0.70615,0.70625,1.60,1.00
2010.06.24 13:18:56.434,0.70615,0.70635,1.60,3.60
2010.06.24 13:18:56.525,0.70615,0.70635,4.80,1.00
2010.06.24 13:18:56.615,0.7062,0.7064,1.00,3.20
2010.06.24 13:18:56.705,0.7062,0.7064,1.00,4.00
2010.06.24 13:18:57.355,0.7062,0.7064,1.00,4.80
2010.06.24 13:18:57.640,0.7062,0.7064,1.00,4.00
2010.06.24 13:18:58.744,0.70615,0.7064,1.00,4.00
2010.06.24 13:18:59.498,0.7062,0.7064,1.60,4.00
2010.06.24 13:18:59.818,0.7062,0.70645,1.60,6.40
2010.06.24 13:19:00.138,0.70625,0.70645,1.60,1.00
2010.06.24 13:19:00.918,0.70625,0.70645,1.60,1.60
2010.06.24 13:19:01.188,0.70625,0.70645,1.60,4.80
2010.06.24 13:19:02.264,0.70625,0.70645,1.60,4.90
2010.06.24 13:19:03.470,0.70625,0.70645,1.60,4.40
2010.06.24 13:19:03.618,0.70625,0.70645,1.60,4.00
2010.06.24 13:19:03.768,0.70625,0.70645,1.00,1.60
2010.06.24 13:19:04.386,0.7062,0.70645,1.60,1.60
2010.06.24 13:19:04.742,0.70625,0.70645,1.60,1.60
2010.06.24 13:19:13.120,0.7062,0.7064,1.00,1.00
2010.06.24 13:19:13.245,0.70625,0.70645,1.60,5.70
2010.06.24 13:19:13.483,0.70625,0.70645,1.60,4.90
2010.06.24 13:19:26.655,0.70625,0.70645,1.60,4.00
2010.06.24 13:19:31.446,0.7062,0.70645,1.60,5.60
2010.06.24 13:19:32.889,0.7062,0.70645,1.60,6.70
2010.06.24 13:19:35.574,0.7062,0.70645,1.60,6.50
2010.06.24 13:19:36.445,0.70625,0.7064,1.60,1.60
2010.06.24 13:19:42.775,0.70625,0.70645,1.60,4.80
2010.06.24 13:19:43.007,0.70625,0.70645,1.60,6.00
2010.06.24 13:19:43.260,0.70625,0.70645,1.60,4.00
2010.06.24 13:19:44.122,0.70625,0.70645,1.60,5.60
2010.06.24 13:19:45.603,0.7062,0.7064,1.00,2.40
2010.06.24 13:19:45.780,0.7062,0.7064,1.60,1.60
2010.06.24 13:19:47.353,0.7062,0.70645,1.00,4.00
2010.06.24 13:19:47.657,0.7062,0.70645,1.60,5.60
2010.06.24 13:19:51.927,0.70625,0.7065,4.10,4.80
2010.06.24 13:19:52.190,0.70625,0.7065,1.70,5.60
2010.06.24 13:19:54.567,0.7063,0.7065,1.60,4.00
2010.06.24 13:19:55.206,0.70635,0.7065,1.00,4.00
2010.06.24 13:19:56.064,0.70635,0.7065,1.70,1.00
2010.06.24 13:19:56.342,0.70635,0.7065,1.60,1.00
2010.06.24 13:19:58.941,0.70635,0.70655,1.60,4.00
2010.06.24 13:20:03.630,0.70635,0.70655,1.70,4.00
2010.06.24 13:20:03.941,0.70635,0.70655,2.50,1.00
2010.06.24 13:20:04.541,0.70635,0.7066,2.50,12.40
2010.06.24 13:20:04.891,0.70635,0.7066,2.80,6.40
2010.06.24 13:20:06.330,0.70635,0.7066,2.80,8.00
2010.06.24 13:20:07.379,0.70635,0.7066,2.80,6.40
2010.06.24 13:20:08.535,0.7064,0.70665,1.00,6.80
2010.06.24 13:20:08.878,0.7064,0.7066,1.00,1.60
2010.06.24 13:20:09.614,0.7064,0.7066,1.00,2.40
2010.06.24 13:20:09.967,0.70635,0.7066,5.50,3.20
2010.06.24 13:20:12.007,0.70635,0.7066,5.50,3.30
2010.06.24 13:20:15.420,0.70635,0.70655,4.70,1.00
2010.06.24 13:20:15.567,0.70635,0.70655,4.50,1.00
2010.06.24 13:20:15.984,0.70635,0.70655,4.30,1.00
2010.06.24 13:20:29.416,0.7064,0.7066,1.00,1.60
2010.06.24 13:20:29.758,0.7064,0.7066,1.00,1.00
2010.06.24 13:20:32.125,0.70645,0.7066,1.60,1.00
2010.06.24 13:20:40.674,0.7064,0.7066,1.00,1.00
2010.06.24 13:20:41.574,0.7064,0.7066,1.00,1.60
2010.06.24 13:20:41.775,0.7064,0.7066,1.00,2.40
2010.06.24 13:20:54.839,0.70645,0.7066,1.60,1.00
2010.06.24 13:20:55.099,0.70645,0.70665,1.60,4.00
2010.06.24 13:20:56.042,0.70645,0.70665,1.70,4.00
2010.06.24 13:20:56.327,0.7065,0.70665,1.00,4.00
2010.06.24 13:20:57.152,0.70645,0.70665,1.70,4.00
2010.06.24 13:20:57.388,0.70645,0.7067,2.00,8.80
2010.06.24 13:20:58.484,0.70645,0.7067,3.10,8.80
2010.06.24 13:20:59.172,0.70645,0.7067,4.10,8.80
2010.06.24 13:20:59.896,0.70655,0.7067,1.00,7.20
2010.06.24 13:21:00.241,0.7065,0.70675,2.40,5.60
2010.06.24 13:21:01.162,0.70655,0.70675,1.60,3.20
2010.06.24 13:21:01.390,0.7066,0.70675,1.00,2.40
2010.06.24 13:21:02.142,0.7066,0.70675,1.00,2.40
2010.06.24 13:21:02.370,0.7066,0.7068,1.00,2.40
2010.06.24 13:21:03.352,0.70655,0.7068,5.10,4.00
2010.06.24 13:21:03.595,0.70655,0.7068,3.60,4.00
2010.06.24 13:21:04.527,0.70655,0.7068,2.00,4.00
2010.06.24 13:21:08.628,0.7066,0.7068,1.00,1.60
2010.06.24 13:21:10.333,0.70665,0.7068,1.00,1.60
2010.06.24 13:21:10.611,0.7068,0.70705,1.00,5.60
2010.06.24 13:21:11.252,0.7068,0.70705,2.40,3.20
2010.06.24 13:21:11.546,0.7068,0.70705,1.60,4.80
2010.06.24 13:21:12.466,0.7068,0.707,1.00,1.60
2010.06.24 13:21:12.785,0.7069,0.707,2.40,1.60
2010.06.24 13:21:13.092,0.70695,0.70705,1.00,1.00
2010.06.24 13:21:15.116,0.7069,0.70705,1.00,1.00
2010.06.24 13:21:25.828,0.7069,0.70705,1.00,1.00
2010.06.24 13:21:30.636,0.7069,0.70705,1.00,1.00
2010.06.24 13:21:32.320,0.70685,0.70705,1.00,1.00
2010.06.24 13:21:32.759,0.70685,0.70705,1.00,1.60
2010.06.24 13:21:35.166,0.70685,0.70705,1.00,1.00
2010.06.24 13:21:37.363,0.7069,0.70705,1.00,1.00
2010.06.24 13:21:39.682,0.70685,0.70705,1.00,1.00
2010.06.24 13:21:40.032,0.7069,0.70705,1.00,1.00
2010.06.24 13:21:41.147,0.70685,0.70705,1.70,1.00
2010.06.24 13:21:42.546,0.7069,0.70705,1.00,1.00
2010.06.24 13:21:45.855,0.70685,0.70705,1.70,1.60
2010.06.24 13:21:46.902,0.70685,0.70705,1.60,1.60
2010.06.24 13:21:47.109,0.70685,0.70705,1.70,1.60
2010.06.24 13:21:50.246,0.7069,0.70705,1.00,1.00
2010.06.24 13:21:51.502,0.70685,0.70705,1.70,1.00
2010.06.24 13:21:52.411,0.7069,0.70705,1.00,1.00
2010.06.24 13:21:52.987,0.70685,0.70705,1.00,1.00
2010.06.24 13:21:53.284,0.7068,0.70685,1.00,1.00
2010.06.24 13:21:54.131,0.7067,0.70685,1.60,1.00
2010.06.24 13:21:54.402,0.7067,0.7069,1.60,1.60
2010.06.24 13:21:55.491,0.7067,0.7069,1.60,4.00
2010.06.24 13:21:55.803,0.7066,0.7068,1.00,5.60
2010.06.24 13:21:56.012,0.7066,0.7068,1.00,3.20
2010.06.24 13:21:56.782,0.7066,0.7068,1.00,2.40
2010.06.24 13:21:57.035,0.7066,0.7068,1.00,1.00
2010.06.24 13:21:59.005,0.7066,0.70675,1.00,2.00
2010.06.24 13:21:59.199,0.7066,0.7067,1.00,4.00
2010.06.24 13:21:59.389,0.7065,0.7067,4.40,4.80
2010.06.24 13:21:59.970,0.7065,0.7067,4.80,4.80
2010.06.24 13:22:00.163,0.70665,0.70685,1.00,2.50
2010.06.24 13:22:00.508,0.7066,0.70685,4.80,2.50
2010.06.24 13:22:00.846,0.7066,0.70685,4.00,2.50
2010.06.24 13:22:02.674,0.7066,0.70685,4.00,2.00
2010.06.24 13:22:02.924,0.7066,0.70685,4.00,1.60
2010.06.24 13:22:03.772,0.70665,0.70685,1.00,1.60
2010.06.24 13:22:05.155,0.70665,0.7069,1.60,4.00
2010.06.24 13:22:05.503,0.7066,0.70685,4.00,1.60
2010.06.24 13:22:05.850,0.7066,0.70685,4.80,1.60
2010.06.24 13:22:05.931,0.70665,0.70685,1.00,1.00
2010.06.24 13:22:06.924,0.7066,0.70685,5.60,1.60
2010.06.24 13:22:07.130,0.7066,0.70685,1.00,2.50
2010.06.24 13:22:07.325,0.7066,0.7068,1.00,1.00
2010.06.24 13:22:08.914,0.70655,0.7067,2.00,3.20
2010.06.24 13:22:09.162,0.7066,0.7067,2.40,1.00
2010.06.24 13:22:09.841,0.70655,0.7068,4.00,1.60
2010.06.24 13:22:10.140,0.70655,0.7068,5.60,1.60
2010.06.24 13:22:10.771,0.7066,0.70685,1.60,2.50
2010.06.24 13:22:12.924,0.7066,0.70685,1.00,2.50
2010.06.24 13:22:13.200,0.7066,0.70685,4.80,2.50
2010.06.24 13:22:14.343,0.7066,0.70685,5.60,2.50
2010.06.24 13:22:14.689,0.7066,0.70685,4.80,2.50
2010.06.24 13:22:15.040,0.7066,0.70685,5.60,2.50
2010.06.24 13:22:15.269,0.70665,0.70685,1.70,1.60
2010.06.24 13:22:15.913,0.7067,0.70685,1.00,1.60
2010.06.24 13:22:16.139,0.7067,0.7069,1.00,4.00
2010.06.24 13:22:21.614,0.7067,0.7069,1.00,3.20
2010.06.24 13:22:21.912,0.7067,0.7069,1.00,1.00
2010.06.24 13:22:22.781,0.7067,0.7069,1.00,1.00
2010.06.24 13:22:23.050,0.7067,0.7069,1.00,3.20
2010.06.24 13:22:24.206,0.70675,0.7069,1.00,1.00
2010.06.24 13:22:25.119,0.70675,0.707,1.70,4.80
2010.06.24 13:22:25.452,0.70675,0.707,4.10,1.60
2010.06.24 13:22:26.810,0.70675,0.707,4.90,1.00
2010.06.24 13:22:27.648,0.70675,0.707,5.70,2.40
2010.06.24 13:22:27.931,0.70675,0.707,5.70,1.00
2010.06.24 13:22:29.887,0.70675,0.707,4.90,1.00
2010.06.24 13:22:31.074,0.7068,0.707,1.00,1.00
2010.06.24 13:22:35.088,0.7068,0.707,1.00,1.00
2010.06.24 13:22:37.889,0.7068,0.70705,4.00,3.30
2010.06.24 13:22:41.026,0.70685,0.70705,1.00,2.40
2010.06.24 13:22:41.957,0.70685,0.70705,1.70,1.00
2010.06.24 13:22:50.785,0.70685,0.70705,1.60,1.00
2010.06.24 13:22:51.097,0.70685,0.70705,1.00,1.00
2010.06.24 13:22:51.978,0.70685,0.70705,1.00,2.40
2010.06.24 13:22:55.311,0.70685,0.70705,4.00,1.00
2010.06.24 13:23:01.875,0.7068,0.70695,1.60,3.60
2010.06.24 13:23:02.088,0.7067,0.7069,2.40,2.40
2010.06.24 13:23:02.822,0.70675,0.70695,1.60,1.30
2010.06.24 13:23:03.111,0.7067,0.7069,1.00,2.40
2010.06.24 13:23:11.936,0.7067,0.7069,1.00,2.40
2010.06.24 13:23:12.949,0.7067,0.7069,1.00,3.20
2010.06.24 13:23:13.147,0.70665,0.7069,4.00,4.00
2010.06.24 13:23:16.552,0.70665,0.70685,1.00,1.00
2010.06.24 13:23:16.666,0.70665,0.70685,1.00,1.00
2010.06.24 13:23:21.895,0.7066,0.70685,5.60,1.60
2010.06.24 13:23:26.155,0.70665,0.7069,4.00,4.00
2010.06.24 13:23:34.762,0.70665,0.7069,4.00,4.10
2010.06.24 13:23:39.424,0.7066,0.70685,2.40,2.40
2010.06.24 13:23:39.769,0.7066,0.7068,1.00,1.00
2010.06.24 13:23:55.671,0.7066,0.70685,4.00,1.60
2010.06.24 13:23:58.085,0.7066,0.70685,4.00,1.60
2010.06.24 13:23:58.289,0.7066,0.70685,3.20,2.40
2010.06.24 13:23:59.316,0.70655,0.7068,5.00,1.60
2010.06.24 13:24:02.615,0.70655,0.7068,7.00,1.60
2010.06.24 13:24:02.785,0.7066,0.7068,2.40,1.60
2010.06.24 13:24:03.406,0.7066,0.7068,2.40,1.00
2010.06.24 13:24:03.585,0.7066,0.70685,2.40,1.60
2010.06.24 13:24:07.945,0.7066,0.70685,2.40,2.00
2010.06.24 13:24:08.235,0.70655,0.7068,5.10,2.00
2010.06.24 13:24:09.101,0.7066,0.7068,1.00,1.00
2010.06.24 13:24:09.434,0.7066,0.70685,5.60,1.60
2010.06.24 13:24:10.856,0.70665,0.70685,1.00,1.60
2010.06.24 13:24:11.056,0.70665,0.70685,1.00,1.00
2010.06.24 13:24:15.111,0.70665,0.70685,1.90,1.00
2010.06.24 13:24:18.359,0.70665,0.7069,1.90,8.00
2010.06.24 13:24:18.606,0.70665,0.7069,2.70,8.00
2010.06.24 13:24:18.896,0.70665,0.7069,2.50,8.00
2010.06.24 13:24:19.758,0.7067,0.7069,1.60,2.40
2010.06.24 13:24:22.905,0.7067,0.7069,1.60,2.40
2010.06.24 13:24:23.196,0.7067,0.7069,1.60,2.40
2010.06.24 13:24:29.016,0.70665,0.7069,5.10,4.00
2010.06.24 13:24:29.303,0.70665,0.7069,4.90,4.00
2010.06.24 13:24:31.628,0.70665,0.7069,4.80,3.60
2010.06.24 13:24:32.946,0.70665,0.7069,4.80,3.70
2010.06.24 13:24:36.566,0.70665,0.7068,1.00,3.20
2010.06.24 13:24:36.822,0.70655,0.70675,1.80,4.40
2010.06.24 13:24:37.693,0.70655,0.70675,1.70,2.00
2010.06.24 13:24:38.381,0.70665,0.70675,3.20,1.00
2010.06.24 13:24:39.067,0.70665,0.7068,2.40,2.40
2010.06.24 13:24:39.361,0.7065,0.7066,1.00,1.00
2010.06.24 13:24:39.649,0.70645,0.7066,1.00,1.60
2010.06.24 13:24:42.667,0.70645,0.70665,1.00,3.20
2010.06.24 13:24:44.066,0.70645,0.7066,1.00,1.60
2010.06.24 13:24:45.155,0.70645,0.70665,1.00,1.60
2010.06.24 13:24:46.297,0.70645,0.70665,3.60,1.60
2010.06.24 13:24:46.595,0.70645,0.70665,3.70,1.60
2010.06.24 13:24:48.322,0.70645,0.7067,5.10,3.20
2010.06.24 13:24:48.941,0.70645,0.7067,5.10,3.60
2010.06.24 13:24:49.257,0.7065,0.70665,1.00,1.60
2010.06.24 13:24:52.795,0.7065,0.70665,1.00,1.60
2010.06.24 13:24:53.533,0.7065,0.70665,1.00,1.60
2010.06.24 13:24:54.164,0.7065,0.70665,1.00,1.60
2010.06.24 13:24:58.249,0.7065,0.70665,1.00,1.60
2010.06.24 13:24:58.558,0.7065,0.7067,1.00,1.00
2010.06.24 13:24:59.413,0.7065,0.7067,2.40,1.00
2010.06.24 13:24:59.689,0.7065,0.70675,2.40,6.80
2010.06.24 13:24:59.966,0.7065,0.70675,2.50,6.80
2010.06.24 13:25:00.247,0.70655,0.70675,1.00,6.80
2010.06.24 13:25:01.419,0.70665,0.70685,1.00,1.00
2010.06.24 13:25:01.626,0.70665,0.7069,1.60,6.00
2010.06.24 13:25:01.836,0.70665,0.7069,2.40,6.00
2010.06.24 13:25:02.628,0.70665,0.7069,2.40,4.40
2010.06.24 13:25:07.042,0.70665,0.7069,2.50,4.40
2010.06.24 13:25:07.357,0.70665,0.70685,2.50,1.00
2010.06.24 13:25:08.896,0.70665,0.70685,1.70,1.00
2010.06.24 13:25:16.094,0.70665,0.70685,1.60,1.00
2010.06.24 13:25:18.777,0.70665,0.70685,1.00,1.60
2010.06.24 13:25:20.468,0.70665,0.70685,1.00,1.60
2010.06.24 13:25:20.781,0.70665,0.70685,1.00,1.60
2010.06.24 13:25:24.623,0.70665,0.70685,1.90,1.60
2010.06.24 13:25:25.421,0.7067,0.70685,1.00,1.00
2010.06.24 13:25:25.760,0.7067,0.70685,1.00,1.00
2010.06.24 13:25:26.099,0.70675,0.7069,1.00,6.80
2010.06.24 13:25:26.713,0.70675,0.7069,1.00,4.40
2010.06.24 13:25:27.036,0.7067,0.70695,3.20,2.50
2010.06.24 13:25:27.349,0.7067,0.70695,3.20,2.10
2010.06.24 13:25:28.164,0.7067,0.7069,4.00,1.00
2010.06.24 13:25:28.400,0.70665,0.70685,5.20,1.00
2010.06.24 13:25:28.636,0.70665,0.7069,6.00,3.60
2010.06.24 13:25:31.703,0.70675,0.70695,1.70,1.00
2010.06.24 13:25:31.951,0.7068,0.70705,1.00,4.10
2010.06.24 13:25:32.771,0.7068,0.70705,1.00,4.00
2010.06.24 13:25:33.044,0.7068,0.70705,1.00,4.10
2010.06.24 13:25:34.451,0.7068,0.70705,1.00,4.00
2010.06.24 13:25:35.278,0.70675,0.707,4.10,1.60
2010.06.24 13:25:36.377,0.70675,0.707,6.10,1.60
2010.06.24 13:25:36.579,0.7068,0.707,2.40,1.60
2010.06.24 13:25:37.200,0.7068,0.707,2.40,1.00
2010.06.24 13:25:37.506,0.7068,0.70705,2.40,2.40
2010.06.24 13:25:39.182,0.7068,0.70705,4.00,2.40
2010.06.24 13:25:55.268,0.70685,0.70705,2.40,1.60
2010.06.24 13:25:55.986,0.70685,0.70705,3.20,1.60
2010.06.24 13:26:02.047,0.70685,0.70705,3.20,1.70
2010.06.24 13:26:02.331,0.70665,0.7069,1.30,4.00
2010.06.24 13:26:03.182,0.7067,0.70695,1.00,4.80
2010.06.24 13:26:03.461,0.7067,0.70695,1.60,3.60
2010.06.24 13:26:05.932,0.70675,0.70695,1.00,3.60
2010.06.24 13:26:06.620,0.7068,0.70695,3.20,3.60
2010.06.24 13:26:07.740,0.7069,0.70695,2.40,1.00
2010.06.24 13:26:07.899,0.7069,0.707,2.40,2.40
2010.06.24 13:26:08.056,0.7069,0.707,2.40,1.60
2010.06.24 13:26:09.656,0.7069,0.707,2.40,1.00
2010.06.24 13:26:10.394,0.70695,0.707,3.20,1.00
2010.06.24 13:26:10.742,0.70695,0.70705,3.20,1.60
2010.06.24 13:26:12.363,0.70685,0.707,3.20,3.60
2010.06.24 13:26:12.695,0.70695,0.707,3.20,1.00
2010.06.24 13:26:12.881,0.70685,0.707,3.20,3.60
2010.06.24 13:26:14.096,0.70685,0.707,3.20,6.00
2010.06.24 13:26:14.960,0.70685,0.7069,2.40,1.20
2010.06.24 13:26:15.193,0.7069,0.70695,2.40,1.00
2010.06.24 13:26:15.421,0.70685,0.70695,3.20,1.00
2010.06.24 13:26:17.763,0.70695,0.70705,3.20,1.20
2010.06.24 13:26:21.036,0.70695,0.70705,3.20,1.00
2010.06.24 13:26:21.178,0.7069,0.70705,3.20,1.00
2010.06.24 13:26:21.962,0.7069,0.70705,3.20,2.40
2010.06.24 13:26:22.287,0.7069,0.70705,3.20,1.00
2010.06.24 13:26:22.595,0.7069,0.70705,3.20,1.60
2010.06.24 13:26:26.925,0.7069,0.70705,3.20,1.00
2010.06.24 13:26:27.096,0.7069,0.70705,6.40,1.00
2010.06.24 13:26:27.267,0.7069,0.707,5.00,1.60
2010.06.24 13:26:28.022,0.7069,0.707,4.20,1.60
2010.06.24 13:26:28.205,0.7069,0.70705,2.40,2.40
2010.06.24 13:26:29.086,0.70685,0.70705,3.20,3.20
2010.06.24 13:26:29.430,0.70685,0.707,1.00,1.00
2010.06.24 13:26:31.334,0.70685,0.70705,2.40,1.00
2010.06.24 13:26:32.250,0.70685,0.70705,4.00,1.00
2010.06.24 13:26:32.604,0.70685,0.70705,9.30,1.00
2010.06.24 13:26:32.950,0.7069,0.70705,2.40,1.00
2010.06.24 13:26:33.150,0.70685,0.70705,4.00,1.00
2010.06.24 13:26:47.507,0.70685,0.70705,5.60,1.00
2010.06.24 13:26:47.690,0.7069,0.70705,2.40,1.00
2010.06.24 13:26:47.790,0.7069,0.70705,3.20,1.00
2010.06.24 13:26:48.502,0.7069,0.70705,3.20,1.60
2010.06.24 13:26:53.115,0.70685,0.707,1.00,3.20
2010.06.24 13:26:53.465,0.7068,0.707,4.80,1.00
2010.06.24 13:26:54.415,0.70675,0.707,7.30,6.40
2010.06.24 13:26:54.640,0.70675,0.707,6.20,7.20
2010.06.24 13:26:54.857,0.70675,0.707,7.80,7.20
2010.06.24 13:26:55.076,0.70675,0.707,6.20,7.20
2010.06.24 13:26:58.105,0.70675,0.707,9.80,7.20
2010.06.24 13:26:58.709,0.70685,0.707,1.60,6.40
2010.06.24 13:26:59.018,0.70685,0.70705,3.20,1.00
2010.06.24 13:26:59.318,0.70685,0.70705,3.20,1.60
2010.06.24 13:27:02.467,0.70685,0.70705,3.50,1.60
2010.06.24 13:27:02.699,0.7069,0.70705,4.80,1.00
2010.06.24 13:27:03.515,0.707,0.70705,1.00,1.00
2010.06.24 13:27:08.106,0.70695,0.70705,4.80,1.00
2010.06.24 13:27:08.989,0.70695,0.70705,2.40,1.00
2010.06.24 13:27:09.930,0.70695,0.70705,2.50,1.00
2010.06.24 13:27:16.091,0.70695,0.70705,1.70,1.00
2010.06.24 13:27:17.452,0.70695,0.70705,1.60,1.00
2010.06.24 13:27:18.795,0.7069,0.70705,3.20,1.00
2010.06.24 13:27:28.811,0.70695,0.70705,1.00,1.00
2010.06.24 13:27:30.328,0.70695,0.70705,1.00,1.00
2010.06.24 13:27:30.654,0.70695,0.70705,1.70,1.00
2010.06.24 13:27:30.987,0.707,0.70705,4.80,1.00
2010.06.24 13:27:31.887,0.70705,0.70715,3.30,4.00
2010.06.24 13:27:32.972,0.70705,0.70715,3.20,4.00
2010.06.24 13:27:34.760,0.70705,0.70715,3.30,4.00
2010.06.24 13:27:37.130,0.70705,0.70715,3.20,4.00
2010.06.24 13:27:38.102,0.70705,0.70715,4.10,4.00
2010.06.24 13:27:38.440,0.70705,0.70715,3.30,4.00
2010.06.24 13:27:38.780,0.70705,0.70715,3.20,4.00
2010.06.24 13:27:43.570,0.70705,0.70715,3.30,4.00
2010.06.24 13:27:44.658,0.70705,0.70715,3.20,4.00
2010.06.24 13:27:48.418,0.70705,0.70715,4.00,4.00
2010.06.24 13:27:52.349,0.70705,0.70715,3.20,4.00
2010.06.24 13:27:53.750,0.70705,0.70715,2.40,4.00
2010.06.24 13:27:58.050,0.7071,0.7073,2.40,3.30
2010.06.24 13:27:58.340,0.70705,0.70715,4.50,4.00
2010.06.24 13:27:58.906,0.70705,0.70715,2.90,4.00
2010.06.24 13:28:04.219,0.70695,0.70705,1.00,1.00
2010.06.24 13:28:04.837,0.70695,0.70705,1.00,1.00
2010.06.24 13:28:07.693,0.70695,0.70705,1.00,1.00
2010.06.24 13:28:07.887,0.70695,0.70705,1.00,1.00
2010.06.24 13:28:17.775,0.70695,0.70705,1.00,1.00
2010.06.24 13:28:19.967,0.70695,0.70705,1.00,1.00
2010.06.24 13:28:20.117,0.70695,0.70705,1.00,1.00
2010.06.24 13:28:21.196,0.70695,0.70705,1.00,1.00
2010.06.24 13:28:31.334,0.70685,0.70705,4.30,1.00
2010.06.24 13:28:31.478,0.70685,0.70705,3.50,1.00
2010.06.24 13:28:32.198,0.70685,0.70705,3.50,1.60
2010.06.24 13:28:32.350,0.70685,0.70705,3.20,1.00
2010.06.24 13:28:32.700,0.70685,0.70705,3.20,1.60
2010.06.24 13:28:42.578,0.70685,0.70705,3.20,3.20
2010.06.24 13:28:42.715,0.70685,0.70705,3.20,3.30
2010.06.24 13:28:43.532,0.70685,0.70705,3.20,3.20
2010.06.24 13:28:45.996,0.70685,0.70705,3.20,3.20
2010.06.24 13:28:48.108,0.7069,0.70705,3.20,3.20
2010.06.24 13:28:55.938,0.70695,0.70705,2.40,1.00
2010.06.24 13:28:57.978,0.7069,0.70705,4.20,2.40
2010.06.24 13:28:58.803,0.70685,0.70705,4.00,1.00
2010.06.24 13:28:59.975,0.70685,0.70705,7.60,1.00
2010.06.24 13:29:00.249,0.70695,0.70705,3.20,1.00
2010.06.24 13:29:00.952,0.707,0.70705,3.20,1.00
2010.06.24 13:29:01.158,0.707,0.70705,3.20,1.00
2010.06.24 13:29:01.758,0.707,0.70705,4.00,1.00
2010.06.24 13:29:06.438,0.707,0.70705,5.60,1.00
2010.06.24 13:29:07.857,0.707,0.70705,4.00,1.00
2010.06.24 13:29:19.635,0.707,0.70705,5.60,1.00
2010.06.24 13:29:19.845,0.707,0.70705,4.00,1.00
2010.06.24 13:29:20.871,0.707,0.70705,3.20,1.00
2010.06.24 13:29:21.207,0.707,0.70705,4.00,1.00
2010.06.24 13:29:27.826,0.70695,0.70705,5.40,1.00
2010.06.24 13:29:28.030,0.70695,0.70705,4.40,1.00
2010.06.24 13:29:29.750,0.707,0.70705,1.00,1.00
2010.06.24 13:29:34.089,0.70695,0.70705,4.40,1.00
2010.06.24 13:29:35.610,0.70695,0.70705,1.00,2.40
2010.06.24 13:29:35.962,0.70685,0.70705,5.00,1.60
2010.06.24 13:29:36.308,0.70685,0.70705,4.00,1.00
2010.06.24 13:29:37.402,0.7068,0.70705,5.60,4.00
2010.06.24 13:29:38.956,0.7068,0.70705,5.60,4.80
2010.06.24 13:29:39.216,0.7068,0.70705,5.60,5.60
2010.06.24 13:29:40.332,0.7068,0.70705,4.80,6.40
2010.06.24 13:29:40.657,0.7068,0.70705,4.80,6.80
2010.06.24 13:29:41.540,0.7068,0.70695,4.00,1.60
2010.06.24 13:29:42.631,0.70675,0.70695,6.80,1.60
2010.06.24 13:29:43.523,0.70675,0.707,1.60,6.00
2010.06.24 13:29:43.787,0.70675,0.70695,1.60,1.00
2010.06.24 13:29:45.525,0.70675,0.70695,1.60,1.20
2010.06.24 13:29:46.118,0.70675,0.70695,1.60,1.60
2010.06.24 13:29:47.006,0.70675,0.70695,1.60,1.00
2010.06.24 13:29:48.316,0.70675,0.70695,1.60,1.60
2010.06.24 13:29:48.536,0.70675,0.70695,1.60,1.70
2010.06.24 13:29:49.950,0.7067,0.7069,2.40,1.60
2010.06.24 13:29:50.561,0.70675,0.7069,1.00,1.60
2010.06.24 13:29:50.890,0.70675,0.70695,1.60,4.10
2010.06.24 13:29:54.396,0.70675,0.70695,1.60,4.30
2010.06.24 13:29:55.338,0.70675,0.7069,1.60,1.00
2010.06.24 13:30:00.415,0.70675,0.70695,1.60,4.10
2010.06.24 13:30:01.126,0.70675,0.70695,1.60,4.00
2010.06.24 13:30:01.293,0.70675,0.70695,1.60,3.20
2010.06.24 13:30:04.686,0.70675,0.70695,1.60,1.60
2010.06.24 13:30:05.554,0.70685,0.707,3.20,1.00
2010.06.24 13:30:05.830,0.70685,0.707,4.80,1.60
2010.06.24 13:30:06.526,0.70685,0.707,2.40,1.60
2010.06.24 13:30:06.863,0.70685,0.70705,1.60,1.60
2010.06.24 13:30:08.023,0.70685,0.70705,1.60,3.20
2010.06.24 13:30:08.742,0.70685,0.70705,1.60,4.40
2010.06.24 13:30:09.377,0.7068,0.707,4.00,1.60
2010.06.24 13:30:11.056,0.7068,0.70705,1.00,6.90
2010.06.24 13:30:12.351,0.7068,0.70705,1.00,7.10
2010.06.24 13:30:12.704,0.7068,0.707,4.00,2.40
2010.06.24 13:30:13.050,0.7068,0.707,4.00,1.00
2010.06.24 13:30:13.855,0.70685,0.70705,1.60,4.00
2010.06.24 13:30:14.349,0.70685,0.707,1.00,1.00
2010.06.24 13:30:15.194,0.70685,0.70705,2.40,2.40
2010.06.24 13:30:15.542,0.70685,0.70705,3.20,1.00
2010.06.24 13:30:16.495,0.70685,0.70705,4.00,1.00
2010.06.24 13:30:18.039,0.7069,0.70705,1.00,1.00
2010.06.24 13:30:23.405,0.70685,0.70705,4.30,1.00
2010.06.24 13:30:25.583,0.70685,0.70705,4.10,1.00
2010.06.24 13:30:28.539,0.7069,0.70705,1.00,1.00
2010.06.24 13:30:28.829,0.7069,0.70705,1.00,1.00
2010.06.24 13:30:29.697,0.70695,0.70705,1.00,1.00
2010.06.24 13:30:30.006,0.707,0.70705,1.00,1.00
2010.06.24 13:30:31.232,0.707,0.70705,1.60,1.00
2010.06.24 13:30:35.556,0.70695,0.70705,5.50,1.00
2010.06.24 13:30:36.165,0.70695,0.70705,3.10,1.00
2010.06.24 13:30:36.513,0.70685,0.70705,5.60,1.60
2010.06.24 13:30:36.864,0.70685,0.70705,4.20,1.00
2010.06.24 13:30:42.386,0.70685,0.70705,5.80,1.00
2010.06.24 13:30:45.521,0.7069,0.70705,3.20,1.00
2010.06.24 13:30:45.781,0.7069,0.70705,1.00,1.00
2010.06.24 13:30:46.036,0.70685,0.70705,4.40,1.00
2010.06.24 13:30:47.106,0.70685,0.70705,4.10,1.00
2010.06.24 13:30:47.499,0.70685,0.70705,4.00,1.00
2010.06.24 13:30:47.631,0.7069,0.70705,3.20,1.60
2010.06.24 13:30:48.254,0.7069,0.70705,3.20,1.60
2010.06.24 13:30:49.861,0.7069,0.70705,5.60,1.00
2010.06.24 13:30:51.239,0.7069,0.70705,4.80,1.00
2010.06.24 13:30:51.580,0.7069,0.70705,3.20,1.00
2010.06.24 13:30:51.921,0.70685,0.70705,6.20,1.00
2010.06.24 13:30:52.520,0.70685,0.70705,5.20,1.00
2010.06.24 13:30:52.864,0.70695,0.70715,3.20,4.00
2010.06.24 13:30:53.211,0.70695,0.70705,1.00,1.00
2010.06.24 13:30:54.036,0.70695,0.70705,2.40,1.00
2010.06.24 13:30:54.540,0.707,0.70705,3.20,1.00
2010.06.24 13:31:00.165,0.707,0.70705,2.40,1.00
2010.06.24 13:31:00.998,0.707,0.70705,3.20,1.00
2010.06.24 13:31:01.233,0.7069,0.70705,5.00,1.00
2010.06.24 13:31:01.459,0.70685,0.70705,5.30,1.00
2010.06.24 13:31:02.079,0.70685,0.70705,6.10,1.00
2010.06.24 13:31:02.339,0.7069,0.70705,1.00,1.00
2010.06.24 13:31:02.589,0.7069,0.70705,3.20,1.00
2010.06.24 13:31:03.718,0.70695,0.70705,1.00,1.00
2010.06.24 13:31:04.038,0.707,0.70705,3.20,1.00
2010.06.24 13:31:05.673,0.7069,0.70705,1.00,1.00
2010.06.24 13:31:06.581,0.70685,0.70705,4.20,1.00
2010.06.24 13:31:06.849,0.70685,0.70705,5.80,1.00
2010.06.24 13:31:07.466,0.70685,0.70705,4.20,1.00
2010.06.24 13:31:08.350,0.70685,0.70705,5.80,1.00
2010.06.24 13:31:09.217,0.70685,0.70705,4.20,1.00
2010.06.24 13:31:09.412,0.70685,0.70705,4.10,1.00
2010.06.24 13:31:10.404,0.70685,0.70705,3.20,3.80
2010.06.24 13:31:10.756,0.70675,0.707,4.90,1.60
2010.06.24 13:31:11.825,0.70685,0.70705,4.80,2.00
2010.06.24 13:31:12.686,0.70685,0.70705,2.40,4.40
2010.06.24 13:31:12.999,0.70685,0.70705,2.40,2.80
2010.06.24 13:31:13.601,0.70685,0.70705,2.40,4.40
2010.06.24 13:31:16.356,0.70675,0.707,3.30,1.60
2010.06.24 13:31:20.201,0.70675,0.70695,1.70,1.00
2010.06.24 13:31:21.947,0.70675,0.70695,1.60,1.00
2010.06.24 13:31:23.246,0.70675,0.70695,1.60,1.60
2010.06.24 13:31:23.905,0.70675,0.70695,1.60,1.70
2010.06.24 13:31:27.373,0.70675,0.70695,1.60,1.90
2010.06.24 13:31:27.578,0.70675,0.70695,1.60,2.10
2010.06.24 13:31:27.777,0.70675,0.70695,1.00,5.30
2010.06.24 13:31:28.428,0.7067,0.70695,4.00,6.10
2010.06.24 13:31:30.072,0.7067,0.70695,3.20,6.90
2010.06.24 13:31:31.518,0.7067,0.70695,3.20,6.10
2010.06.24 13:31:31.967,0.7067,0.70695,3.20,6.90
2010.06.24 13:31:33.135,0.7067,0.70695,3.20,6.10
2010.06.24 13:31:34.767,0.7067,0.70695,3.20,6.00
2010.06.24 13:31:39.957,0.7067,0.70695,3.20,6.40
2010.06.24 13:31:40.297,0.7067,0.70685,3.20,1.00
2010.06.24 13:31:40.909,0.7067,0.70685,3.20,1.00
2010.06.24 13:31:41.250,0.7067,0.70685,1.60,1.00
2010.06.24 13:31:41.503,0.7067,0.70685,1.60,1.00
2010.06.24 13:31:42.574,0.7067,0.70685,1.60,1.00
2010.06.24 13:31:43.808,0.7067,0.70685,1.60,1.00
2010.06.24 13:31:46.747,0.7067,0.70685,1.60,1.00
2010.06.24 13:31:48.398,0.70665,0.70685,2.40,3.20
2010.06.24 13:31:49.683,0.70665,0.70685,2.40,3.30
2010.06.24 13:31:49.965,0.70665,0.70685,2.40,3.60
2010.06.24 13:31:50.830,0.70665,0.7068,2.40,1.60
2010.06.24 13:31:52.511,0.70665,0.70685,2.40,4.40
2010.06.24 13:31:53.908,0.70665,0.70685,2.40,3.60
2010.06.24 13:31:55.065,0.70665,0.70685,1.00,3.60
2010.06.24 13:31:55.287,0.7066,0.70675,2.40,1.60
2010.06.24 13:31:57.761,0.70655,0.70675,3.60,1.60
2010.06.24 13:32:02.373,0.7066,0.70675,2.40,1.60
2010.06.24 13:32:11.929,0.7066,0.7068,2.40,1.60
2010.06.24 13:32:12.478,0.7066,0.70675,2.40,1.60
2010.06.24 13:32:13.378,0.70675,0.7069,4.00,1.00
2010.06.24 13:32:13.622,0.7068,0.707,1.00,4.40
2010.06.24 13:32:14.265,0.7068,0.707,1.00,2.00
2010.06.24 13:32:14.613,0.7068,0.707,1.00,1.60
2010.06.24 13:32:18.249,0.70675,0.707,4.80,3.20
2010.06.24 13:32:21.086,0.70675,0.707,4.90,3.20
2010.06.24 13:32:22.147,0.70675,0.707,4.80,3.20
2010.06.24 13:32:26.350,0.70675,0.707,5.60,3.20
2010.06.24 13:32:27.004,0.7068,0.70705,4.00,6.40
2010.06.24 13:32:27.818,0.7068,0.70705,4.00,5.60
2010.06.24 13:32:28.038,0.70685,0.70705,3.20,2.40
2010.06.24 13:32:28.653,0.7069,0.70705,1.00,1.00
2010.06.24 13:32:29.257,0.707,0.70705,2.40,1.00
2010.06.24 13:32:29.911,0.70695,0.70705,1.00,1.00
2010.06.24 13:32:30.172,0.70695,0.70705,2.70,1.00
2010.06.24 13:32:32.643,0.70695,0.70705,3.80,1.00
2010.06.24 13:32:32.952,0.707,0.70705,2.40,1.00
2010.06.24 13:32:35.325,0.70695,0.70705,5.10,1.00
2010.06.24 13:32:35.672,0.70695,0.70705,4.30,1.00
2010.06.24 13:32:36.250,0.70695,0.70705,3.50,1.00
2010.06.24 13:32:39.408,0.70695,0.70705,4.30,1.00
2010.06.24 13:32:40.362,0.707,0.70705,2.40,1.00
2010.06.24 13:32:40.613,0.70695,0.70705,4.30,1.00
2010.06.24 13:32:40.856,0.70695,0.70705,3.50,1.00
2010.06.24 13:32:43.550,0.70695,0.70705,2.70,1.00
2010.06.24 13:32:43.813,0.70695,0.70705,2.60,1.00
2010.06.24 13:32:45.198,0.70695,0.70705,9.80,1.00
2010.06.24 13:32:45.442,0.707,0.70705,2.40,1.00
2010.06.24 13:32:46.295,0.70695,0.70705,4.00,1.00
2010.06.24 13:32:46.645,0.707,0.70705,2.40,1.00
2010.06.24 13:32:51.561,0.70695,0.70705,3.20,1.00
2010.06.24 13:32:52.439,0.70695,0.70705,2.40,1.00
2010.06.24 13:32:52.735,0.707,0.70705,12.00,1.00
2010.06.24 13:32:54.200,0.707,0.70705,9.10,1.00
2010.06.24 13:32:55.831,0.707,0.70705,2.40,1.00
2010.06.24 13:32:57.133,0.70695,0.70705,2.40,1.00
2010.06.24 13:32:57.493,0.7069,0.70705,4.00,1.00
2010.06.24 13:32:58.259,0.70695,0.70705,2.40,1.00
2010.06.24 13:32:59.408,0.70695,0.70705,3.20,1.00
2010.06.24 13:32:59.752,0.70695,0.70705,3.30,1.00
2010.06.24 13:33:00.743,0.70695,0.70705,4.90,1.00
2010.06.24 13:33:02.337,0.70695,0.70705,5.10,1.00
2010.06.24 13:33:02.805,0.70695,0.70705,4.30,1.00
2010.06.24 13:33:03.017,0.70695,0.70705,4.30,1.00
2010.06.24 13:33:03.813,0.70695,0.70705,5.10,1.00
2010.06.24 13:33:04.109,0.70695,0.70705,4.30,1.00
2010.06.24 13:33:05.111,0.70695,0.70705,5.10,1.00
2010.06.24 13:33:05.338,0.70695,0.70705,4.30,1.00
2010.06.24 13:33:07.027,0.70695,0.70705,5.10,1.00
2010.06.24 13:33:07.366,0.70695,0.70705,4.30,1.00
2010.06.24 13:33:09.976,0.70695,0.70705,4.10,1.00
2010.06.24 13:33:12.117,0.70695,0.70705,4.00,1.00
2010.06.24 13:33:12.377,0.70695,0.70705,4.80,1.00
2010.06.24 13:33:13.495,0.70695,0.70705,4.90,1.00
2010.06.24 13:33:13.616,0.70695,0.70705,4.10,1.00
2010.06.24 13:33:14.452,0.7072,0.7073,4.00,1.00
2010.06.24 13:33:14.763,0.7072,0.7074,3.20,3.20
2010.06.24 13:33:15.553,0.7072,0.70745,4.00,8.80
2010.06.24 13:33:15.881,0.70725,0.70745,1.00,1.00
2010.06.24 13:33:16.821,0.7073,0.7075,2.40,4.00
2010.06.24 13:33:17.147,0.7072,0.70735,2.40,1.60
2010.06.24 13:33:18.105,0.7072,0.70735,2.40,2.40
2010.06.24 13:33:19.601,0.7072,0.7074,3.20,1.00
2010.06.24 13:33:19.850,0.7072,0.7074,2.40,2.40
2010.06.24 13:33:20.498,0.70725,0.7074,1.00,1.00
2010.06.24 13:33:20.832,0.70725,0.70745,1.00,1.60
2010.06.24 13:33:21.829,0.70725,0.7075,1.00,2.40
2010.06.24 13:33:23.142,0.70725,0.7075,1.00,2.40
2010.06.24 13:33:23.374,0.7073,0.7075,1.00,2.40
2010.06.24 13:33:24.422,0.7074,0.7075,2.40,1.60
2010.06.24 13:33:24.692,0.7073,0.70755,4.00,1.60
2010.06.24 13:33:25.545,0.70735,0.70755,3.20,1.60
2010.06.24 13:33:25.893,0.7074,0.70755,3.20,1.60
2010.06.24 13:33:26.242,0.70745,0.7076,2.40,2.40
2010.06.24 13:33:27.109,0.70735,0.70755,2.40,2.80
2010.06.24 13:33:27.398,0.70735,0.70755,2.40,3.20
2010.06.24 13:33:28.648,0.70735,0.70755,2.40,3.30
2010.06.24 13:33:31.078,0.70735,0.70755,2.40,3.50
2010.06.24 13:33:31.430,0.7073,0.7075,2.40,2.40
2010.06.24 13:33:32.309,0.7071,0.70735,4.80,4.70
2010.06.24 13:33:32.548,0.7071,0.70735,4.80,6.30
2010.06.24 13:33:33.422,0.7071,0.70735,4.00,2.50
2010.06.24 13:33:38.528,0.7071,0.70735,4.00,4.50
2010.06.24 13:33:39.454,0.70705,0.70725,1.00,1.60
2010.06.24 13:33:43.561,0.7071,0.7073,4.00,2.40
2010.06.24 13:33:43.911,0.70715,0.7073,1.00,1.00
2010.06.24 13:33:44.514,0.70715,0.7073,1.00,2.40
2010.06.24 13:33:44.865,0.70715,0.70735,1.60,2.30
2010.06.24 13:33:46.547,0.70715,0.7073,1.60,1.60
2010.06.24 13:33:46.876,0.70715,0.70735,1.60,2.30
2010.06.24 13:33:47.441,0.70715,0.70735,1.60,3.90
2010.06.24 13:33:47.765,0.70715,0.70735,1.00,4.70
2010.06.24 13:33:48.017,0.7071,0.70735,3.20,5.50
2010.06.24 13:33:48.266,0.7071,0.70735,3.20,3.90
2010.06.24 13:33:48.516,0.7071,0.70735,3.20,5.50
2010.06.24 13:33:49.587,0.70715,0.70735,1.00,5.50
2010.06.24 13:33:51.308,0.7071,0.70735,4.00,5.50
2010.06.24 13:33:54.449,0.7071,0.70735,4.10,5.50
2010.06.24 13:33:58.971,0.7071,0.70735,4.90,4.70
2010.06.24 13:33:59.302,0.7072,0.7074,2.40,1.00
2010.06.24 13:34:00.906,0.7072,0.70735,3.20,1.00
2010.06.24 13:34:01.183,0.70715,0.70735,1.00,1.00
2010.06.24 13:34:02.653,0.70715,0.70735,1.00,1.70
2010.06.24 13:34:02.766,0.70715,0.70735,1.00,1.60
2010.06.24 13:34:03.768,0.70715,0.70735,1.00,1.00
2010.06.24 13:34:08.762,0.70715,0.70735,1.00,1.00
2010.06.24 13:34:09.115,0.7072,0.70745,2.40,3.20
2010.06.24 13:34:21.096,0.7072,0.70745,2.40,4.40
2010.06.24 13:34:21.759,0.7072,0.70745,2.40,4.80
2010.06.24 13:34:21.953,0.70715,0.70735,1.00,1.00
2010.06.24 13:34:27.090,0.7071,0.70735,4.00,2.40
2010.06.24 13:34:28.055,0.7071,0.70735,3.20,2.40
2010.06.24 13:34:28.874,0.7071,0.70735,3.20,1.60
2010.06.24 13:34:32.192,0.7071,0.70735,3.20,1.00
2010.06.24 13:34:32.422,0.70715,0.70735,1.00,1.00
2010.06.24 13:34:38.442,0.70715,0.7074,1.00,1.60
2010.06.24 13:34:39.453,0.7072,0.7074,1.00,1.60
2010.06.24 13:34:39.755,0.70725,0.7075,2.40,1.60
2010.06.24 13:34:40.592,0.7073,0.7075,1.00,1.60
2010.06.24 13:34:42.256,0.7073,0.7075,1.00,3.20
2010.06.24 13:34:47.461,0.7073,0.70755,1.00,3.20
2010.06.24 13:34:50.236,0.7073,0.70755,1.00,8.40
2010.06.24 13:34:51.587,0.7073,0.70755,1.00,8.50
2010.06.24 13:34:52.954,0.7073,0.70755,1.00,8.40
2010.06.24 13:34:54.197,0.70725,0.7075,1.00,3.20
2010.06.24 13:35:00.536,0.70725,0.7075,1.10,3.20
2010.06.24 13:35:00.769,0.70725,0.7075,1.00,3.20
2010.06.24 13:35:01.391,0.70725,0.7075,1.00,3.20
2010.06.24 13:35:01.742,0.70725,0.7075,1.00,3.30
2010.06.24 13:35:02.659,0.70725,0.70745,1.00,1.00
2010.06.24 13:35:03.018,0.70725,0.7075,2.40,3.20
2010.06.24 13:35:03.266,0.70725,0.7075,1.00,3.30
2010.06.24 13:35:04.855,0.70725,0.7075,1.00,1.70
2010.06.24 13:35:05.556,0.70725,0.7075,1.00,3.30
2010.06.24 13:35:05.846,0.70725,0.7075,1.00,3.20
2010.06.24 13:35:06.949,0.70725,0.7075,1.00,4.10
2010.06.24 13:35:08.190,0.70725,0.7075,1.00,3.30
2010.06.24 13:35:08.481,0.7072,0.70745,3.20,1.60
2010.06.24 13:35:09.091,0.7072,0.70745,3.20,3.20
2010.06.24 13:35:09.444,0.7072,0.7074,1.00,1.60
2010.06.24 13:35:12.987,0.7072,0.7074,1.00,2.40
2010.06.24 13:35:14.606,0.7072,0.7074,1.00,1.60
2010.06.24 13:35:15.846,0.7072,0.7074,1.60,1.00
2010.06.24 13:35:18.650,0.7072,0.7074,1.00,1.60
2010.06.24 13:35:19.922,0.7072,0.7074,1.60,1.00
2010.06.24 13:35:20.170,0.70725,0.70745,1.60,3.10
2010.06.24 13:35:20.410,0.70725,0.70745,3.20,1.50
2010.06.24 13:35:22.939,0.70725,0.7075,5.00,4.00
2010.06.24 13:35:23.272,0.70725,0.7075,8.20,3.20
2010.06.24 13:35:24.366,0.70725,0.7075,8.20,2.40
2010.06.24 13:35:24.706,0.7073,0.7075,1.00,1.60
2010.06.24 13:35:28.760,0.7073,0.7075,1.00,2.40
2010.06.24 13:35:32.496,0.7073,0.7075,1.00,1.60
2010.06.24 13:35:33.223,0.70735,0.70755,1.80,1.00
2010.06.24 13:35:33.548,0.70735,0.70755,4.20,2.40
2010.06.24 13:35:33.879,0.70735,0.70755,4.00,2.40
2010.06.24 13:35:34.748,0.70735,0.70755,4.00,1.00
2010.06.24 13:35:37.755,0.70735,0.70755,4.10,1.00
2010.06.24 13:35:37.946,0.70735,0.70755,4.90,1.00
2010.06.24 13:35:38.585,0.70735,0.7076,4.90,4.80
2010.06.24 13:35:38.782,0.7074,0.70765,1.60,8.00
2010.06.24 13:35:39.010,0.7074,0.70765,1.60,7.90
2010.06.24 13:35:40.096,0.70745,0.70765,1.00,3.10
2010.06.24 13:35:40.958,0.70745,0.70765,1.00,4.00
2010.06.24 13:35:41.300,0.7075,0.7077,1.60,3.20
2010.06.24 13:35:41.638,0.7075,0.7077,1.00,3.20
2010.06.24 13:35:42.880,0.70745,0.70765,1.00,1.60
2010.06.24 13:35:43.187,0.7074,0.70765,8.00,3.90
2010.06.24 13:35:43.826,0.7074,0.70765,7.20,3.90
2010.06.24 13:35:44.093,0.7074,0.7076,1.00,2.40
2010.06.24 13:35:47.388,0.7074,0.7075,1.00,1.60
2010.06.24 13:35:47.679,0.70735,0.7075,1.60,3.20
2010.06.24 13:35:48.470,0.70725,0.70745,5.10,1.00
2010.06.24 13:35:48.831,0.70725,0.70745,4.90,1.00
2010.06.24 13:35:50.781,0.70725,0.70745,3.00,2.40
2010.06.24 13:35:51.391,0.70725,0.70745,2.40,2.60
2010.06.24 13:35:51.693,0.70715,0.70735,1.00,2.40
2010.06.24 13:35:53.769,0.7071,0.70735,3.20,5.20
2010.06.24 13:35:53.937,0.70705,0.7073,1.00,2.40
2010.06.24 13:35:54.828,0.70705,0.7073,1.00,2.40
2010.06.24 13:35:56.774,0.707,0.70725,3.20,1.60
2010.06.24 13:35:59.143,0.70705,0.70725,1.00,1.00
2010.06.24 13:35:59.378,0.70705,0.7073,1.00,1.60
2010.06.24 13:36:01.689,0.707,0.70725,3.20,1.60
2010.06.24 13:36:02.027,0.707,0.70725,4.00,1.60
2010.06.24 13:36:02.370,0.707,0.70725,3.20,1.60
2010.06.24 13:36:12.616,0.707,0.70725,4.80,1.60
2010.06.24 13:36:13.607,0.707,0.70725,3.20,1.60
2010.06.24 13:36:15.522,0.707,0.7072,3.20,1.00
2010.06.24 13:36:17.258,0.707,0.7072,3.30,1.00
2010.06.24 13:36:17.487,0.707,0.7072,3.20,1.00
2010.06.24 13:36:18.496,0.707,0.7072,1.00,1.60
2010.06.24 13:36:20.508,0.707,0.7072,1.00,2.40
2010.06.24 13:36:20.574,0.70695,0.70715,4.00,1.00
2010.06.24 13:36:20.631,0.70695,0.70715,1.00,1.00
2010.06.24 13:36:21.419,0.70695,0.70715,1.00,1.00
2010.06.24 13:36:22.288,0.70695,0.7072,1.90,1.60
2010.06.24 13:36:22.970,0.70695,0.70715,4.30,1.60
2010.06.24 13:36:23.168,0.70695,0.70715,1.00,1.00
2010.06.24 13:36:23.966,0.70695,0.70715,1.10,1.00
2010.06.24 13:36:24.801,0.70695,0.70715,4.10,1.60
2010.06.24 13:36:25.061,0.70695,0.70715,4.30,1.60
2010.06.24 13:36:25.320,0.707,0.70715,2.40,1.60
2010.06.24 13:36:28.711,0.707,0.7072,3.20,2.40
2010.06.24 13:36:29.854,0.707,0.7072,3.20,2.40
2010.06.24 13:36:30.198,0.7071,0.7073,2.40,4.80
2010.06.24 13:36:30.966,0.7071,0.7073,2.40,1.60
2010.06.24 13:36:33.188,0.7071,0.70735,4.00,5.20
2010.06.24 13:36:40.927,0.7071,0.70735,4.00,5.10
2010.06.24 13:36:41.598,0.7071,0.70735,4.00,7.90
2010.06.24 13:36:41.944,0.707,0.70715,2.40,1.60
2010.06.24 13:36:43.050,0.70695,0.70715,3.20,2.40
2010.06.24 13:36:44.535,0.70695,0.70715,3.30,2.40
2010.06.24 13:36:45.573,0.707,0.70715,2.40,1.60
2010.06.24 13:37:03.108,0.707,0.7072,2.40,3.20
2010.06.24 13:37:03.858,0.707,0.70715,2.40,1.60
2010.06.24 13:37:06.775,0.70705,0.7072,1.00,1.00
2010.06.24 13:37:07.123,0.70705,0.70725,1.00,1.90
2010.06.24 13:37:08.069,0.70705,0.70725,1.00,3.50
2010.06.24 13:37:09.639,0.70705,0.70725,1.00,3.20
2010.06.24 13:37:09.978,0.7071,0.70725,2.40,1.60
2010.06.24 13:37:13.541,0.70715,0.7073,1.60,1.00
2010.06.24 13:37:14.520,0.70715,0.7073,1.70,1.00
2010.06.24 13:37:21.806,0.70715,0.70735,1.70,1.60
2010.06.24 13:37:23.741,0.70715,0.70735,1.60,1.60
2010.06.24 13:37:25.190,0.7071,0.7073,2.40,1.60
2010.06.24 13:37:25.492,0.70705,0.7073,1.70,5.60
2010.06.24 13:37:26.352,0.70705,0.7073,1.70,4.00
2010.06.24 13:37:29.658,0.707,0.70725,4.00,3.20
2010.06.24 13:37:29.902,0.707,0.7072,3.20,1.60
2010.06.24 13:37:31.978,0.707,0.7072,4.00,1.00
2010.06.24 13:37:32.972,0.70705,0.70725,1.60,1.00
2010.06.24 13:37:33.120,0.70705,0.70725,1.60,1.00
2010.06.24 13:37:33.269,0.70705,0.70725,1.00,1.00
2010.06.24 13:37:34.006,0.70705,0.70725,1.00,1.60
2010.06.24 13:37:34.305,0.70705,0.70725,1.60,1.00
2010.06.24 13:37:39.199,0.70705,0.70725,2.10,1.00
2010.06.24 13:37:40.131,0.7071,0.70735,4.80,3.20
2010.06.24 13:37:40.460,0.7071,0.70735,4.80,4.80
2010.06.24 13:37:41.371,0.7071,0.70735,1.00,5.60
2010.06.24 13:37:42.061,0.7071,0.70735,1.00,5.70
2010.06.24 13:37:43.028,0.7071,0.70735,1.60,5.70
2010.06.24 13:37:46.170,0.70705,0.7073,1.00,1.60
2010.06.24 13:37:46.368,0.70705,0.7073,1.00,1.70
2010.06.24 13:37:47.861,0.70705,0.7073,1.00,1.60
2010.06.24 13:37:49.091,0.70705,0.70725,1.70,1.00
2010.06.24 13:37:49.342,0.70705,0.70725,1.60,1.00
2010.06.24 13:37:56.465,0.70705,0.70725,1.70,1.00
2010.06.24 13:37:59.559,0.70705,0.7073,2.50,6.40
2010.06.24 13:37:59.841,0.70705,0.7073,2.50,3.20
2010.06.24 13:38:00.950,0.70705,0.7073,2.10,3.20
2010.06.24 13:38:01.516,0.7071,0.7073,2.40,2.40
2010.06.24 13:38:02.357,0.7071,0.7073,2.40,3.20
2010.06.24 13:38:02.702,0.70715,0.7073,1.00,4.80
2010.06.24 13:38:03.650,0.70715,0.7073,1.00,3.20
2010.06.24 13:38:05.306,0.70705,0.7072,1.00,1.60
2010.06.24 13:38:05.530,0.707,0.70725,3.20,4.00
2010.06.24 13:38:06.332,0.707,0.7072,2.40,1.60
2010.06.24 13:38:06.684,0.70705,0.7073,1.00,4.80
2010.06.24 13:38:07.029,0.70705,0.70725,1.00,1.60
2010.06.24 13:38:07.870,0.70705,0.7073,1.00,3.20
2010.06.24 13:38:08.121,0.70705,0.7073,1.00,3.20
2010.06.24 13:38:10.579,0.70705,0.7073,1.00,3.20
2010.06.24 13:38:12.824,0.70705,0.7073,1.70,3.20
2010.06.24 13:38:13.998,0.70705,0.7073,1.00,3.20
2010.06.24 13:38:15.890,0.70705,0.7073,1.00,5.20
2010.06.24 13:38:16.867,0.70695,0.7072,5.90,1.60
2010.06.24 13:38:18.830,0.70695,0.7072,5.70,1.60
2010.06.24 13:38:19.529,0.70695,0.70705,1.00,1.00
2010.06.24 13:38:20.738,0.70695,0.70705,1.00,1.60
2010.06.24 13:38:20.982,0.70695,0.707,1.00,1.00
2010.06.24 13:38:22.180,0.70695,0.707,1.00,2.40
2010.06.24 13:38:23.157,0.70695,0.707,1.00,6.40
2010.06.24 13:38:25.847,0.70695,0.707,1.00,4.40
2010.06.24 13:38:26.134,0.70695,0.707,1.00,8.40
2010.06.24 13:38:27.050,0.70695,0.707,1.00,4.40
2010.06.24 13:38:29.983,0.7066,0.70685,4.00,3.20
2010.06.24 13:38:30.279,0.70665,0.70685,1.00,3.20
2010.06.24 13:38:32.911,0.70665,0.7068,1.00,1.60
2010.06.24 13:38:33.249,0.70685,0.7069,4.00,18.80
2010.06.24 13:38:34.219,0.70665,0.70685,4.90,3.20
2010.06.24 13:38:34.406,0.70665,0.70685,1.00,3.20
2010.06.24 13:38:35.231,0.70685,0.7069,4.00,18.80
2010.06.24 13:38:38.096,0.7066,0.7068,1.00,2.40
2010.06.24 13:38:41.623,0.70685,0.7069,4.00,6.40
2010.06.24 13:38:41.975,0.70685,0.7069,4.80,4.00
2010.06.24 13:38:42.891,0.70695,0.707,1.00,2.00
2010.06.24 13:38:57.338,0.7064,0.70675,8.80,2.80
2010.06.24 13:38:57.593,0.70645,0.7067,1.60,3.20
2010.06.24 13:38:58.410,0.70645,0.70665,1.00,1.60
2010.06.24 13:38:58.666,0.7065,0.70665,1.60,1.60
2010.06.24 13:38:59.863,0.70645,0.70665,2.40,1.60
2010.06.24 13:39:00.480,0.70645,0.70665,1.00,1.60
2010.06.24 13:39:01.695,0.7064,0.70665,3.20,1.60
2010.06.24 13:39:02.825,0.7064,0.70665,1.00,4.80
2010.06.24 13:39:05.796,0.7064,0.70665,1.00,5.60
2010.06.24 13:39:07.018,0.7064,0.7066,1.00,1.00
2010.06.24 13:39:07.362,0.70635,0.7066,5.70,3.20
2010.06.24 13:39:08.762,0.70635,0.70655,4.10,1.00
2010.06.24 13:39:10.080,0.70635,0.70655,4.10,1.00
2010.06.24 13:39:11.797,0.70635,0.70655,4.30,1.00
2010.06.24 13:39:12.835,0.70635,0.7066,5.80,3.20
2010.06.24 13:39:14.217,0.70635,0.7066,5.70,3.20
2010.06.24 13:39:14.457,0.70635,0.7066,5.80,3.20
2010.06.24 13:39:15.132,0.70635,0.7066,5.70,3.20
2010.06.24 13:39:20.078,0.70635,0.7066,5.80,3.20
2010.06.24 13:39:20.948,0.70635,0.7066,5.70,3.20
2010.06.24 13:39:22.345,0.70635,0.7066,4.80,3.20
2010.06.24 13:39:23.617,0.70635,0.7066,5.60,3.20
2010.06.24 13:39:25.688,0.70635,0.7066,5.40,3.20
2010.06.24 13:39:27.623,0.70635,0.7066,5.40,3.30
2010.06.24 13:39:31.196,0.70635,0.70655,3.80,1.00
2010.06.24 13:39:32.127,0.70635,0.7066,4.60,4.10
2010.06.24 13:39:32.420,0.70635,0.7066,5.40,3.20
2010.06.24 13:39:34.088,0.70635,0.70655,4.50,1.00
2010.06.24 13:39:34.348,0.70635,0.70655,3.70,1.00
2010.06.24 13:39:36.321,0.70635,0.7066,4.70,3.20
2010.06.24 13:39:36.652,0.70635,0.7066,6.50,3.20
2010.06.24 13:39:37.893,0.70645,0.70665,1.00,4.00
2010.06.24 13:39:38.230,0.7064,0.7066,2.40,1.00
2010.06.24 13:39:38.815,0.7064,0.7066,1.60,1.00
2010.06.24 13:39:39.060,0.7064,0.7066,1.70,1.00
2010.06.24 13:39:39.291,0.70645,0.7066,1.00,1.00
2010.06.24 13:39:40.000,0.70645,0.70665,1.70,1.60
2010.06.24 13:39:40.345,0.70645,0.7067,4.90,4.80
2010.06.24 13:39:40.690,0.70645,0.70665,4.90,1.60
2010.06.24 13:39:41.418,0.70645,0.7067,4.90,4.80
2010.06.24 13:39:42.103,0.70645,0.7067,1.10,6.40
2010.06.24 13:39:45.029,0.70645,0.7067,1.00,6.40
2010.06.24 13:39:45.308,0.70645,0.7067,4.90,3.20
2010.06.24 13:39:49.437,0.70645,0.7067,4.80,3.20
2010.06.24 13:40:00.467,0.70645,0.7067,4.80,3.20
2010.06.24 13:40:00.746,0.70645,0.7067,4.80,3.20
2010.06.24 13:40:02.791,0.70645,0.7067,4.90,3.20
2010.06.24 13:40:04.327,0.70645,0.7067,4.80,3.20
2010.06.24 13:40:05.040,0.70645,0.7067,2.40,6.40
2010.06.24 13:40:05.384,0.7064,0.70665,7.20,3.20
2010.06.24 13:40:06.598,0.70645,0.70665,1.00,2.40
2010.06.24 13:40:06.889,0.7065,0.7067,1.60,6.40
2010.06.24 13:40:07.181,0.7065,0.7067,1.60,5.60
2010.06.24 13:40:08.028,0.7065,0.7067,1.60,4.00
2010.06.24 13:40:09.428,0.7065,0.7067,1.60,3.20
2010.06.24 13:40:09.678,0.70655,0.70675,1.00,2.40
2010.06.24 13:40:12.098,0.70655,0.70675,1.00,2.50
2010.06.24 13:40:13.963,0.70655,0.70675,1.00,2.90
2010.06.24 13:40:14.795,0.70655,0.70665,1.00,1.00
2010.06.24 13:40:15.144,0.7065,0.70665,1.00,1.20
2010.06.24 13:40:16.064,0.7065,0.70665,1.60,1.20
2010.06.24 13:40:16.402,0.7065,0.70665,1.60,1.00
2010.06.24 13:40:16.741,0.7065,0.7067,1.60,4.00
2010.06.24 13:40:20.098,0.70655,0.7067,1.00,1.60
2010.06.24 13:40:20.401,0.70655,0.70675,1.00,4.10
2010.06.24 13:40:21.009,0.70655,0.70675,1.00,4.00
2010.06.24 13:40:21.914,0.70655,0.70675,1.60,2.40
2010.06.24 13:40:26.160,0.70655,0.70675,1.60,4.00
2010.06.24 13:40:26.384,0.70655,0.70675,1.60,4.10
2010.06.24 13:40:27.528,0.70655,0.70675,1.60,4.30
2010.06.24 13:40:27.861,0.7065,0.70675,2.40,5.60
2010.06.24 13:40:34.466,0.7065,0.70675,2.40,4.80
2010.06.24 13:40:35.550,0.70665,0.7068,1.00,1.00
2010.06.24 13:40:35.892,0.7067,0.70675,1.00,1.60
2010.06.24 13:40:36.860,0.7067,0.70685,1.00,1.00
2010.06.24 13:40:38.138,0.7067,0.70685,1.00,2.40
2010.06.24 13:40:38.390,0.7068,0.7069,1.60,1.00
2010.06.24 13:40:38.646,0.70685,0.70705,1.00,5.70
2010.06.24 13:40:39.501,0.70675,0.707,1.00,1.60
2010.06.24 13:40:41.980,0.70675,0.707,1.00,1.60
2010.06.24 13:40:42.153,0.70675,0.707,1.00,2.40
2010.06.24 13:40:42.491,0.70675,0.707,1.00,1.70
2010.06.24 13:40:42.831,0.70675,0.707,1.00,2.50
2010.06.24 13:40:43.654,0.70675,0.707,1.00,2.40
2010.06.24 13:40:43.862,0.70675,0.707,1.00,2.50
2010.06.24 13:40:45.931,0.7067,0.70685,3.20,1.00
2010.06.24 13:40:46.644,0.7067,0.70685,2.40,1.00
2010.06.24 13:40:46.996,0.7067,0.70685,1.00,1.00
2010.06.24 13:40:47.340,0.70665,0.70685,4.00,1.00
2010.06.24 13:40:49.966,0.70665,0.70685,1.60,1.20
2010.06.24 13:40:50.647,0.70665,0.70685,1.60,7.20
2010.06.24 13:40:50.969,0.70655,0.7068,2.40,2.40
2010.06.24 13:40:52.250,0.70655,0.7068,1.00,2.40
2010.06.24 13:40:52.928,0.7066,0.70685,1.00,7.20
2010.06.24 13:40:53.844,0.7066,0.7068,1.00,1.00
2010.06.24 13:40:54.348,0.7066,0.7068,1.00,3.20
2010.06.24 13:40:55.000,0.7066,0.7068,1.00,4.00
2010.06.24 13:40:55.229,0.7066,0.70675,1.00,1.00
2010.06.24 13:40:55.571,0.7066,0.70675,1.00,1.00
2010.06.24 13:40:58.290,0.70655,0.7068,1.60,6.50
2010.06.24 13:40:59.189,0.70655,0.7068,4.00,4.00
2010.06.24 13:41:02.000,0.70655,0.70675,4.00,1.00
2010.06.24 13:41:03.277,0.70655,0.70675,1.60,1.00
2010.06.24 13:41:06.376,0.70655,0.70675,1.60,1.00
2010.06.24 13:41:09.082,0.70655,0.7068,1.60,7.20
2010.06.24 13:41:09.991,0.70655,0.7068,4.00,4.80
2010.06.24 13:41:10.329,0.70655,0.7068,4.00,4.00
2010.06.24 13:41:13.450,0.70655,0.7068,4.90,4.00
2010.06.24 13:41:13.667,0.7066,0.7068,1.00,3.20
2010.06.24 13:41:14.458,0.7066,0.7068,1.00,2.40
2010.06.24 13:41:14.764,0.7066,0.7068,1.00,1.60
2010.06.24 13:41:16.005,0.7066,0.7068,1.00,2.40
2010.06.24 13:41:17.254,0.7066,0.7068,1.00,2.50
2010.06.24 13:41:17.593,0.70655,0.7068,4.00,3.20
2010.06.24 13:41:17.942,0.7066,0.7068,1.00,1.00
2010.06.24 13:41:18.576,0.7066,0.7068,1.00,2.40
2010.06.24 13:41:21.587,0.7066,0.7068,1.00,2.50
2010.06.24 13:41:25.120,0.7066,0.7068,1.00,2.40
2010.06.24 13:41:27.409,0.7066,0.7068,1.00,2.50
2010.06.24 13:41:27.919,0.7066,0.7068,1.00,2.40
2010.06.24 13:41:31.633,0.70655,0.7068,4.00,3.30
2010.06.24 13:41:32.624,0.70655,0.70675,4.00,1.00
2010.06.24 13:41:32.970,0.70655,0.70675,1.60,2.40
2010.06.24 13:41:33.858,0.70655,0.70675,1.60,1.00
2010.06.24 13:41:34.153,0.7066,0.7068,1.00,7.30
2010.06.24 13:41:34.451,0.7066,0.70675,1.00,1.00
2010.06.24 13:41:35.370,0.70655,0.7068,1.60,8.90
2010.06.24 13:41:36.826,0.70655,0.7068,1.60,8.80
2010.06.24 13:41:39.839,0.7066,0.7068,1.00,8.00
2010.06.24 13:41:40.097,0.7066,0.7068,1.00,7.20
2010.06.24 13:41:44.149,0.7066,0.7068,1.00,8.10
2010.06.24 13:41:44.367,0.70655,0.7068,1.60,8.90
2010.06.24 13:41:46.121,0.70655,0.7068,2.40,9.70
2010.06.24 13:41:46.764,0.70655,0.70675,2.40,1.00
2010.06.24 13:41:47.109,0.70655,0.70675,2.40,1.00
2010.06.24 13:41:48.023,0.70655,0.70675,1.60,4.10
2010.06.24 13:41:48.320,0.7065,0.7067,1.60,4.00
2010.06.24 13:41:51.999,0.7065,0.7067,1.60,1.00
2010.06.24 13:41:52.339,0.70655,0.70675,1.60,3.60
2010.06.24 13:41:53.308,0.70655,0.70675,1.60,2.40
2010.06.24 13:41:53.582,0.70655,0.70675,1.60,4.00
2010.06.24 13:41:55.108,0.70655,0.70675,1.60,3.60
2010.06.24 13:41:56.072,0.7066,0.7068,1.60,3.20
2010.06.24 13:41:56.972,0.7066,0.70685,4.80,2.40
2010.06.24 13:41:57.299,0.70665,0.7068,1.00,1.60
2010.06.24 13:41:57.639,0.70665,0.7069,1.00,5.60
2010.06.24 13:41:58.585,0.70665,0.70685,1.00,1.00
2010.06.24 13:42:03.042,0.7067,0.7069,1.60,4.00
2010.06.24 13:42:04.198,0.7067,0.7069,1.60,5.60
2010.06.24 13:42:06.228,0.7067,0.7069,1.60,4.00
2010.06.24 13:42:18.028,0.70665,0.7069,2.40,4.00
2010.06.24 13:42:20.485,0.70665,0.70685,1.00,1.70
2010.06.24 13:42:21.172,0.70665,0.70685,1.00,1.70
2010.06.24 13:42:21.413,0.7066,0.7068,1.00,2.40
2010.06.24 13:42:21.651,0.7066,0.7068,1.00,3.20
2010.06.24 13:42:22.458,0.7066,0.7068,1.60,1.60
2010.06.24 13:42:22.798,0.7066,0.7068,1.00,3.20
2010.06.24 13:42:25.180,0.7066,0.7068,1.00,3.30
2010.06.24 13:42:27.081,0.7066,0.7068,1.00,1.60
2010.06.24 13:42:27.388,0.7066,0.7068,1.60,1.60
2010.06.24 13:42:28.479,0.7066,0.7068,1.00,3.20
2010.06.24 13:42:28.981,0.7066,0.7068,1.00,3.30
2010.06.24 13:42:29.796,0.7066,0.7068,1.00,4.00
2010.06.24 13:42:30.052,0.7066,0.7068,1.00,3.20
2010.06.24 13:42:32.900,0.7066,0.70675,1.00,1.00
2010.06.24 13:42:33.142,0.7066,0.70675,1.00,1.00
2010.06.24 13:42:34.142,0.70655,0.70675,1.60,1.60
2010.06.24 13:42:41.912,0.70655,0.70675,1.60,2.40
2010.06.24 13:42:44.043,0.70655,0.70675,1.60,2.70
2010.06.24 13:42:48.227,0.70655,0.7067,1.00,1.00
2010.06.24 13:42:50.558,0.7065,0.70665,1.60,1.00
2010.06.24 13:42:52.144,0.70655,0.7067,1.00,1.00
2010.06.24 13:42:54.749,0.70655,0.70665,1.00,1.00
2010.06.24 13:42:55.482,0.7065,0.70665,1.60,1.00
2010.06.24 13:42:55.938,0.7065,0.70665,1.00,1.00
2010.06.24 13:42:56.028,0.7065,0.70665,1.00,1.00
2010.06.24 13:42:57.099,0.7065,0.7067,1.00,1.00
2010.06.24 13:42:57.443,0.7065,0.7067,1.60,1.00
2010.06.24 13:42:59.605,0.7065,0.70675,2.40,6.50
2010.06.24 13:42:59.840,0.70655,0.70675,1.60,4.90
2010.06.24 13:43:00.080,0.70655,0.70675,1.60,5.90
2010.06.24 13:43:01.048,0.7065,0.7067,1.60,6.40
2010.06.24 13:43:10.140,0.7065,0.7067,1.60,7.20
2010.06.24 13:43:12.943,0.7065,0.7067,1.60,5.60
2010.06.24 13:43:13.878,0.70655,0.7067,1.60,2.40
2010.06.24 13:43:14.104,0.7066,0.7068,1.60,6.40
2010.06.24 13:43:14.330,0.7066,0.7068,1.60,3.20
2010.06.24 13:43:15.174,0.7066,0.7068,1.60,1.60
2010.06.24 13:43:15.520,0.7066,0.7068,1.60,3.20
2010.06.24 13:43:17.254,0.7066,0.7068,1.60,3.30
2010.06.24 13:43:18.284,0.7066,0.7068,1.60,3.20
2010.06.24 13:43:18.509,0.7066,0.7068,1.60,1.60
2010.06.24 13:43:19.185,0.70665,0.7068,1.00,1.60
2010.06.24 13:43:19.515,0.70665,0.7068,1.60,1.60
2010.06.24 13:43:21.237,0.70665,0.70685,1.60,5.60
2010.06.24 13:43:23.566,0.70665,0.70685,1.60,6.00
2010.06.24 13:43:23.847,0.70665,0.70685,1.60,6.50
2010.06.24 13:43:25.468,0.70665,0.70685,1.60,4.40
2010.06.24 13:43:25.596,0.7067,0.70685,1.60,2.00
2010.06.24 13:43:26.313,0.7067,0.70685,1.60,1.60
2010.06.24 13:43:26.444,0.70675,0.70685,2.40,3.20
2010.06.24 13:43:26.794,0.7068,0.7069,1.00,2.40
2010.06.24 13:43:27.685,0.7067,0.7069,7.20,1.60
2010.06.24 13:43:27.967,0.7067,0.70695,4.80,3.20
2010.06.24 13:43:28.241,0.7067,0.70695,4.90,3.20
2010.06.24 13:43:30.612,0.7068,0.707,1.00,3.20
2010.06.24 13:43:35.177,0.70675,0.707,1.70,4.00
2010.06.24 13:43:35.448,0.70675,0.707,1.00,4.00
2010.06.24 13:43:36.201,0.7068,0.707,1.00,4.00
2010.06.24 13:43:38.977,0.70675,0.707,2.40,4.00
2010.06.24 13:43:46.999,0.70675,0.707,2.40,4.10
2010.06.24 13:43:47.271,0.70675,0.707,2.40,4.00
2010.06.24 13:43:48.144,0.70675,0.707,1.00,4.00
2010.06.24 13:43:48.434,0.70675,0.707,2.40,5.60
2010.06.24 13:43:49.536,0.70675,0.707,2.40,4.00
2010.06.24 13:43:49.762,0.7068,0.707,1.00,4.00
2010.06.24 13:43:52.879,0.70675,0.707,2.40,4.00
2010.06.24 13:43:53.183,0.70675,0.707,1.60,4.00
2010.06.24 13:43:53.481,0.7068,0.707,1.00,4.00
2010.06.24 13:43:54.366,0.70675,0.707,2.50,4.00
2010.06.24 13:43:55.451,0.70675,0.70695,1.00,1.60
2010.06.24 13:43:55.801,0.7067,0.70695,2.40,3.30
2010.06.24 13:43:56.725,0.70675,0.70695,1.60,4.00
2010.06.24 13:43:57.608,0.70675,0.70695,1.60,5.60
2010.06.24 13:43:57.950,0.7067,0.7069,1.00,4.00
2010.06.24 13:43:59.595,0.70665,0.70685,1.60,4.00
2010.06.24 13:44:03.938,0.70665,0.70685,1.60,4.50
2010.06.24 13:44:04.584,0.70665,0.70685,1.60,4.70
2010.06.24 13:44:04.910,0.70655,0.7068,2.50,4.10
2010.06.24 13:44:05.220,0.70655,0.7068,2.40,4.10
2010.06.24 13:44:06.146,0.70655,0.7068,2.40,5.60
2010.06.24 13:44:06.424,0.7066,0.7068,1.60,4.80
2010.06.24 13:44:06.704,0.70665,0.7068,1.60,1.00
2010.06.24 13:44:07.318,0.70665,0.70685,1.60,4.00
2010.06.24 13:44:10.130,0.70665,0.70685,1.60,3.20
2010.06.24 13:44:10.385,0.7067,0.7069,1.60,4.00
2010.06.24 13:44:11.212,0.70675,0.7069,1.60,3.20
2010.06.24 13:44:11.514,0.70675,0.7069,1.60,1.60
2010.06.24 13:44:12.102,0.70675,0.7069,1.60,3.20
2010.06.24 13:44:12.714,0.70675,0.7069,1.60,1.60
2010.06.24 13:44:13.043,0.70675,0.7069,1.60,1.00
2010.06.24 13:44:14.275,0.70675,0.70695,1.60,5.60
2010.06.24 13:44:14.470,0.70685,0.707,1.60,2.40
2010.06.24 13:44:14.671,0.7069,0.70705,1.00,1.00
2010.06.24 13:44:15.754,0.70685,0.70705,1.60,1.00
2010.06.24 13:44:19.338,0.70685,0.70705,1.70,1.00
2010.06.24 13:44:23.382,0.707,0.70705,2.00,1.00
2010.06.24 13:44:24.219,0.70695,0.70705,2.80,1.00
2010.06.24 13:44:24.505,0.707,0.70705,2.40,1.00
2010.06.24 13:44:27.371,0.707,0.70705,1.00,1.00
2010.06.24 13:44:29.942,0.70695,0.70705,3.30,1.00
2010.06.24 13:44:31.559,0.70695,0.70705,2.50,1.00
2010.06.24 13:44:32.417,0.707,0.70705,1.00,1.00
2010.06.24 13:44:32.764,0.70695,0.70705,1.00,1.00
2010.06.24 13:44:34.613,0.70695,0.70705,1.00,1.00
2010.06.24 13:44:36.369,0.70695,0.70705,1.00,1.00
2010.06.24 13:44:40.003,0.707,0.70705,1.00,1.00
2010.06.24 13:44:44.607,0.70695,0.70705,4.00,1.00
2010.06.24 13:44:45.609,0.70695,0.70705,1.60,1.00
2010.06.24 13:44:45.925,0.70695,0.70705,1.00,1.00
2010.06.24 13:44:46.229,0.70695,0.70705,1.00,1.00
2010.06.24 13:44:47.500,0.70695,0.70705,4.80,1.00
2010.06.24 13:44:48.840,0.70695,0.70705,1.00,1.00
2010.06.24 13:44:49.186,0.70695,0.70705,1.00,1.00
2010.06.24 13:44:49.809,0.7069,0.70705,3.50,1.00
2010.06.24 13:44:50.000,0.7069,0.70705,2.70,1.00
2010.06.24 13:44:51.263,0.7069,0.70705,2.40,1.00
2010.06.24 13:44:51.952,0.70685,0.70705,5.10,1.00
2010.06.24 13:44:53.670,0.7069,0.70705,2.40,1.00
2010.06.24 13:44:56.758,0.7069,0.70705,5.60,1.00
2010.06.24 13:44:57.087,0.7069,0.70705,2.40,1.00
2010.06.24 13:44:59.361,0.7069,0.70705,1.00,1.00
2010.06.24 13:44:59.629,0.70685,0.70705,3.50,2.40
2010.06.24 13:45:00.685,0.7068,0.707,1.00,3.20
2010.06.24 13:45:01.616,0.70675,0.70695,4.80,1.00
2010.06.24 13:45:01.905,0.70665,0.7069,3.50,3.60
2010.06.24 13:45:02.751,0.70665,0.70685,1.60,3.60
2010.06.24 13:45:03.049,0.70675,0.70685,1.60,4.00
2010.06.24 13:45:03.387,0.70665,0.70685,1.60,4.00
2010.06.24 13:45:04.918,0.70665,0.70685,1.60,4.40
2010.06.24 13:45:05.819,0.70665,0.70685,1.60,4.00
2010.06.24 13:45:07.011,0.70665,0.70685,1.60,6.50
2010.06.24 13:45:07.361,0.7066,0.7068,1.60,2.40
2010.06.24 13:45:08.349,0.70665,0.7068,1.60,2.40
2010.06.24 13:45:08.672,0.70665,0.70685,1.60,4.80
2010.06.24 13:45:09.500,0.70665,0.70685,1.60,4.00
2010.06.24 13:45:12.104,0.7066,0.70685,2.40,4.80
2010.06.24 13:45:15.302,0.70665,0.70685,1.60,2.40
2010.06.24 13:45:16.118,0.70665,0.70685,1.60,1.00
2010.06.24 13:45:16.421,0.7067,0.7069,1.00,1.60
2010.06.24 13:45:17.044,0.7067,0.7069,1.00,1.00
2010.06.24 13:45:17.391,0.7067,0.7069,1.00,2.40
2010.06.24 13:45:18.640,0.7067,0.7069,1.00,1.00
2010.06.24 13:45:20.178,0.7067,0.70695,1.60,5.60
2010.06.24 13:45:20.321,0.7067,0.70695,2.40,5.60
2010.06.24 13:45:22.022,0.7067,0.7069,1.00,4.00
2010.06.24 13:45:22.249,0.70665,0.7069,1.60,4.00
2010.06.24 13:45:24.810,0.70665,0.7069,1.70,4.00
2010.06.24 13:45:27.937,0.7067,0.7069,1.00,1.00
2010.06.24 13:45:29.659,0.7067,0.7069,1.00,1.00
2010.06.24 13:45:29.928,0.7067,0.7069,1.70,1.00
2010.06.24 13:45:31.199,0.7067,0.7069,1.60,1.00
2010.06.24 13:45:32.481,0.7067,0.70695,2.40,5.60
2010.06.24 13:45:33.959,0.7067,0.70695,2.50,5.60
2010.06.24 13:45:34.256,0.7068,0.70695,1.00,3.20
2010.06.24 13:45:35.449,0.70685,0.707,3.20,1.00
2010.06.24 13:45:35.691,0.70695,0.707,1.60,1.00
2010.06.24 13:45:36.622,0.70695,0.707,1.00,1.00
2010.06.24 13:45:39.455,0.7069,0.707,3.20,1.00
2010.06.24 13:45:39.724,0.7069,0.707,2.40,1.00
2010.06.24 13:45:45.404,0.70685,0.707,2.70,1.00
2010.06.24 13:45:45.599,0.70685,0.707,3.20,1.00
2010.06.24 13:45:46.327,0.70685,0.707,1.00,1.00
2010.06.24 13:45:46.646,0.70675,0.70695,4.00,1.00
2010.06.24 13:45:47.569,0.70675,0.707,4.00,4.00
2010.06.24 13:45:47.900,0.70675,0.707,2.40,4.00
2010.06.24 13:45:48.232,0.70675,0.707,1.60,4.00
2010.06.24 13:45:49.459,0.70675,0.707,2.40,4.00
2010.06.24 13:45:50.760,0.70675,0.707,1.60,4.00
2010.06.24 13:45:51.720,0.70675,0.707,1.00,4.00
2010.06.24 13:45:52.412,0.70675,0.70695,1.00,1.00
2010.06.24 13:45:53.422,0.7067,0.70695,3.20,1.60
2010.06.24 13:45:56.121,0.70675,0.70695,1.00,1.00
2010.06.24 13:45:56.413,0.70675,0.707,1.00,4.00
2010.06.24 13:45:56.961,0.70675,0.70695,1.00,1.00
2010.06.24 13:45:57.774,0.7067,0.70695,3.20,2.40
2010.06.24 13:45:58.438,0.7067,0.70695,3.30,2.00
2010.06.24 13:45:59.043,0.70675,0.70695,1.00,1.20
2010.06.24 13:45:59.329,0.70675,0.707,1.00,4.00
2010.06.24 13:45:59.613,0.70675,0.70695,1.00,1.00
2010.06.24 13:46:00.478,0.70665,0.7069,2.40,2.40
2010.06.24 13:46:00.821,0.70665,0.7069,1.00,4.00
2010.06.24 13:46:01.424,0.70665,0.7069,1.60,4.00
2010.06.24 13:46:01.702,0.7067,0.7069,4.00,1.00
2010.06.24 13:46:01.975,0.7067,0.7069,2.40,1.00
2010.06.24 13:46:03.128,0.7067,0.70695,2.40,1.60
2010.06.24 13:46:07.383,0.70675,0.70695,1.00,1.00
2010.06.24 13:46:07.730,0.70675,0.707,1.00,4.00
2010.06.24 13:46:08.678,0.7067,0.70695,4.00,1.60
2010.06.24 13:46:10.008,0.7067,0.70695,3.20,1.60
2010.06.24 13:46:10.688,0.7067,0.70695,3.30,1.60
2010.06.24 13:46:11.381,0.7067,0.70695,4.10,1.60
2010.06.24 13:46:11.590,0.7067,0.70695,3.20,1.60
2010.06.24 13:46:12.775,0.7068,0.707,1.60,1.60
2010.06.24 13:46:13.111,0.7068,0.707,1.60,3.20
2010.06.24 13:46:14.038,0.7068,0.707,1.60,1.60
2010.06.24 13:46:15.521,0.70685,0.707,1.00,1.00
2010.06.24 13:46:15.830,0.70685,0.707,4.80,1.00
2010.06.24 13:46:17.539,0.70685,0.707,4.90,1.00
2010.06.24 13:46:18.168,0.70685,0.707,4.80,1.00
2010.06.24 13:46:18.324,0.70685,0.70705,4.80,1.00
2010.06.24 13:46:19.592,0.7069,0.70705,2.40,1.00
2010.06.24 13:46:19.851,0.7069,0.70705,3.20,1.00
2010.06.24 13:46:21.004,0.7069,0.70705,2.40,1.00
2010.06.24 13:46:21.924,0.7068,0.707,1.60,3.20
2010.06.24 13:46:22.276,0.7068,0.707,1.60,4.00
2010.06.24 13:46:23.262,0.70675,0.70695,1.60,2.00
2010.06.24 13:46:23.604,0.70675,0.70695,1.60,1.60
2010.06.24 13:46:24.553,0.70685,0.70695,1.60,1.00
2010.06.24 13:46:25.686,0.70675,0.70695,1.00,1.00
2010.06.24 13:46:28.541,0.70675,0.707,1.60,4.00
2010.06.24 13:46:28.789,0.70675,0.707,2.40,4.00
2010.06.24 13:46:29.681,0.7068,0.707,8.40,2.40
2010.06.24 13:46:30.008,0.7069,0.70705,1.00,3.20
2010.06.24 13:46:30.609,0.7069,0.70705,1.60,3.20
2010.06.24 13:46:30.950,0.707,0.70705,2.00,1.00
2010.06.24 13:46:31.284,0.707,0.70705,2.40,1.00
2010.06.24 13:46:32.207,0.70695,0.70705,4.00,1.00
2010.06.24 13:46:33.513,0.707,0.70705,1.00,1.00
2010.06.24 13:46:41.803,0.707,0.70705,2.40,1.00
2010.06.24 13:46:45.102,0.70695,0.70705,3.30,1.00
2010.06.24 13:46:45.278,0.70695,0.70705,3.30,1.00
2010.06.24 13:46:45.998,0.70695,0.70705,3.20,1.00
2010.06.24 13:46:47.922,0.70695,0.70705,2.40,1.00
2010.06.24 13:46:48.900,0.70685,0.70705,2.40,1.00
2010.06.24 13:46:50.308,0.70685,0.70705,1.00,2.40
2010.06.24 13:46:50.522,0.7068,0.70705,3.20,2.40
2010.06.24 13:46:51.182,0.7068,0.70705,3.20,4.40
2010.06.24 13:46:51.525,0.70675,0.70695,1.00,1.00
2010.06.24 13:46:52.805,0.70675,0.70695,1.00,1.30
2010.06.24 13:46:53.157,0.7067,0.7069,2.90,2.40
2010.06.24 13:46:54.123,0.70665,0.7069,1.00,4.00
2010.06.24 13:46:54.960,0.70665,0.7069,2.40,4.00
2010.06.24 13:46:55.289,0.7067,0.70695,1.60,5.60
2010.06.24 13:46:55.614,0.7067,0.70695,4.00,1.60
2010.06.24 13:46:56.493,0.70675,0.70695,1.60,1.60
2010.06.24 13:46:56.778,0.70675,0.707,4.80,1.60
2010.06.24 13:46:57.051,0.70675,0.707,5.60,1.60
2010.06.24 13:46:57.846,0.7068,0.70705,1.00,5.20
2010.06.24 13:46:58.197,0.7069,0.70705,2.40,1.00
2010.06.24 13:46:59.123,0.7069,0.70705,2.40,1.00
2010.06.24 13:46:59.374,0.70685,0.70705,1.00,1.00
2010.06.24 13:47:00.552,0.7069,0.70705,2.40,1.00
2010.06.24 13:47:01.854,0.70685,0.70705,1.00,1.60
2010.06.24 13:47:03.068,0.70685,0.70705,3.20,1.00
2010.06.24 13:47:03.749,0.70685,0.70705,1.00,1.00
2010.06.24 13:47:04.917,0.70685,0.70705,1.00,1.00
2010.06.24 13:47:05.173,0.70685,0.70705,2.80,1.00
2010.06.24 13:47:06.038,0.7069,0.70705,3.20,1.00
2010.06.24 13:47:07.248,0.7068,0.70705,6.40,2.40
2010.06.24 13:47:07.593,0.70685,0.70705,1.60,2.40
2010.06.24 13:47:08.522,0.70695,0.70705,1.00,1.00
2010.06.24 13:47:09.774,0.707,0.70705,1.00,1.00
2010.06.24 13:47:11.060,0.70695,0.70705,3.20,1.00
2010.06.24 13:47:11.392,0.70695,0.70705,2.40,1.00
2010.06.24 13:47:12.327,0.70685,0.70705,3.20,1.00
2010.06.24 13:47:12.673,0.70685,0.70705,1.00,1.60
2010.06.24 13:47:13.271,0.70685,0.70705,1.00,1.60
2010.06.24 13:47:13.851,0.70685,0.70705,4.00,1.00
2010.06.24 13:47:14.496,0.70685,0.70705,4.80,1.00
2010.06.24 13:47:14.815,0.7069,0.70705,2.40,1.00
2010.06.24 13:47:16.810,0.7068,0.707,1.00,3.20
2010.06.24 13:47:17.082,0.7068,0.707,1.60,3.20
2010.06.24 13:47:17.914,0.7068,0.707,1.60,4.00
2010.06.24 13:47:18.206,0.70685,0.70705,6.00,1.00
2010.06.24 13:47:18.498,0.7069,0.70705,2.40,1.00
2010.06.24 13:47:20.966,0.70695,0.70705,1.00,1.00
2010.06.24 13:47:21.274,0.70695,0.70705,1.00,1.00
2010.06.24 13:47:22.192,0.707,0.70705,2.40,1.00
2010.06.24 13:47:25.631,0.707,0.70705,2.00,1.00
2010.06.24 13:47:30.613,0.70715,0.70735,1.00,1.00
2010.06.24 13:47:31.379,0.70715,0.70735,1.00,4.00
2010.06.24 13:47:31.720,0.707,0.70705,2.00,1.00
2010.06.24 13:47:35.337,0.707,0.70705,2.40,1.00
2010.06.24 13:47:36.876,0.70695,0.70705,2.40,1.00
2010.06.24 13:47:37.166,0.70695,0.70705,1.00,1.00
2010.06.24 13:47:38.422,0.7069,0.70705,4.80,1.00
2010.06.24 13:47:38.770,0.70685,0.70705,4.80,1.00
2010.06.24 13:47:39.660,0.70685,0.70705,1.00,1.00
2010.06.24 13:47:40.802,0.70685,0.70705,1.60,1.00
2010.06.24 13:47:42.127,0.70685,0.70705,1.00,1.00
2010.06.24 13:47:45.708,0.70685,0.70705,1.40,1.00
2010.06.24 13:47:45.862,0.70685,0.70705,4.20,1.00
2010.06.24 13:47:46.617,0.70685,0.70705,5.00,1.00
2010.06.24 13:47:46.925,0.70685,0.70705,6.10,1.00
2010.06.24 13:47:48.500,0.70685,0.70705,6.20,1.00
2010.06.24 13:47:49.754,0.70685,0.70705,6.10,1.00
2010.06.24 13:47:50.636,0.7069,0.70705,3.20,1.00
2010.06.24 13:47:50.944,0.7069,0.70705,5.60,1.00
2010.06.24 13:47:58.220,0.7069,0.70705,5.70,1.00
2010.06.24 13:47:58.532,0.70695,0.70705,5.20,1.00
2010.06.24 13:47:59.472,0.707,0.70705,2.40,1.00
2010.06.24 13:47:59.764,0.707,0.70705,2.00,1.00
2010.06.24 13:48:02.920,0.7071,0.70715,1.60,4.00
2010.06.24 13:48:03.161,0.7071,0.70735,1.60,1.60
2010.06.24 13:48:04.141,0.707,0.70705,2.40,1.00
2010.06.24 13:48:07.064,0.707,0.70705,2.40,1.00
2010.06.24 13:48:09.293,0.707,0.70705,2.40,1.00
2010.06.24 13:48:10.559,0.707,0.70705,2.40,1.00
2010.06.24 13:48:16.532,0.70695,0.70705,3.20,1.00
2010.06.24 13:48:17.862,0.70695,0.70705,3.30,1.00
2010.06.24 13:48:18.212,0.70695,0.70705,5.20,1.00
2010.06.24 13:48:18.832,0.707,0.70705,2.40,1.00
2010.06.24 13:48:20.246,0.707,0.70705,3.20,1.00
2010.06.24 13:48:20.514,0.707,0.70705,2.40,1.00
2010.06.24 13:48:23.717,0.707,0.70705,2.00,1.00
2010.06.24 13:48:23.986,0.70715,0.7074,2.40,6.00
2010.06.24 13:48:25.131,0.70715,0.7074,2.40,5.60
2010.06.24 13:48:25.454,0.70715,0.7074,1.00,5.70
2010.06.24 13:48:26.394,0.7071,0.70735,1.60,3.20
2010.06.24 13:48:26.748,0.707,0.70705,2.40,1.00
2010.06.24 13:48:28.392,0.707,0.70705,2.00,1.00
2010.06.24 13:48:28.987,0.70695,0.70705,4.90,1.00
2010.06.24 13:48:29.336,0.707,0.70705,2.40,1.00
2010.06.24 13:48:33.692,0.7071,0.70715,1.60,4.80
2010.06.24 13:48:34.031,0.707,0.70705,4.40,1.00
2010.06.24 13:48:34.891,0.707,0.70705,2.00,1.00
2010.06.24 13:48:36.619,0.70695,0.70705,5.30,1.00
2010.06.24 13:48:37.334,0.707,0.70705,4.00,1.00
2010.06.24 13:48:37.667,0.707,0.70705,2.40,1.00
2010.06.24 13:48:39.710,0.707,0.70705,4.40,1.00
2010.06.24 13:48:40.539,0.707,0.70705,6.00,1.00
2010.06.24 13:48:45.678,0.707,0.70705,2.00,1.00
2010.06.24 13:48:47.592,0.7072,0.70735,4.00,2.40
2010.06.24 13:48:47.799,0.7072,0.7074,6.40,1.00
2010.06.24 13:48:48.618,0.70725,0.7074,5.20,1.60
2010.06.24 13:48:48.959,0.7073,0.70755,2.40,3.30
2010.06.24 13:48:49.574,0.7073,0.70755,3.20,3.30
2010.06.24 13:48:49.904,0.7073,0.70755,3.20,1.60
2010.06.24 13:48:50.154,0.7073,0.70755,4.00,1.60
2010.06.24 13:48:51.012,0.70735,0.7076,1.00,3.60
2010.06.24 13:48:51.316,0.70735,0.70755,3.20,1.60
2010.06.24 13:48:52.532,0.70735,0.70755,1.00,1.00
2010.06.24 13:48:54.768,0.70735,0.7076,1.00,6.40
2010.06.24 13:48:58.492,0.70735,0.70755,1.00,1.00
2010.06.24 13:49:01.173,0.70735,0.7076,1.00,6.40
2010.06.24 13:49:03.765,0.7074,0.7076,4.00,1.00
2010.06.24 13:49:04.922,0.7074,0.70765,4.80,3.20
2010.06.24 13:49:05.271,0.7074,0.70765,4.80,3.30
2010.06.24 13:49:06.080,0.7074,0.70765,4.80,3.70
2010.06.24 13:49:06.313,0.7073,0.7075,1.00,1.60
2010.06.24 13:49:07.127,0.7073,0.7075,1.00,1.00
2010.06.24 13:49:07.364,0.7073,0.7075,2.40,1.60
2010.06.24 13:49:10.544,0.7073,0.70755,3.20,3.20
2010.06.24 13:49:11.888,0.70735,0.7076,1.00,5.60
2010.06.24 13:49:12.175,0.70735,0.7076,4.80,3.20
2010.06.24 13:49:13.698,0.7074,0.70765,4.00,3.60
2010.06.24 13:49:14.440,0.7074,0.70765,4.80,3.20
2010.06.24 13:49:14.694,0.7073,0.70755,3.20,4.00
2010.06.24 13:49:14.940,0.7073,0.70755,3.20,3.20
2010.06.24 13:49:15.899,0.7073,0.70755,3.20,1.60
2010.06.24 13:49:16.868,0.7073,0.70755,3.20,3.20
2010.06.24 13:49:17.945,0.70725,0.7075,1.00,1.60
2010.06.24 13:49:19.527,0.70725,0.7075,1.00,3.20
2010.06.24 13:49:19.793,0.70725,0.7075,1.00,5.20
2010.06.24 13:49:20.399,0.70725,0.70745,1.00,2.40
2010.06.24 13:49:20.745,0.7072,0.7074,1.00,3.20
2010.06.24 13:49:22.011,0.7072,0.7074,1.00,1.00
2010.06.24 13:49:23.489,0.7072,0.7074,1.00,3.20
2010.06.24 13:49:24.170,0.7072,0.7074,1.00,1.00
2010.06.24 13:49:25.355,0.70715,0.7074,1.00,4.00
2010.06.24 13:49:30.099,0.7071,0.70735,3.20,1.60
2010.06.24 13:49:30.440,0.7071,0.70735,3.20,2.40
2010.06.24 13:49:31.168,0.7071,0.70735,3.20,3.20
2010.06.24 13:49:34.077,0.7071,0.70735,3.20,2.40
2010.06.24 13:49:34.385,0.7072,0.7074,2.40,1.00
2010.06.24 13:49:37.131,0.70715,0.70735,1.00,1.00
2010.06.24 13:49:37.423,0.70715,0.70735,1.00,1.00
2010.06.24 13:49:38.899,0.70715,0.7074,1.60,4.00
2010.06.24 13:49:39.574,0.70715,0.7074,2.40,5.60
2010.06.24 13:49:39.834,0.7072,0.70745,3.20,1.60
2010.06.24 13:49:40.090,0.7072,0.7075,4.80,5.60
2010.06.24 13:49:40.970,0.70725,0.7075,1.00,5.60
2010.06.24 13:49:44.002,0.70725,0.7075,1.00,5.60
2010.06.24 13:49:45.890,0.70725,0.7075,1.00,5.60
2010.06.24 13:49:47.206,0.70725,0.7075,1.00,5.60
2010.06.24 13:49:47.515,0.70725,0.7075,1.00,4.00
2010.06.24 13:49:48.739,0.70725,0.7075,1.00,5.60
2010.06.24 13:49:49.079,0.70725,0.7075,1.00,4.00
2010.06.24 13:49:50.023,0.70725,0.7075,1.00,4.00
2010.06.24 13:49:53.152,0.70725,0.70745,1.00,1.20
2010.06.24 13:49:53.512,0.7072,0.7074,2.40,1.00
2010.06.24 13:49:54.120,0.7072,0.7074,1.00,1.00
2010.06.24 13:49:54.361,0.7071,0.70735,4.00,1.60
2010.06.24 13:49:55.865,0.7071,0.70735,4.10,1.60
2010.06.24 13:49:57.001,0.7071,0.70735,4.00,1.60
2010.06.24 13:49:57.347,0.7071,0.70735,3.20,3.20
2010.06.24 13:49:58.630,0.7071,0.70735,3.20,3.30
2010.06.24 13:49:58.911,0.7071,0.70735,3.20,4.10
2010.06.24 13:49:59.816,0.7071,0.70735,3.20,3.30
2010.06.24 13:50:03.858,0.7071,0.7073,3.20,1.00
2010.06.24 13:50:04.184,0.7071,0.7073,3.20,1.60
2010.06.24 13:50:05.269,0.7071,0.7073,3.20,1.00
2010.06.24 13:50:05.489,0.7071,0.7073,3.20,2.50
2010.06.24 13:50:06.134,0.7071,0.7073,2.40,2.50
2010.06.24 13:50:06.501,0.70705,0.70725,1.60,1.60
2010.06.24 13:50:06.841,0.70705,0.70725,1.60,4.00
2010.06.24 13:50:07.738,0.70705,0.7072,1.60,1.00
2010.06.24 13:50:08.044,0.707,0.7072,1.60,1.00
2010.06.24 13:50:08.662,0.707,0.7072,2.40,1.00
2010.06.24 13:50:08.982,0.70705,0.70725,1.60,4.10
2010.06.24 13:50:09.299,0.70705,0.70725,1.60,4.00
2010.06.24 13:50:12.328,0.70705,0.70725,1.60,3.20
2010.06.24 13:50:13.251,0.70705,0.70725,2.40,2.40
2010.06.24 13:50:16.350,0.70705,0.70725,2.40,2.50
2010.06.24 13:50:17.574,0.70705,0.70725,2.40,2.40
2010.06.24 13:50:18.720,0.70705,0.70725,2.40,2.50
2010.06.24 13:50:19.013,0.70705,0.70725,1.60,3.30
