2010.06.14 12:00:02.794,0.6961,0.6963,10.20,1.60
2010.06.14 12:00:03.233,0.6961,0.6963,9.80,1.60
2010.06.14 12:00:04.613,0.6961,0.6963,10.20,1.60
2010.06.14 12:00:06.365,0.6961,0.6963,9.80,1.60
2010.06.14 12:00:07.722,0.6961,0.6963,10.20,1.60
2010.06.14 12:00:08.303,0.6961,0.6963,9.80,1.60
2010.06.14 12:00:11.422,0.6961,0.6963,9.20,1.60
2010.06.14 12:00:32.877,0.6961,0.6963,5.60,1.60
2010.06.14 12:00:33.127,0.69605,0.6963,7.20,1.60
2010.06.14 12:00:33.375,0.696,0.69625,2.40,1.60
2010.06.14 12:00:33.624,0.696,0.69625,1.00,1.60
2010.06.14 12:00:43.060,0.696,0.69625,1.00,1.60
2010.06.14 12:00:45.934,0.6961,0.69625,1.00,1.60
2010.06.14 12:00:46.115,0.6961,0.6963,1.60,2.40
2010.06.14 12:00:46.473,0.6961,0.6963,1.60,3.20
2010.06.14 12:00:46.667,0.6961,0.6963,1.60,2.40
2010.06.14 12:00:48.240,0.6961,0.6963,1.00,4.40
2010.06.14 12:00:48.509,0.696,0.69625,1.30,1.60
2010.06.14 12:00:48.775,0.696,0.69625,1.00,1.60
2010.06.14 12:01:02.935,0.696,0.69625,1.00,1.60
2010.06.14 12:01:03.084,0.696,0.69625,1.00,1.60
2010.06.14 12:01:07.011,0.69605,0.6963,2.40,3.20
2010.06.14 12:01:12.536,0.69605,0.6963,2.50,3.20
2010.06.14 12:01:15.613,0.69605,0.6963,2.40,3.20
2010.06.14 12:01:16.553,0.69605,0.6963,2.50,3.20
2010.06.14 12:01:16.895,0.6961,0.6963,1.00,1.00
2010.06.14 12:01:17.237,0.6961,0.69635,1.00,1.60
2010.06.14 12:01:18.914,0.6961,0.69635,1.00,1.60
2010.06.14 12:01:24.812,0.6961,0.69635,1.00,1.60
2010.06.14 12:01:27.054,0.69605,0.6963,6.90,1.60
2010.06.14 12:01:27.547,0.69605,0.6963,7.10,1.60
2010.06.14 12:01:28.809,0.6961,0.69635,1.00,2.40
2010.06.14 12:01:29.063,0.6961,0.69635,1.00,1.60
2010.06.14 12:01:29.315,0.6961,0.69635,1.00,1.60
2010.06.14 12:01:29.720,0.6961,0.69635,1.00,1.60
2010.06.14 12:01:30.066,0.69605,0.6963,7.10,1.60
2010.06.14 12:01:32.074,0.69605,0.6963,5.10,1.60
2010.06.14 12:01:32.417,0.6961,0.69635,1.00,1.60
2010.06.14 12:01:33.898,0.6961,0.69635,1.00,1.60
2010.06.14 12:01:46.953,0.6961,0.69635,1.00,1.60
2010.06.14 12:01:49.534,0.69605,0.6963,1.90,1.60
2010.06.14 12:01:49.727,0.69605,0.6963,1.70,1.60
2010.06.14 12:01:53.916,0.69605,0.6963,1.30,1.60
2010.06.14 12:01:54.192,0.69605,0.6963,1.20,1.60
2010.06.14 12:01:54.538,0.69605,0.6963,1.00,1.60
2010.06.14 12:01:57.936,0.69605,0.6963,1.60,1.60
2010.06.14 12:01:58.208,0.69605,0.6963,1.70,1.60
2010.06.14 12:02:00.335,0.69605,0.69625,1.00,1.00
2010.06.14 12:02:00.835,0.696,0.69625,1.00,1.00
2010.06.14 12:02:01.179,0.696,0.69625,2.40,1.00
2010.06.14 12:02:01.865,0.696,0.69625,2.50,1.00
2010.06.14 12:02:03.803,0.696,0.69625,4.50,1.00
2010.06.14 12:02:04.024,0.696,0.69625,6.80,1.00
2010.06.14 12:02:04.316,0.69605,0.69635,1.00,3.20
2010.06.14 12:02:04.430,0.69605,0.69635,1.00,1.60
2010.06.14 12:02:06.913,0.69605,0.69635,1.00,1.60
2010.06.14 12:02:18.003,0.69605,0.69635,2.50,1.60
2010.06.14 12:02:18.102,0.69605,0.69635,3.50,1.60
2010.06.14 12:02:19.064,0.69605,0.69635,1.30,1.60
2010.06.14 12:02:19.143,0.69605,0.69635,1.00,1.60
2010.06.14 12:02:19.524,0.69605,0.69635,1.30,1.60
2010.06.14 12:02:19.612,0.69605,0.69635,2.90,1.60
2010.06.14 12:02:28.025,0.69605,0.69635,2.80,1.60
2010.06.14 12:02:28.348,0.69605,0.6963,1.00,1.60
2010.06.14 12:02:28.515,0.69605,0.69635,1.00,1.60
2010.06.14 12:02:28.678,0.69605,0.6963,1.00,3.60
2010.06.14 12:02:29.007,0.69605,0.6963,1.00,4.00
2010.06.14 12:02:29.163,0.69605,0.6963,1.00,1.60
2010.06.14 12:02:35.981,0.69595,0.69625,3.60,5.60
2010.06.14 12:02:36.113,0.69595,0.69625,2.00,5.60
2010.06.14 12:02:40.132,0.69595,0.69625,1.70,5.60
2010.06.14 12:02:43.883,0.69595,0.69625,2.00,5.60
2010.06.14 12:02:43.954,0.69605,0.69625,1.00,3.20
2010.06.14 12:02:44.303,0.69605,0.69625,1.00,2.40
2010.06.14 12:03:05.958,0.6961,0.69625,1.00,2.40
2010.06.14 12:03:06.387,0.6961,0.69625,1.00,2.00
2010.06.14 12:03:06.665,0.6961,0.69625,1.00,1.20
2010.06.14 12:03:08.135,0.6961,0.69625,1.00,1.20
2010.06.14 12:03:12.522,0.6961,0.69625,1.70,1.20
2010.06.14 12:03:36.203,0.6961,0.69625,3.70,1.20
2010.06.14 12:03:36.534,0.6961,0.69635,3.70,1.60
2010.06.14 12:03:36.823,0.69625,0.69645,1.00,3.60
2010.06.14 12:03:37.110,0.6962,0.69645,2.40,3.20
2010.06.14 12:03:38.656,0.6962,0.69645,2.80,1.60
2010.06.14 12:03:38.833,0.6962,0.69645,2.80,1.00
2010.06.14 12:03:39.015,0.6962,0.69645,3.60,1.00
2010.06.14 12:03:39.654,0.69625,0.69645,1.00,1.00
2010.06.14 12:03:39.884,0.69625,0.69645,1.00,1.00
2010.06.14 12:03:43.294,0.69625,0.69645,1.00,1.60
2010.06.14 12:03:43.634,0.6962,0.69645,3.60,1.00
2010.06.14 12:03:45.393,0.69625,0.69645,1.00,1.00
2010.06.14 12:03:45.734,0.6962,0.69645,3.60,1.60
2010.06.14 12:03:46.033,0.6962,0.69645,3.60,1.20
2010.06.14 12:03:46.334,0.6962,0.69645,3.60,1.90
2010.06.14 12:03:46.636,0.6963,0.69645,1.60,1.10
2010.06.14 12:03:46.934,0.6963,0.6965,1.60,4.00
2010.06.14 12:03:54.136,0.69635,0.69655,2.80,4.90
2010.06.14 12:03:54.438,0.69625,0.6965,1.60,3.20
2010.06.14 12:03:54.735,0.69625,0.6965,3.20,3.20
2010.06.14 12:03:55.034,0.69625,0.6965,4.00,3.20
2010.06.14 12:03:55.334,0.6963,0.6965,1.00,3.20
2010.06.14 12:03:56.094,0.69625,0.6965,4.40,3.20
2010.06.14 12:03:56.354,0.69625,0.6965,4.00,3.20
2010.06.14 12:03:56.833,0.6963,0.6965,1.60,3.20
2010.06.14 12:04:00.431,0.69625,0.69645,1.00,1.60
2010.06.14 12:04:06.604,0.6963,0.6965,1.60,3.20
2010.06.14 12:04:07.087,0.69625,0.6965,2.40,3.20
2010.06.14 12:04:07.324,0.69625,0.69645,1.00,1.60
2010.06.14 12:04:09.664,0.69625,0.69645,1.00,1.60
2010.06.14 12:04:09.785,0.69625,0.69645,1.00,1.00
2010.06.14 12:04:10.126,0.6962,0.69645,2.80,1.60
2010.06.14 12:04:10.467,0.6962,0.69645,10.00,3.20
2010.06.14 12:04:10.880,0.6962,0.69645,10.80,3.20
2010.06.14 12:04:11.935,0.69625,0.69645,1.00,3.20
2010.06.14 12:04:12.275,0.69625,0.69645,1.00,3.20
2010.06.14 12:04:12.616,0.6962,0.69645,1.00,2.40
2010.06.14 12:04:12.956,0.6962,0.69645,2.00,1.60
2010.06.14 12:04:13.331,0.6962,0.69645,8.40,3.20
2010.06.14 12:04:13.623,0.6962,0.69645,10.80,3.20
2010.06.14 12:04:13.919,0.69625,0.69645,1.00,3.20
2010.06.14 12:04:24.234,0.69625,0.69645,2.00,1.60
2010.06.14 12:04:24.373,0.69625,0.6965,2.80,3.20
2010.06.14 12:04:25.022,0.69625,0.69645,1.20,2.40
2010.06.14 12:04:25.245,0.69625,0.69645,1.00,2.40
2010.06.14 12:04:25.967,0.69625,0.69645,1.20,1.60
2010.06.14 12:04:38.300,0.69625,0.69645,1.60,1.60
2010.06.14 12:04:38.797,0.69625,0.69645,2.80,1.60
2010.06.14 12:04:45.603,0.69625,0.69645,1.20,1.60
2010.06.14 12:04:45.923,0.69625,0.69645,2.00,1.00
2010.06.14 12:04:46.414,0.69625,0.6965,2.80,1.60
2010.06.14 12:04:48.661,0.69625,0.6965,2.80,2.40
2010.06.14 12:04:48.781,0.69625,0.69645,2.00,1.00
2010.06.14 12:04:48.894,0.69625,0.69645,1.20,1.60
2010.06.14 12:04:58.674,0.69625,0.69645,1.30,1.60
2010.06.14 12:05:00.654,0.69625,0.69645,1.20,1.60
2010.06.14 12:05:06.727,0.69625,0.6965,2.00,2.40
2010.06.14 12:05:08.763,0.69625,0.6965,2.80,2.40
2010.06.14 12:05:09.294,0.6963,0.6965,1.00,1.60
2010.06.14 12:05:15.387,0.6963,0.6965,1.60,1.60
2010.06.14 12:05:25.856,0.69635,0.6966,1.60,8.40
2010.06.14 12:05:30.264,0.69645,0.6966,1.00,5.60
2010.06.14 12:05:30.458,0.69645,0.69665,1.00,5.20
2010.06.14 12:05:30.881,0.6965,0.69665,1.00,2.80
2010.06.14 12:05:31.526,0.6965,0.69665,1.60,2.80
2010.06.14 12:05:32.210,0.6965,0.69665,1.60,3.20
2010.06.14 12:05:32.558,0.6965,0.69665,1.60,2.80
2010.06.14 12:05:37.525,0.69645,0.69665,1.60,2.80
2010.06.14 12:05:43.276,0.69645,0.69665,1.00,4.40
2010.06.14 12:05:50.909,0.69645,0.69665,1.00,7.60
2010.06.14 12:05:53.945,0.69645,0.69665,1.00,6.00
2010.06.14 12:05:58.946,0.69645,0.69665,1.00,5.20
2010.06.14 12:05:59.067,0.69645,0.69665,1.60,5.20
2010.06.14 12:05:59.308,0.69645,0.69665,1.60,4.40
2010.06.14 12:06:03.346,0.69645,0.69665,1.60,6.00
2010.06.14 12:06:03.945,0.69645,0.69665,1.00,6.00
2010.06.14 12:06:04.945,0.69645,0.69665,1.00,6.10
2010.06.14 12:06:10.455,0.69645,0.69665,1.00,7.70
2010.06.14 12:06:13.287,0.69645,0.69665,1.00,8.50
2010.06.14 12:06:13.547,0.69645,0.69665,1.00,7.70
2010.06.14 12:06:23.646,0.69645,0.6966,1.00,1.00
2010.06.14 12:06:33.737,0.69645,0.6966,1.00,1.00
2010.06.14 12:06:33.853,0.6964,0.69665,1.00,10.50
2010.06.14 12:06:33.976,0.6964,0.69665,1.00,11.50
2010.06.14 12:06:34.314,0.6964,0.69665,1.00,12.30
2010.06.14 12:06:34.993,0.6964,0.69665,1.00,12.40
2010.06.14 12:06:35.599,0.6964,0.6966,1.00,1.00
2010.06.14 12:06:39.346,0.6964,0.6966,1.00,1.00
2010.06.14 12:06:42.428,0.6964,0.6966,1.00,1.70
2010.06.14 12:06:43.137,0.6964,0.6966,1.00,1.00
2010.06.14 12:06:44.395,0.6964,0.69665,1.00,14.40
2010.06.14 12:06:46.456,0.6964,0.6966,1.00,1.00
2010.06.14 12:06:49.673,0.6964,0.69665,1.00,14.20
2010.06.14 12:06:50.017,0.6964,0.69665,1.00,14.50
2010.06.14 12:06:59.634,0.6964,0.69665,1.00,14.40
2010.06.14 12:06:59.822,0.6964,0.69665,1.00,14.80
2010.06.14 12:07:11.403,0.6964,0.69665,1.00,12.80
2010.06.14 12:07:17.136,0.6964,0.6966,1.00,1.00
2010.06.14 12:07:19.685,0.6964,0.69665,1.00,12.80
2010.06.14 12:07:21.534,0.6964,0.6966,1.00,1.00
2010.06.14 12:07:23.975,0.69635,0.6966,1.60,2.00
2010.06.14 12:07:24.216,0.69635,0.6966,2.40,4.00
2010.06.14 12:07:24.456,0.6964,0.6966,1.00,2.10
2010.06.14 12:07:24.781,0.6964,0.6966,1.00,1.70
2010.06.14 12:07:25.016,0.6964,0.6966,1.00,1.00
2010.06.14 12:07:33.978,0.6964,0.69665,1.00,13.60
2010.06.14 12:07:34.214,0.6964,0.69665,1.00,12.80
2010.06.14 12:07:36.063,0.6964,0.69665,3.20,10.60
2010.06.14 12:07:36.296,0.6964,0.6966,4.80,3.60
2010.06.14 12:07:36.704,0.6964,0.6966,1.00,4.80
2010.06.14 12:07:36.756,0.6964,0.6966,1.00,3.20
2010.06.14 12:07:37.085,0.6964,0.69665,1.00,12.40
2010.06.14 12:07:39.226,0.6964,0.69665,1.00,12.90
2010.06.14 12:07:39.564,0.6964,0.69665,1.00,12.10
2010.06.14 12:07:39.704,0.6964,0.69665,1.00,11.80
2010.06.14 12:07:39.984,0.6964,0.69665,1.00,11.30
2010.06.14 12:07:40.330,0.6964,0.69665,1.00,11.20
2010.06.14 12:07:42.317,0.6964,0.69665,1.00,11.30
2010.06.14 12:07:42.554,0.6964,0.69665,1.00,11.20
2010.06.14 12:07:52.434,0.6964,0.69665,1.00,11.60
2010.06.14 12:08:02.493,0.6964,0.69665,1.00,12.40
2010.06.14 12:08:02.693,0.6964,0.69665,1.00,12.80
2010.06.14 12:08:04.215,0.6964,0.69665,1.00,12.90
2010.06.14 12:08:12.632,0.6964,0.69665,1.00,12.80
2010.06.14 12:08:18.953,0.6964,0.69665,1.00,12.60
2010.06.14 12:08:22.033,0.6964,0.69665,1.00,12.80
2010.06.14 12:08:24.003,0.6964,0.69665,1.00,12.60
2010.06.14 12:08:24.545,0.6964,0.69665,1.00,12.80
2010.06.14 12:08:26.466,0.6964,0.69665,1.00,12.60
2010.06.14 12:08:33.272,0.6964,0.69665,1.00,12.80
2010.06.14 12:08:33.731,0.6964,0.6966,1.00,1.00
2010.06.14 12:08:35.121,0.6964,0.69665,1.00,12.00
2010.06.14 12:08:35.468,0.6964,0.69665,1.00,11.80
2010.06.14 12:08:38.373,0.6964,0.69665,1.00,12.10
2010.06.14 12:08:38.523,0.6964,0.69665,1.00,12.90
2010.06.14 12:08:48.565,0.6964,0.69665,2.40,10.60
2010.06.14 12:08:48.804,0.6964,0.69665,2.40,9.60
2010.06.14 12:08:48.884,0.6964,0.69655,2.40,1.60
2010.06.14 12:08:50.058,0.69645,0.6966,2.40,1.60
2010.06.14 12:08:52.889,0.69645,0.69665,2.40,6.80
2010.06.14 12:08:57.463,0.69645,0.69665,2.40,6.00
2010.06.14 12:08:58.836,0.69645,0.69665,1.00,6.00
2010.06.14 12:09:01.903,0.69645,0.6966,1.00,1.20
2010.06.14 12:09:02.214,0.69645,0.6966,2.40,1.20
2010.06.14 12:09:02.395,0.69645,0.6966,2.40,2.80
2010.06.14 12:09:02.575,0.69645,0.6966,1.60,2.80
2010.06.14 12:09:04.514,0.6964,0.69655,1.00,1.00
2010.06.14 12:09:04.815,0.6964,0.69655,1.00,1.60
2010.06.14 12:09:07.434,0.6964,0.69655,2.40,1.60
2010.06.14 12:09:08.797,0.6964,0.6966,2.40,6.00
2010.06.14 12:09:17.449,0.69645,0.69655,1.60,1.60
2010.06.14 12:09:20.564,0.6964,0.69655,1.00,1.60
2010.06.14 12:09:22.113,0.6964,0.69655,1.20,1.60
2010.06.14 12:09:23.025,0.6964,0.69655,1.00,1.60
2010.06.14 12:09:24.574,0.6964,0.69655,2.40,1.60
2010.06.14 12:09:30.354,0.6964,0.69655,1.00,1.00
2010.06.14 12:09:30.494,0.69635,0.69655,1.00,1.00
2010.06.14 12:09:33.303,0.69635,0.6966,1.00,6.00
2010.06.14 12:09:37.445,0.69635,0.69655,1.00,1.00
2010.06.14 12:09:37.635,0.69635,0.69655,1.00,1.60
2010.06.14 12:09:44.715,0.69635,0.6966,1.00,6.00
2010.06.14 12:09:45.716,0.69635,0.69655,1.00,1.00
2010.06.14 12:09:46.059,0.69635,0.69655,1.00,1.60
2010.06.14 12:09:54.697,0.69635,0.69655,1.00,1.00
2010.06.14 12:09:55.037,0.69635,0.6966,1.00,2.80
2010.06.14 12:10:01.814,0.69635,0.6966,1.00,1.60
2010.06.14 12:10:02.115,0.6964,0.6966,1.00,1.00
2010.06.14 12:10:21.445,0.6964,0.6966,1.00,1.60
2010.06.14 12:10:22.826,0.6964,0.6966,1.00,1.00
2010.06.14 12:10:24.973,0.6964,0.6966,1.00,1.60
2010.06.14 12:10:26.214,0.6964,0.6966,1.00,2.80
2010.06.14 12:10:26.755,0.6964,0.69655,1.00,1.00
2010.06.14 12:10:27.018,0.69635,0.69655,1.00,1.00
2010.06.14 12:10:31.575,0.69635,0.69655,1.00,1.60
2010.06.14 12:10:32.595,0.69635,0.69655,1.00,1.00
2010.06.14 12:10:32.784,0.69635,0.6966,1.00,6.80
2010.06.14 12:10:33.737,0.69635,0.69655,1.00,1.60
2010.06.14 12:10:34.059,0.69635,0.6965,1.00,1.60
2010.06.14 12:10:34.359,0.6963,0.69655,1.00,3.60
2010.06.14 12:10:34.465,0.6963,0.69655,1.00,4.00
2010.06.14 12:10:34.574,0.6963,0.6965,1.00,1.00
2010.06.14 12:10:35.128,0.6963,0.69655,1.00,6.30
2010.06.14 12:10:36.144,0.6963,0.69655,1.00,6.40
2010.06.14 12:10:36.826,0.6963,0.69655,1.00,6.00
2010.06.14 12:10:37.036,0.6963,0.69655,1.00,3.10
2010.06.14 12:10:37.244,0.6963,0.69655,1.00,4.70
2010.06.14 12:10:39.078,0.6963,0.69655,1.00,4.80
2010.06.14 12:10:39.994,0.6963,0.69655,1.00,5.30
2010.06.14 12:10:40.103,0.6963,0.69655,1.00,5.70
2010.06.14 12:10:40.444,0.6963,0.69655,1.00,7.30
2010.06.14 12:10:41.514,0.6963,0.6965,1.00,1.00
2010.06.14 12:10:44.375,0.6963,0.69655,1.00,8.80
2010.06.14 12:10:45.204,0.6963,0.69655,1.00,10.40
2010.06.14 12:10:46.196,0.6963,0.69655,1.00,10.30
2010.06.14 12:10:46.503,0.6963,0.69655,1.00,8.70
2010.06.14 12:10:49.424,0.6963,0.6965,1.00,1.00
2010.06.14 12:10:49.705,0.69625,0.6965,1.00,3.30
2010.06.14 12:10:50.623,0.69625,0.6965,1.00,3.20
2010.06.14 12:11:01.455,0.69625,0.6965,1.00,1.60
2010.06.14 12:11:02.498,0.69625,0.6965,1.00,2.40
2010.06.14 12:11:02.836,0.69625,0.6965,1.00,1.60
2010.06.14 12:11:07.214,0.69625,0.6965,1.00,2.40
2010.06.14 12:11:12.884,0.69625,0.6965,1.00,1.60
2010.06.14 12:11:17.055,0.69625,0.6965,1.00,2.40
2010.06.14 12:11:22.874,0.69625,0.6965,1.00,1.60
2010.06.14 12:11:23.393,0.69625,0.6965,1.00,2.40
2010.06.14 12:11:23.817,0.69625,0.6965,1.00,2.50
2010.06.14 12:11:25.214,0.69625,0.6965,1.00,3.30
2010.06.14 12:11:25.306,0.69625,0.6965,1.00,5.20
2010.06.14 12:11:25.916,0.69625,0.6965,1.00,3.60
2010.06.14 12:11:27.945,0.69625,0.6965,1.00,3.70
2010.06.14 12:11:33.895,0.69625,0.6965,1.00,3.60
2010.06.14 12:11:41.475,0.69625,0.69645,1.00,1.00
2010.06.14 12:11:41.700,0.69625,0.69645,1.00,1.10
2010.06.14 12:11:45.294,0.69625,0.69645,1.00,1.00
2010.06.14 12:11:46.737,0.69625,0.69645,1.00,1.10
2010.06.14 12:11:47.396,0.6962,0.69645,1.00,4.70
2010.06.14 12:11:47.683,0.69615,0.69645,3.20,4.70
2010.06.14 12:11:47.911,0.69615,0.6964,1.00,2.40
2010.06.14 12:11:51.445,0.69615,0.6964,1.00,3.20
2010.06.14 12:11:52.504,0.69615,0.6964,1.00,5.20
2010.06.14 12:11:52.776,0.6961,0.69635,1.00,1.60
2010.06.14 12:11:56.507,0.6961,0.69635,4.40,1.60
2010.06.14 12:11:57.744,0.6961,0.69635,4.80,1.60
2010.06.14 12:12:01.459,0.6961,0.69635,4.90,1.60
2010.06.14 12:12:01.912,0.69615,0.6964,4.00,1.60
2010.06.14 12:12:02.261,0.6962,0.69645,4.40,3.10
2010.06.14 12:12:02.612,0.69615,0.6964,3.20,1.60
2010.06.14 12:12:03.053,0.69615,0.6964,1.00,1.60
2010.06.14 12:12:03.404,0.6961,0.69635,1.00,3.20
2010.06.14 12:12:03.750,0.69615,0.6964,1.00,3.60
2010.06.14 12:12:04.100,0.6962,0.69635,1.60,1.00
2010.06.14 12:12:04.449,0.69625,0.6964,3.20,1.00
2010.06.14 12:12:04.797,0.69625,0.6964,3.20,1.60
2010.06.14 12:12:14.155,0.69625,0.6964,4.80,1.60
2010.06.14 12:12:43.378,0.69625,0.6964,5.60,1.00
2010.06.14 12:12:43.688,0.69625,0.69645,1.00,1.60
2010.06.14 12:12:44.355,0.69625,0.6965,1.00,3.20
2010.06.14 12:12:53.085,0.69625,0.69645,1.00,1.60
2010.06.14 12:12:53.928,0.69625,0.6965,1.00,3.20
2010.06.14 12:12:57.056,0.69625,0.6965,1.00,3.20
2010.06.14 12:12:57.607,0.69625,0.6965,1.00,2.40
2010.06.14 12:12:57.811,0.69625,0.6965,1.00,2.40
2010.06.14 12:12:58.159,0.69625,0.6965,1.00,3.20
2010.06.14 12:13:02.154,0.69625,0.69645,1.00,1.00
2010.06.14 12:13:02.363,0.69625,0.69645,1.00,1.00
2010.06.14 12:13:02.565,0.6964,0.69645,2.40,1.00
2010.06.14 12:13:02.777,0.6964,0.69655,4.00,1.00
2010.06.14 12:13:02.988,0.69635,0.69655,2.00,2.00
2010.06.14 12:13:03.343,0.6963,0.6965,2.40,1.60
2010.06.14 12:13:03.577,0.6963,0.6965,3.20,1.60
2010.06.14 12:13:04.036,0.6963,0.6965,2.40,1.60
2010.06.14 12:13:04.267,0.69625,0.6965,4.00,2.40
2010.06.14 12:13:04.514,0.69625,0.6965,3.20,2.40
2010.06.14 12:13:10.055,0.69625,0.6965,3.30,2.40
2010.06.14 12:13:10.440,0.6963,0.6965,3.20,1.00
2010.06.14 12:13:10.598,0.6963,0.69655,3.20,2.80
2010.06.14 12:13:11.195,0.6963,0.69655,4.00,2.00
2010.06.14 12:13:12.555,0.6963,0.69655,4.00,1.20
2010.06.14 12:13:17.640,0.6963,0.69655,4.00,1.00
2010.06.14 12:13:17.818,0.6963,0.69655,4.00,1.60
2010.06.14 12:13:20.634,0.6963,0.69655,4.00,2.30
2010.06.14 12:13:20.783,0.6963,0.69655,4.00,2.70
2010.06.14 12:13:22.225,0.6963,0.69655,4.00,2.00
2010.06.14 12:13:22.464,0.6963,0.69655,4.00,1.60
2010.06.14 12:13:23.484,0.6963,0.69655,4.00,2.40
2010.06.14 12:13:23.754,0.6963,0.69655,4.00,1.60
2010.06.14 12:13:26.308,0.6963,0.69655,4.00,1.90
2010.06.14 12:13:26.536,0.6963,0.69655,4.00,2.70
2010.06.14 12:13:27.777,0.6963,0.69655,4.10,2.70
2010.06.14 12:13:28.115,0.6963,0.69655,4.00,2.70
2010.06.14 12:13:28.435,0.6963,0.69655,4.10,2.70
2010.06.14 12:13:29.376,0.6963,0.69655,4.00,2.40
2010.06.14 12:13:30.834,0.6963,0.69655,4.00,3.20
2010.06.14 12:13:31.347,0.6963,0.69655,4.10,3.50
2010.06.14 12:13:31.658,0.6963,0.69655,4.00,3.80
2010.06.14 12:13:33.265,0.6963,0.69645,4.00,1.00
2010.06.14 12:13:33.607,0.6963,0.69655,4.00,4.10
2010.06.14 12:13:43.606,0.6963,0.69655,4.00,3.70
2010.06.14 12:13:54.405,0.6963,0.6965,4.00,1.60
2010.06.14 12:13:54.705,0.6963,0.69655,4.00,5.30
2010.06.14 12:14:03.287,0.6963,0.69655,4.10,5.30
2010.06.14 12:14:03.967,0.6963,0.69655,4.10,5.50
2010.06.14 12:14:05.289,0.6963,0.69655,4.00,5.50
2010.06.14 12:14:07.168,0.6963,0.69655,4.10,5.50
2010.06.14 12:14:07.438,0.6963,0.69655,4.00,5.50
2010.06.14 12:14:12.662,0.6963,0.69655,4.10,5.50
2010.06.14 12:14:12.876,0.6963,0.69655,4.00,5.50
2010.06.14 12:14:14.239,0.6963,0.69655,4.00,5.10
2010.06.14 12:14:14.525,0.6963,0.69655,4.10,5.10
2010.06.14 12:14:15.378,0.6963,0.69655,4.10,5.30
2010.06.14 12:14:15.855,0.6963,0.69655,4.10,5.60
2010.06.14 12:14:17.218,0.69635,0.6965,4.00,1.60
2010.06.14 12:14:17.695,0.69635,0.6965,4.00,1.00
2010.06.14 12:14:18.040,0.69635,0.69655,4.00,3.70
2010.06.14 12:14:27.275,0.69635,0.69655,4.00,3.50
2010.06.14 12:14:27.958,0.69635,0.69655,4.00,4.00
2010.06.14 12:14:28.300,0.69635,0.69655,4.00,3.70
2010.06.14 12:14:29.176,0.69635,0.6965,4.00,1.60
2010.06.14 12:14:38.075,0.69635,0.6965,4.00,1.00
2010.06.14 12:14:38.285,0.69635,0.6965,4.00,1.60
2010.06.14 12:14:39.466,0.69635,0.6965,5.60,1.60
2010.06.14 12:14:39.807,0.69635,0.6965,5.60,1.00
2010.06.14 12:14:42.373,0.69635,0.6966,6.40,6.80
2010.06.14 12:14:43.739,0.69635,0.6965,5.60,1.00
2010.06.14 12:14:47.944,0.69635,0.6965,5.60,1.60
2010.06.14 12:14:51.063,0.69635,0.6965,7.60,1.60
2010.06.14 12:14:51.371,0.6964,0.6965,3.20,1.60
2010.06.14 12:14:51.676,0.6964,0.6965,1.00,1.60
2010.06.14 12:14:51.973,0.69635,0.69655,3.20,1.00
2010.06.14 12:14:52.266,0.69635,0.69655,4.00,1.00
2010.06.14 12:15:01.987,0.69635,0.69655,4.00,1.60
2010.06.14 12:15:05.266,0.69635,0.6965,4.00,1.60
2010.06.14 12:15:18.135,0.69635,0.6965,5.60,1.60
2010.06.14 12:15:26.070,0.69635,0.6965,4.00,1.60
2010.06.14 12:15:26.616,0.69635,0.6965,4.00,1.00
2010.06.14 12:15:26.949,0.69635,0.69655,4.00,1.60
2010.06.14 12:15:34.416,0.69635,0.69655,4.10,1.60
2010.06.14 12:15:35.058,0.69635,0.6966,4.90,6.80
2010.06.14 12:15:35.267,0.69635,0.6966,4.90,5.20
2010.06.14 12:15:36.032,0.69635,0.6966,4.80,5.20
2010.06.14 12:15:36.389,0.69635,0.69655,4.10,1.60
2010.06.14 12:15:36.740,0.69635,0.69655,4.00,1.60
2010.06.14 12:15:38.807,0.69635,0.6965,4.00,1.60
2010.06.14 12:15:39.957,0.69635,0.69655,4.00,1.60
2010.06.14 12:15:43.888,0.69635,0.69655,4.10,1.60
2010.06.14 12:15:54.615,0.69635,0.69655,4.00,1.60
2010.06.14 12:15:55.284,0.69635,0.69655,4.10,1.60
2010.06.14 12:15:57.435,0.69635,0.69655,4.00,1.60
2010.06.14 12:15:58.270,0.69635,0.69655,4.10,1.60
2010.06.14 12:16:09.656,0.69635,0.69655,4.00,1.60
2010.06.14 12:16:09.874,0.69635,0.69655,4.80,1.00
2010.06.14 12:16:10.108,0.69635,0.6966,5.60,2.00
2010.06.14 12:16:10.341,0.69635,0.69655,4.00,1.60
2010.06.14 12:16:11.246,0.69635,0.69655,4.80,1.00
2010.06.14 12:16:11.586,0.69635,0.6966,5.60,2.00
2010.06.14 12:16:15.950,0.69635,0.6966,5.60,5.20
2010.06.14 12:16:16.157,0.69635,0.6966,5.60,6.80
2010.06.14 12:16:16.360,0.69635,0.69655,4.00,1.60
2010.06.14 12:16:20.907,0.69635,0.69655,4.10,1.60
2010.06.14 12:16:22.347,0.69635,0.69655,4.00,1.60
2010.06.14 12:16:32.787,0.69635,0.6966,4.80,5.20
2010.06.14 12:16:33.107,0.6964,0.6966,1.00,5.20
2010.06.14 12:16:33.367,0.69635,0.6966,5.70,5.20
2010.06.14 12:16:33.875,0.69635,0.6966,5.60,5.20
2010.06.14 12:16:34.075,0.69635,0.6966,4.80,5.20
2010.06.14 12:16:35.083,0.69635,0.6966,4.90,5.20
2010.06.14 12:16:37.075,0.69635,0.6966,5.70,5.20
2010.06.14 12:16:38.064,0.6964,0.6966,1.00,4.40
2010.06.14 12:16:38.366,0.6964,0.6966,1.00,3.60
2010.06.14 12:16:39.047,0.6964,0.6966,1.00,3.60
2010.06.14 12:16:39.387,0.6964,0.6966,1.00,3.60
2010.06.14 12:16:39.726,0.6964,0.6966,1.00,3.60
2010.06.14 12:16:43.168,0.6964,0.6966,2.50,3.60
2010.06.14 12:16:43.499,0.6964,0.6966,4.80,1.60
2010.06.14 12:16:43.799,0.69655,0.69665,1.00,1.00
2010.06.14 12:16:44.097,0.69655,0.69675,1.00,2.90
2010.06.14 12:16:44.397,0.69655,0.69675,1.60,2.10
2010.06.14 12:16:44.825,0.69655,0.69675,2.40,2.10
2010.06.14 12:16:45.169,0.6966,0.69685,1.60,4.20
2010.06.14 12:16:45.509,0.6966,0.69685,5.60,1.00
2010.06.14 12:16:45.851,0.69665,0.6969,1.00,2.00
2010.06.14 12:16:46.201,0.69665,0.6969,3.20,1.20
2010.06.14 12:16:46.550,0.69665,0.69695,3.20,3.80
2010.06.14 12:16:46.899,0.69675,0.69695,1.00,2.10
2010.06.14 12:16:47.931,0.6967,0.69695,1.00,2.90
2010.06.14 12:16:48.277,0.6967,0.69695,1.00,3.70
2010.06.14 12:16:49.956,0.6967,0.69695,1.00,3.90
2010.06.14 12:16:50.499,0.6967,0.69695,1.00,3.70
2010.06.14 12:16:50.692,0.6967,0.69695,1.00,3.90
2010.06.14 12:16:53.075,0.6967,0.69695,1.00,3.70
2010.06.14 12:16:56.359,0.6967,0.69695,1.00,3.50
2010.06.14 12:17:01.457,0.69675,0.69695,1.00,2.00
2010.06.14 12:17:03.859,0.6967,0.69695,1.00,3.60
2010.06.14 12:17:07.120,0.69675,0.697,3.20,1.60
2010.06.14 12:17:07.469,0.69685,0.69705,1.00,1.00
2010.06.14 12:17:08.149,0.69685,0.69705,5.60,1.00
2010.06.14 12:17:08.837,0.69685,0.69705,5.70,1.00
2010.06.14 12:17:09.222,0.6969,0.69705,3.20,1.00
2010.06.14 12:17:09.514,0.6969,0.69705,4.00,1.00
2010.06.14 12:17:10.270,0.69695,0.69705,2.40,1.00
2010.06.14 12:17:10.623,0.6971,0.69715,3.20,5.60
2010.06.14 12:17:12.631,0.69715,0.6974,1.00,6.40
2010.06.14 12:17:12.984,0.69715,0.6974,1.00,1.60
2010.06.14 12:17:13.334,0.69715,0.6974,1.00,3.60
2010.06.14 12:17:14.359,0.6971,0.69735,3.20,1.00
2010.06.14 12:17:16.828,0.6971,0.69735,3.20,2.20
2010.06.14 12:17:17.343,0.6971,0.69735,3.20,2.40
2010.06.14 12:17:18.928,0.6971,0.69735,1.00,5.00
2010.06.14 12:17:19.836,0.6971,0.69735,1.00,5.20
2010.06.14 12:17:21.384,0.6971,0.69735,1.00,6.10
2010.06.14 12:17:22.199,0.6971,0.69725,1.00,1.10
2010.06.14 12:17:22.481,0.69705,0.69725,3.20,1.50
2010.06.14 12:17:23.196,0.69705,0.69725,2.40,2.70
2010.06.14 12:17:24.012,0.69705,0.69725,2.40,3.50
2010.06.14 12:17:29.359,0.69705,0.69725,2.40,6.40
2010.06.14 12:17:29.562,0.69705,0.69725,2.40,6.70
2010.06.14 12:17:29.759,0.697,0.69725,3.20,5.70
2010.06.14 12:17:30.155,0.697,0.69715,3.20,1.00
2010.06.14 12:17:30.497,0.697,0.69715,3.20,1.40
2010.06.14 12:17:30.836,0.69695,0.69715,4.00,1.40
2010.06.14 12:17:31.572,0.69695,0.69715,4.80,1.40
2010.06.14 12:17:40.274,0.69695,0.69715,4.80,1.10
2010.06.14 12:18:20.354,0.69695,0.69705,4.80,1.00
2010.06.14 12:18:28.045,0.69695,0.69705,4.90,1.00
2010.06.14 12:18:28.611,0.697,0.69705,1.60,1.00
2010.06.14 12:18:28.963,0.69705,0.69715,4.00,2.40
2010.06.14 12:18:29.464,0.6971,0.69725,1.00,1.00
2010.06.14 12:18:29.807,0.6971,0.69725,3.20,1.00
2010.06.14 12:18:30.147,0.6971,0.69725,3.20,1.00
2010.06.14 12:18:30.943,0.6971,0.69725,3.20,1.00
2010.06.14 12:18:31.475,0.6971,0.69725,3.20,1.00
2010.06.14 12:18:32.968,0.6971,0.69735,3.20,2.10
2010.06.14 12:18:33.116,0.69715,0.69735,1.00,1.30
2010.06.14 12:18:33.270,0.69715,0.69735,1.00,1.00
2010.06.14 12:18:33.427,0.6971,0.69735,3.20,1.00
2010.06.14 12:18:34.620,0.69715,0.69735,1.00,1.00
2010.06.14 12:18:34.976,0.69715,0.69735,1.00,1.00
2010.06.14 12:18:35.214,0.69715,0.69735,1.00,1.00
2010.06.14 12:18:35.537,0.69715,0.69745,1.00,3.20
2010.06.14 12:18:35.771,0.69715,0.69745,1.00,1.60
2010.06.14 12:18:36.009,0.69715,0.69745,1.00,2.20
2010.06.14 12:18:37.200,0.69715,0.6974,1.00,1.60
2010.06.14 12:18:37.549,0.69715,0.69745,1.00,2.20
2010.06.14 12:18:39.246,0.69715,0.6974,1.00,1.60
2010.06.14 12:18:50.104,0.69715,0.69745,1.00,1.90
2010.06.14 12:18:51.567,0.69715,0.6974,1.00,1.60
2010.06.14 12:18:51.800,0.69715,0.69745,1.00,1.90
2010.06.14 12:18:56.696,0.6972,0.69745,2.40,1.90
2010.06.14 12:18:56.929,0.6972,0.69745,3.20,1.10
2010.06.14 12:18:57.231,0.69725,0.69745,3.20,1.90
2010.06.14 12:18:57.529,0.69725,0.69745,4.00,1.00
2010.06.14 12:18:59.196,0.69725,0.69745,4.00,1.00
2010.06.14 12:19:00.276,0.69725,0.6975,4.00,2.40
2010.06.14 12:19:00.517,0.6973,0.6975,2.40,2.40
2010.06.14 12:19:00.640,0.69745,0.6975,1.00,1.00
2010.06.14 12:19:00.772,0.69745,0.69765,1.00,1.20
2010.06.14 12:19:01.109,0.69745,0.69765,1.70,1.00
2010.06.14 12:19:01.237,0.6975,0.69775,3.20,1.00
2010.06.14 12:19:02.629,0.69755,0.69775,2.40,1.00
2010.06.14 12:19:02.967,0.69755,0.69775,3.20,2.50
2010.06.14 12:19:03.646,0.69755,0.69775,3.20,1.60
2010.06.14 12:19:03.926,0.69755,0.69775,3.20,1.00
2010.06.14 12:19:04.755,0.69755,0.69775,3.20,1.60
2010.06.14 12:19:04.906,0.69755,0.69775,3.20,2.40
2010.06.14 12:19:05.280,0.6975,0.69775,3.20,1.00
2010.06.14 12:19:06.038,0.6975,0.69775,1.00,1.00
2010.06.14 12:19:06.545,0.6975,0.69775,4.00,1.00
2010.06.14 12:19:07.066,0.69755,0.6978,1.00,2.40
2010.06.14 12:19:11.546,0.69755,0.6978,1.00,1.60
2010.06.14 12:19:16.374,0.69755,0.6978,1.00,2.40
2010.06.14 12:19:21.535,0.69755,0.6978,1.00,1.60
2010.06.14 12:19:23.896,0.69755,0.6978,1.00,2.40
2010.06.14 12:19:28.030,0.69755,0.6978,1.00,2.50
2010.06.14 12:19:28.297,0.69755,0.69775,1.00,1.00
2010.06.14 12:19:38.346,0.69755,0.69775,1.00,1.00
2010.06.14 12:19:39.328,0.69755,0.69765,1.00,1.00
2010.06.14 12:19:39.589,0.69755,0.69765,1.00,1.00
2010.06.14 12:19:40.079,0.6975,0.69765,4.00,1.00
2010.06.14 12:19:40.539,0.6975,0.69765,4.00,1.00
2010.06.14 12:19:46.324,0.6975,0.69765,4.00,1.00
2010.06.14 12:19:47.825,0.6975,0.69765,4.00,1.00
2010.06.14 12:19:49.107,0.6975,0.69765,4.00,1.00
2010.06.14 12:19:50.367,0.6975,0.69765,4.00,1.00
2010.06.14 12:19:52.232,0.6975,0.69765,4.00,1.00
2010.06.14 12:19:52.583,0.6975,0.69765,4.00,1.00
2010.06.14 12:19:55.598,0.69755,0.69765,3.20,1.00
2010.06.14 12:19:55.821,0.69755,0.69765,4.80,1.00
2010.06.14 12:19:56.068,0.69755,0.69765,3.20,1.00
2010.06.14 12:19:56.293,0.69745,0.69765,3.20,1.00
2010.06.14 12:20:00.692,0.69745,0.69755,2.40,1.00
2010.06.14 12:20:01.037,0.69745,0.69755,2.40,1.00
2010.06.14 12:20:01.380,0.6974,0.69755,3.20,1.00
2010.06.14 12:20:01.728,0.6974,0.69755,1.00,1.00
2010.06.14 12:20:02.848,0.6974,0.69755,4.00,1.00
2010.06.14 12:20:03.191,0.6974,0.69755,6.80,1.00
2010.06.14 12:20:03.551,0.6975,0.69765,1.00,1.00
2010.06.14 12:20:04.045,0.6975,0.69775,1.00,1.00
2010.06.14 12:20:04.387,0.69755,0.69775,1.00,1.00
2010.06.14 12:20:04.727,0.6975,0.69775,1.00,1.50
2010.06.14 12:20:05.067,0.6975,0.69775,1.00,2.70
2010.06.14 12:20:06.308,0.69755,0.69775,1.00,1.10
2010.06.14 12:20:10.291,0.69755,0.69775,1.00,1.00
2010.06.14 12:20:11.251,0.69755,0.6978,4.80,1.60
2010.06.14 12:20:11.601,0.6976,0.6978,1.00,1.60
2010.06.14 12:20:12.290,0.6976,0.69775,1.60,1.00
2010.06.14 12:20:12.827,0.6976,0.6978,1.60,1.00
2010.06.14 12:20:13.171,0.69765,0.69785,1.00,1.00
2010.06.14 12:20:13.713,0.69765,0.69785,1.00,1.00
2010.06.14 12:20:23.268,0.69765,0.69785,1.00,1.00
2010.06.14 12:20:23.996,0.69765,0.6979,1.00,1.60
2010.06.14 12:20:25.457,0.6977,0.6979,1.00,1.60
2010.06.14 12:20:26.307,0.6977,0.6979,1.00,1.60
2010.06.14 12:20:26.748,0.69775,0.69795,1.00,1.00
2010.06.14 12:20:27.298,0.69775,0.69795,4.80,1.90
2010.06.14 12:20:27.639,0.69775,0.69795,4.80,1.10
2010.06.14 12:20:28.319,0.69775,0.69795,6.00,1.60
2010.06.14 12:20:28.659,0.69785,0.69795,1.00,1.00
2010.06.14 12:20:29.051,0.69785,0.69805,1.00,1.60
2010.06.14 12:20:29.380,0.69785,0.69805,1.00,2.70
2010.06.14 12:20:33.700,0.69785,0.69805,1.00,2.00
2010.06.14 12:20:34.325,0.69785,0.69805,1.00,1.00
2010.06.14 12:20:34.809,0.69785,0.69805,3.20,1.00
2010.06.14 12:20:35.575,0.6979,0.69805,3.20,1.00
2010.06.14 12:20:35.884,0.6979,0.69805,1.00,1.00
2010.06.14 12:20:36.230,0.69785,0.69805,5.20,1.00
2010.06.14 12:20:38.136,0.69785,0.69805,5.20,1.00
2010.06.14 12:20:38.606,0.6979,0.69805,2.40,1.00
2010.06.14 12:20:39.060,0.69785,0.69805,7.20,1.00
2010.06.14 12:20:39.460,0.69805,0.69815,1.00,1.60
2010.06.14 12:20:39.810,0.69815,0.69835,1.00,6.70
2010.06.14 12:20:40.165,0.69805,0.6983,6.10,1.00
2010.06.14 12:20:40.512,0.69805,0.69835,8.50,1.00
2010.06.14 12:20:40.929,0.69805,0.6984,8.80,1.60
2010.06.14 12:20:41.643,0.69805,0.6984,8.80,1.70
2010.06.14 12:20:41.992,0.69805,0.6984,8.80,1.60
2010.06.14 12:20:42.340,0.69815,0.6984,1.00,1.60
2010.06.14 12:20:42.691,0.69815,0.6984,1.00,1.60
2010.06.14 12:20:43.496,0.69815,0.6984,1.00,1.60
2010.06.14 12:20:43.840,0.69805,0.6984,5.20,1.60
2010.06.14 12:20:45.705,0.69805,0.6983,2.80,1.00
2010.06.14 12:20:46.059,0.69805,0.69835,4.40,4.40
2010.06.14 12:20:46.536,0.69805,0.6983,1.20,1.60
2010.06.14 12:20:46.885,0.69805,0.69835,1.20,3.30
2010.06.14 12:20:47.427,0.69805,0.69835,4.40,1.00
2010.06.14 12:20:47.773,0.69805,0.6984,5.40,1.70
2010.06.14 12:20:48.334,0.69805,0.6984,5.40,1.60
2010.06.14 12:20:48.681,0.69805,0.6984,5.40,1.70
2010.06.14 12:20:49.229,0.69805,0.69835,5.40,2.00
2010.06.14 12:20:49.572,0.69805,0.69835,2.00,6.00
2010.06.14 12:20:49.920,0.69805,0.69835,2.00,6.10
2010.06.14 12:20:50.259,0.69805,0.69835,1.60,6.30
2010.06.14 12:20:50.572,0.69805,0.69825,1.00,1.00
2010.06.14 12:20:50.880,0.69805,0.69825,1.00,2.40
2010.06.14 12:20:51.190,0.69805,0.69825,1.00,3.20
2010.06.14 12:20:51.878,0.69805,0.69825,1.00,3.30
2010.06.14 12:20:52.579,0.698,0.69825,3.20,3.30
2010.06.14 12:20:53.476,0.698,0.69825,3.20,3.70
2010.06.14 12:20:53.817,0.698,0.69825,3.20,3.20
2010.06.14 12:20:56.639,0.698,0.69825,3.20,3.30
2010.06.14 12:20:56.977,0.698,0.69825,3.20,3.20
2010.06.14 12:20:58.137,0.698,0.6982,1.00,1.00
2010.06.14 12:20:58.603,0.69795,0.6982,1.00,1.60
2010.06.14 12:21:00.696,0.69795,0.69825,1.00,1.70
2010.06.14 12:21:02.400,0.69795,0.69825,1.00,2.10
2010.06.14 12:21:02.752,0.69795,0.69825,2.00,2.10
2010.06.14 12:21:03.101,0.698,0.69825,2.00,1.00
2010.06.14 12:21:03.611,0.69805,0.69825,2.40,1.00
2010.06.14 12:21:07.518,0.69805,0.69825,4.80,1.00
2010.06.14 12:21:09.199,0.698,0.69825,6.40,1.00
2010.06.14 12:21:09.440,0.698,0.69825,2.40,1.00
2010.06.14 12:21:10.032,0.698,0.69825,4.40,1.00
2010.06.14 12:21:10.272,0.69805,0.69825,4.80,1.00
2010.06.14 12:21:11.007,0.69805,0.69825,4.80,1.00
2010.06.14 12:21:12.023,0.69805,0.69825,2.40,2.80
2010.06.14 12:21:12.361,0.69795,0.69825,2.20,7.20
2010.06.14 12:21:12.710,0.69795,0.6982,1.00,2.40
2010.06.14 12:21:13.214,0.69795,0.6982,1.00,2.40
2010.06.14 12:21:13.559,0.69795,0.69815,1.00,2.40
2010.06.14 12:21:14.238,0.69795,0.69815,1.00,4.00
2010.06.14 12:21:14.580,0.69795,0.6981,1.00,2.40
2010.06.14 12:21:14.888,0.69795,0.69815,1.00,4.00
2010.06.14 12:21:16.297,0.69795,0.69815,1.00,2.40
2010.06.14 12:21:20.837,0.69795,0.69815,1.00,2.40
2010.06.14 12:21:21.167,0.69805,0.69815,2.00,2.40
2010.06.14 12:21:21.525,0.69815,0.6982,1.00,2.40
2010.06.14 12:21:21.872,0.69815,0.6984,3.20,3.20
2010.06.14 12:21:22.391,0.69815,0.6984,2.40,4.00
2010.06.14 12:21:24.498,0.69815,0.69835,2.40,1.00
2010.06.14 12:21:25.039,0.6982,0.69835,2.40,1.00
2010.06.14 12:21:25.307,0.6982,0.69835,3.20,1.00
2010.06.14 12:21:27.717,0.6982,0.69835,2.40,1.00
2010.06.14 12:21:28.056,0.69815,0.69835,2.40,1.00
2010.06.14 12:21:31.791,0.69815,0.69835,1.00,4.30
2010.06.14 12:21:32.140,0.69815,0.69835,1.00,4.50
2010.06.14 12:21:32.666,0.69815,0.69835,1.00,4.80
2010.06.14 12:21:33.007,0.69815,0.69835,1.00,4.60
2010.06.14 12:21:33.348,0.69815,0.6983,1.00,2.40
2010.06.14 12:21:33.689,0.69815,0.69835,1.00,7.00
2010.06.14 12:21:34.027,0.69815,0.69835,1.00,4.60
2010.06.14 12:21:41.490,0.69815,0.69835,1.00,3.80
2010.06.14 12:21:41.830,0.69815,0.69835,1.00,1.00
2010.06.14 12:21:43.022,0.69815,0.6984,1.00,4.10
2010.06.14 12:21:45.318,0.69815,0.69835,1.00,1.00
2010.06.14 12:21:46.259,0.69815,0.69835,2.40,1.20
2010.06.14 12:21:46.599,0.69815,0.69835,2.40,1.00
2010.06.14 12:21:47.316,0.69815,0.69835,2.40,1.00
2010.06.14 12:21:47.656,0.69815,0.69835,2.40,1.00
2010.06.14 12:21:48.360,0.69815,0.69845,4.80,4.40
2010.06.14 12:21:49.815,0.69815,0.69845,4.80,4.60
2010.06.14 12:21:50.341,0.69815,0.6984,4.80,1.60
2010.06.14 12:21:51.367,0.69815,0.6984,1.00,4.00
2010.06.14 12:21:53.867,0.69815,0.6984,1.00,4.10
2010.06.14 12:21:59.492,0.69815,0.6983,1.00,8.00
2010.06.14 12:22:01.639,0.69815,0.6983,1.00,8.10
2010.06.14 12:22:01.976,0.69815,0.6983,1.00,8.00
2010.06.14 12:22:02.796,0.698,0.6983,5.60,8.90
2010.06.14 12:22:03.480,0.69795,0.69825,9.40,3.20
2010.06.14 12:22:03.827,0.69795,0.69825,7.80,3.20
2010.06.14 12:22:04.168,0.69795,0.69825,6.80,3.30
2010.06.14 12:22:04.605,0.69795,0.69825,6.40,3.70
2010.06.14 12:22:04.928,0.69785,0.69815,6.10,2.50
2010.06.14 12:22:05.248,0.69785,0.6981,1.00,2.40
2010.06.14 12:22:05.919,0.69785,0.6981,1.00,2.40
2010.06.14 12:22:07.141,0.69785,0.6981,1.00,2.80
2010.06.14 12:22:07.493,0.69785,0.69805,3.20,1.00
2010.06.14 12:22:07.839,0.69785,0.69805,5.60,1.00
2010.06.14 12:22:08.618,0.69785,0.69805,5.70,1.00
2010.06.14 12:22:08.958,0.69785,0.69805,5.60,1.00
2010.06.14 12:22:09.641,0.69785,0.69805,5.70,1.00
2010.06.14 12:22:10.841,0.6979,0.69805,1.00,1.00
2010.06.14 12:22:13.089,0.6979,0.69805,2.40,1.00
2010.06.14 12:22:13.368,0.6979,0.69805,5.60,1.00
2010.06.14 12:22:13.980,0.6979,0.6982,5.60,4.00
2010.06.14 12:22:14.266,0.6979,0.6982,6.50,2.40
2010.06.14 12:22:15.161,0.69795,0.69825,2.40,4.30
2010.06.14 12:22:15.509,0.69795,0.69825,6.40,3.50
2010.06.14 12:22:16.798,0.69795,0.69825,6.50,3.50
2010.06.14 12:22:17.823,0.69795,0.69825,6.50,2.70
2010.06.14 12:22:18.276,0.69795,0.69815,6.50,1.00
2010.06.14 12:22:18.956,0.69795,0.69815,6.40,1.00
2010.06.14 12:22:19.297,0.69795,0.69815,6.40,1.00
2010.06.14 12:22:29.269,0.69795,0.69815,6.50,1.00
2010.06.14 12:22:29.587,0.69795,0.69815,6.40,1.00
2010.06.14 12:22:30.330,0.698,0.69815,8.80,1.00
2010.06.14 12:22:30.667,0.698,0.6983,11.60,8.00
2010.06.14 12:22:31.065,0.698,0.6983,6.80,8.00
2010.06.14 12:22:32.429,0.698,0.6983,8.80,2.40
2010.06.14 12:22:32.719,0.69805,0.69835,4.80,5.20
2010.06.14 12:22:33.010,0.69805,0.69825,4.80,1.00
2010.06.14 12:22:33.298,0.69805,0.69825,5.20,1.00
2010.06.14 12:22:33.639,0.69805,0.69825,6.00,1.00
2010.06.14 12:22:33.977,0.69805,0.69825,5.60,1.00
2010.06.14 12:22:34.566,0.69805,0.69825,5.70,1.00
2010.06.14 12:22:34.819,0.6981,0.69825,5.60,1.00
2010.06.14 12:22:35.068,0.69805,0.69825,7.20,1.00
2010.06.14 12:22:35.319,0.69805,0.69825,4.80,1.00
2010.06.14 12:22:35.600,0.698,0.69825,8.80,1.00
2010.06.14 12:22:35.893,0.698,0.69825,6.40,1.00
2010.06.14 12:22:38.212,0.69805,0.69825,4.80,1.00
2010.06.14 12:22:39.177,0.69795,0.69825,6.50,2.60
2010.06.14 12:22:39.518,0.69795,0.69825,6.40,2.60
2010.06.14 12:22:40.541,0.69795,0.69805,6.40,1.00
2010.06.14 12:22:42.748,0.69795,0.69805,5.60,1.00
2010.06.14 12:22:47.544,0.6979,0.69805,11.20,1.00
2010.06.14 12:22:47.895,0.6978,0.69795,6.90,1.00
2010.06.14 12:22:48.241,0.6978,0.69795,6.50,1.00
2010.06.14 12:22:49.108,0.6978,0.69795,6.40,1.00
2010.06.14 12:22:50.025,0.69785,0.69795,1.00,1.00
2010.06.14 12:22:50.759,0.6978,0.69805,6.50,1.00
2010.06.14 12:22:51.441,0.69785,0.69805,5.60,1.00
2010.06.14 12:22:52.468,0.6979,0.69805,1.00,1.00
2010.06.14 12:22:57.398,0.69785,0.69805,5.60,1.00
2010.06.14 12:22:58.046,0.69785,0.69805,1.00,1.00
2010.06.14 12:22:59.821,0.6978,0.69805,5.60,1.00
2010.06.14 12:23:00.320,0.69775,0.69805,5.60,4.00
2010.06.14 12:23:00.640,0.69775,0.69805,4.80,4.80
2010.06.14 12:23:00.960,0.69775,0.69795,4.80,1.00
2010.06.14 12:23:05.283,0.69775,0.69795,4.90,1.00
2010.06.14 12:23:05.539,0.69775,0.69805,4.90,4.80
2010.06.14 12:23:05.839,0.69775,0.69795,4.80,1.00
2010.06.14 12:23:08.972,0.69765,0.6979,3.20,4.00
2010.06.14 12:23:09.135,0.6978,0.69785,3.20,1.00
2010.06.14 12:23:09.447,0.6978,0.69795,5.60,1.00
2010.06.14 12:23:09.618,0.69775,0.69785,5.60,1.00
2010.06.14 12:23:09.783,0.69775,0.69785,4.80,1.00
2010.06.14 12:23:10.989,0.69775,0.69785,2.40,1.00
2010.06.14 12:23:11.329,0.6976,0.69785,8.00,1.00
2010.06.14 12:23:11.669,0.69765,0.69785,2.40,1.00
2010.06.14 12:23:12.767,0.69765,0.69775,4.80,1.00
2010.06.14 12:23:13.113,0.6976,0.69785,6.40,1.00
2010.06.14 12:23:14.137,0.6976,0.69785,6.50,1.00
2010.06.14 12:23:16.570,0.6976,0.69785,6.40,1.00
2010.06.14 12:23:16.911,0.69765,0.69785,2.40,1.00
2010.06.14 12:23:17.310,0.6978,0.69785,2.40,1.00
2010.06.14 12:23:17.666,0.69785,0.69795,2.40,1.60
2010.06.14 12:23:19.178,0.69785,0.69795,2.40,2.40
2010.06.14 12:23:19.597,0.6978,0.69795,2.40,2.40
2010.06.14 12:23:20.201,0.6978,0.69785,8.00,1.00
2010.06.14 12:23:20.543,0.6978,0.69795,2.40,2.40
2010.06.14 12:23:21.743,0.69785,0.69795,2.40,2.40
2010.06.14 12:23:23.031,0.69775,0.69795,2.40,1.00
2010.06.14 12:23:23.318,0.69775,0.69795,4.80,1.00
2010.06.14 12:23:25.439,0.6977,0.69795,4.80,1.60
2010.06.14 12:23:27.378,0.6977,0.69795,4.80,1.80
2010.06.14 12:23:33.589,0.6976,0.69785,1.00,3.20
2010.06.14 12:23:33.926,0.69755,0.69785,6.40,3.90
2010.06.14 12:23:34.226,0.69755,0.69775,6.40,1.00
2010.06.14 12:23:34.527,0.69755,0.69775,6.50,1.00
2010.06.14 12:23:34.827,0.6976,0.69775,1.00,1.00
2010.06.14 12:23:38.968,0.69755,0.69775,3.20,1.00
2010.06.14 12:23:39.308,0.69755,0.69775,1.00,1.00
2010.06.14 12:23:39.986,0.69755,0.69775,1.00,1.00
2010.06.14 12:23:40.658,0.69755,0.69775,1.00,1.00
2010.06.14 12:23:44.088,0.69755,0.6978,1.00,2.40
2010.06.14 12:23:46.726,0.69755,0.6978,1.00,2.40
2010.06.14 12:23:46.956,0.69755,0.6978,1.00,2.40
2010.06.14 12:23:51.836,0.69755,0.69775,1.00,1.00
2010.06.14 12:23:52.965,0.69755,0.69775,1.00,1.00
2010.06.14 12:23:53.237,0.69755,0.69775,1.00,1.00
2010.06.14 12:23:57.676,0.69755,0.69775,1.00,1.00
2010.06.14 12:24:00.410,0.6976,0.69775,2.40,1.00
2010.06.14 12:24:00.649,0.69755,0.69775,5.60,1.00
2010.06.14 12:24:04.577,0.69755,0.69775,5.70,1.00
2010.06.14 12:24:04.830,0.69755,0.69775,5.60,1.00
2010.06.14 12:24:06.947,0.69755,0.69775,5.70,1.00
2010.06.14 12:24:09.539,0.69755,0.69775,5.60,1.00
2010.06.14 12:24:09.879,0.6976,0.69775,5.60,1.00
2010.06.14 12:24:14.148,0.6976,0.69775,5.60,1.00
2010.06.14 12:24:15.237,0.6976,0.69785,5.60,1.00
2010.06.14 12:24:15.841,0.69765,0.69785,2.40,1.00
2010.06.14 12:24:19.594,0.6977,0.69785,4.80,1.00
2010.06.14 12:24:19.940,0.69775,0.69785,4.80,1.00
2010.06.14 12:24:23.805,0.69775,0.69785,5.60,1.00
2010.06.14 12:24:24.146,0.69775,0.69785,5.70,1.00
2010.06.14 12:24:25.469,0.69775,0.69785,2.40,1.00
2010.06.14 12:24:25.797,0.69775,0.69785,5.60,1.00
2010.06.14 12:24:26.127,0.69775,0.69785,5.60,1.00
2010.06.14 12:24:26.709,0.6978,0.69795,5.60,1.00
2010.06.14 12:24:32.582,0.69775,0.69795,5.60,1.00
2010.06.14 12:24:32.934,0.69795,0.69805,1.00,1.10
2010.06.14 12:24:33.285,0.69795,0.6982,6.40,1.00
2010.06.14 12:24:33.631,0.698,0.69825,3.20,10.30
2010.06.14 12:24:36.405,0.69795,0.69825,6.40,10.30
2010.06.14 12:24:36.747,0.69795,0.69815,6.40,1.00
2010.06.14 12:24:37.617,0.69795,0.69815,6.50,1.00
2010.06.14 12:24:39.317,0.69795,0.69815,6.50,1.00
2010.06.14 12:24:39.656,0.69795,0.69815,6.40,1.00
2010.06.14 12:24:40.001,0.698,0.69815,8.00,1.00
2010.06.14 12:24:40.484,0.698,0.69825,1.00,8.00
2010.06.14 12:24:40.751,0.69795,0.69815,6.40,1.00
2010.06.14 12:24:41.559,0.69795,0.69815,6.50,1.00
2010.06.14 12:24:42.180,0.69795,0.69815,6.40,1.00
2010.06.14 12:24:50.271,0.69795,0.69825,6.40,8.10
2010.06.14 12:24:50.997,0.69795,0.69825,5.60,8.10
2010.06.14 12:24:51.327,0.69795,0.69825,3.20,8.90
2010.06.14 12:24:53.378,0.69795,0.69825,3.20,9.90
2010.06.14 12:24:53.719,0.69795,0.69815,2.40,1.00
2010.06.14 12:24:54.399,0.6979,0.69815,4.80,2.00
2010.06.14 12:24:54.894,0.6978,0.6981,2.90,4.00
2010.06.14 12:24:55.246,0.69775,0.69795,3.20,1.00
2010.06.14 12:24:55.551,0.69775,0.69795,3.30,1.00
2010.06.14 12:24:56.162,0.69775,0.69795,3.20,1.00
2010.06.14 12:24:57.648,0.6978,0.69795,2.40,1.00
2010.06.14 12:24:57.991,0.69775,0.69795,3.20,1.00
2010.06.14 12:25:00.078,0.69775,0.69805,3.20,3.60
2010.06.14 12:25:00.932,0.69775,0.69805,3.20,3.80
2010.06.14 12:25:02.271,0.69775,0.69805,3.20,3.60
2010.06.14 12:25:04.110,0.69775,0.69805,5.60,3.60
2010.06.14 12:25:04.391,0.6978,0.69805,2.40,1.00
2010.06.14 12:25:04.940,0.69785,0.6981,2.40,1.60
2010.06.14 12:25:05.121,0.69785,0.69805,5.60,1.00
2010.06.14 12:25:05.497,0.6979,0.69805,2.40,1.00
2010.06.14 12:25:06.707,0.6979,0.69815,2.40,2.40
2010.06.14 12:25:13.506,0.6979,0.69815,2.40,1.60
2010.06.14 12:25:15.724,0.698,0.69825,5.60,5.60
2010.06.14 12:25:21.358,0.698,0.6982,3.20,4.00
2010.06.14 12:25:21.688,0.6979,0.69815,2.40,1.00
2010.06.14 12:25:22.358,0.6979,0.69815,2.50,1.00
2010.06.14 12:25:22.702,0.69795,0.69815,2.40,1.00
2010.06.14 12:25:23.049,0.6979,0.69815,5.70,1.00
2010.06.14 12:25:23.558,0.6979,0.69815,3.30,1.00
2010.06.14 12:25:23.900,0.6979,0.69815,6.50,1.00
2010.06.14 12:25:25.061,0.69795,0.69815,5.60,1.00
2010.06.14 12:25:27.624,0.6979,0.69815,5.60,1.00
2010.06.14 12:25:30.179,0.6979,0.69815,5.60,1.00
2010.06.14 12:25:39.835,0.6979,0.6982,5.60,4.00
2010.06.14 12:25:40.289,0.6979,0.6981,3.20,1.60
2010.06.14 12:25:40.479,0.69795,0.69805,3.20,1.00
2010.06.14 12:25:40.668,0.69795,0.69815,5.60,1.20
2010.06.14 12:25:41.029,0.69795,0.6982,5.60,1.00
2010.06.14 12:25:41.375,0.6979,0.6982,5.60,4.00
2010.06.14 12:25:49.502,0.6979,0.69815,5.60,1.00
2010.06.14 12:25:49.789,0.69785,0.69815,5.60,3.20
2010.06.14 12:25:52.271,0.69785,0.69815,5.70,3.20
2010.06.14 12:25:52.486,0.69785,0.69815,5.70,2.80
2010.06.14 12:25:52.693,0.69785,0.69815,5.70,2.40
2010.06.14 12:25:53.439,0.69785,0.69815,5.60,2.40
2010.06.14 12:25:53.778,0.69785,0.69815,5.70,3.20
2010.06.14 12:25:54.458,0.69785,0.69815,5.60,2.40
2010.06.14 12:25:54.801,0.6979,0.6982,5.60,4.00
2010.06.14 12:25:55.673,0.6979,0.6982,5.70,4.00
2010.06.14 12:25:57.388,0.6979,0.6982,5.60,4.00
2010.06.14 12:25:57.673,0.6979,0.6982,5.70,4.00
2010.06.14 12:25:58.216,0.6979,0.6982,6.50,4.00
2010.06.14 12:25:58.497,0.6979,0.69815,6.50,1.00
2010.06.14 12:25:58.836,0.69795,0.69815,1.00,1.00
2010.06.14 12:25:59.176,0.6979,0.69815,6.50,1.00
2010.06.14 12:26:02.298,0.6979,0.69815,6.50,1.00
2010.06.14 12:26:04.700,0.6979,0.69815,6.50,1.00
2010.06.14 12:26:05.211,0.6979,0.69815,6.50,1.00
2010.06.14 12:26:06.410,0.6979,0.69815,6.50,1.00
2010.06.14 12:26:07.087,0.6979,0.69815,6.50,1.20
2010.06.14 12:26:08.108,0.6979,0.69815,6.50,1.00
2010.06.14 12:26:08.636,0.6979,0.69815,6.50,1.00
2010.06.14 12:26:13.179,0.6979,0.69815,6.50,1.00
2010.06.14 12:26:15.318,0.69795,0.69815,1.00,1.00
2010.06.14 12:26:15.663,0.69795,0.6982,1.00,2.40
2010.06.14 12:26:15.933,0.69795,0.6982,3.20,2.40
2010.06.14 12:26:19.098,0.69795,0.69815,3.30,1.00
2010.06.14 12:26:22.048,0.69795,0.6982,3.30,2.40
2010.06.14 12:26:26.254,0.698,0.69825,3.20,6.70
2010.06.14 12:26:26.791,0.698,0.69825,3.20,7.40
2010.06.14 12:26:26.976,0.698,0.69825,3.30,8.20
2010.06.14 12:26:28.977,0.698,0.69825,3.30,8.40
2010.06.14 12:26:29.281,0.698,0.6982,2.40,2.40
2010.06.14 12:26:29.628,0.69795,0.6982,3.30,2.40
2010.06.14 12:26:33.044,0.698,0.6982,1.00,2.40
2010.06.14 12:26:33.199,0.698,0.69825,3.20,9.20
2010.06.14 12:26:33.688,0.698,0.69825,3.20,6.70
2010.06.14 12:26:34.028,0.69805,0.69825,3.20,4.30
2010.06.14 12:26:34.899,0.69805,0.69825,2.40,5.10
2010.06.14 12:26:35.239,0.698,0.69825,3.20,9.10
2010.06.14 12:26:36.657,0.698,0.69825,3.20,8.70
2010.06.14 12:26:36.997,0.698,0.69825,3.30,8.30
2010.06.14 12:26:37.337,0.698,0.69825,3.30,7.50
2010.06.14 12:26:39.037,0.698,0.69825,3.30,7.40
2010.06.14 12:26:39.716,0.698,0.69825,3.30,6.60
2010.06.14 12:26:40.036,0.698,0.69825,3.30,6.80
2010.06.14 12:26:40.356,0.698,0.69825,3.30,8.40
2010.06.14 12:26:42.366,0.698,0.69825,3.30,8.40
2010.06.14 12:26:42.876,0.698,0.69815,3.30,1.00
2010.06.14 12:26:43.147,0.698,0.69815,3.20,1.00
2010.06.14 12:26:43.465,0.698,0.6981,1.00,2.40
2010.06.14 12:26:43.744,0.69795,0.69805,2.40,1.00
2010.06.14 12:26:44.089,0.69795,0.69815,2.40,1.00
2010.06.14 12:26:46.669,0.69795,0.69815,2.40,1.00
2010.06.14 12:26:46.889,0.69795,0.69815,2.50,1.00
2010.06.14 12:26:56.716,0.69795,0.6982,2.50,2.40
2010.06.14 12:27:02.757,0.6979,0.6982,6.50,4.00
2010.06.14 12:27:03.509,0.69795,0.6982,1.00,4.00
2010.06.14 12:27:03.839,0.6979,0.6982,6.50,4.00
2010.06.14 12:27:04.177,0.6979,0.69805,6.50,1.00
2010.06.14 12:27:05.888,0.6979,0.69805,6.90,1.00
2010.06.14 12:27:06.015,0.6979,0.69805,6.50,1.00
2010.06.14 12:27:06.487,0.6979,0.69805,4.00,1.00
2010.06.14 12:27:06.618,0.6979,0.69805,1.00,1.00
2010.06.14 12:27:06.747,0.69785,0.69805,4.90,1.00
2010.06.14 12:27:10.287,0.69785,0.69805,5.70,1.00
2010.06.14 12:27:10.526,0.69785,0.69805,4.90,1.00
2010.06.14 12:27:10.944,0.69785,0.69805,4.90,1.00
2010.06.14 12:27:11.187,0.69785,0.69805,5.70,1.00
2010.06.14 12:27:11.608,0.69785,0.69805,4.90,1.00
2010.06.14 12:27:11.803,0.69785,0.69805,2.40,3.30
2010.06.14 12:27:11.993,0.69775,0.698,5.70,1.60
2010.06.14 12:27:13.758,0.69775,0.698,5.70,1.00
2010.06.14 12:27:16.115,0.69775,0.698,5.70,1.60
2010.06.14 12:27:17.136,0.69775,0.69795,5.70,1.00
2010.06.14 12:27:21.355,0.69775,0.69795,4.90,1.00
2010.06.14 12:27:21.526,0.69775,0.69795,2.50,1.00
2010.06.14 12:27:23.007,0.69775,0.698,2.50,1.60
2010.06.14 12:27:24.236,0.69775,0.69805,3.30,5.60
2010.06.14 12:27:30.268,0.69775,0.69805,3.30,4.00
2010.06.14 12:27:34.657,0.69775,0.69795,3.30,1.00
2010.06.14 12:27:37.742,0.69785,0.69805,2.40,1.90
2010.06.14 12:27:40.617,0.69785,0.69805,2.40,1.00
2010.06.14 12:27:40.917,0.69785,0.69805,2.50,1.00
2010.06.14 12:27:42.816,0.69785,0.69805,3.30,1.00
2010.06.14 12:27:44.198,0.69785,0.69805,3.30,1.00
2010.06.14 12:27:44.613,0.6979,0.69805,2.40,1.00
2010.06.14 12:27:44.960,0.6979,0.69805,2.40,1.00
2010.06.14 12:27:45.977,0.6979,0.69805,2.50,1.00
2010.06.14 12:27:47.967,0.6979,0.69805,2.40,1.00
2010.06.14 12:27:48.111,0.6978,0.69805,1.00,3.60
2010.06.14 12:27:48.250,0.69775,0.69805,3.30,3.60
2010.06.14 12:27:51.472,0.69785,0.69805,4.00,1.10
2010.06.14 12:27:51.799,0.6979,0.69805,2.40,1.10
2010.06.14 12:27:54.126,0.6979,0.69805,2.50,1.10
2010.06.14 12:27:54.812,0.69785,0.69805,5.70,1.50
2010.06.14 12:27:55.206,0.69785,0.69805,3.30,1.90
2010.06.14 12:27:55.466,0.69785,0.69805,3.30,1.10
2010.06.14 12:27:55.723,0.69785,0.69805,2.50,1.10
2010.06.14 12:27:56.072,0.69785,0.69805,2.50,1.00
2010.06.14 12:27:56.421,0.6978,0.69805,3.30,1.00
2010.06.14 12:28:01.418,0.6978,0.6981,3.30,4.00
2010.06.14 12:28:12.477,0.6978,0.69805,3.30,1.60
2010.06.14 12:28:14.633,0.69775,0.69805,3.30,4.00
2010.06.14 12:28:21.120,0.69775,0.69805,3.30,4.40
2010.06.14 12:28:21.407,0.69775,0.69805,3.30,4.00
2010.06.14 12:28:22.687,0.69775,0.698,3.30,1.60
2010.06.14 12:28:23.218,0.69775,0.698,3.20,1.60
2010.06.14 12:28:23.490,0.69775,0.69795,1.00,1.00
2010.06.14 12:28:23.757,0.6977,0.69795,3.30,1.00
2010.06.14 12:28:24.347,0.6977,0.69795,3.30,1.00
2010.06.14 12:28:28.515,0.6977,0.69795,3.30,1.20
2010.06.14 12:28:29.194,0.6977,0.6979,1.00,3.20
2010.06.14 12:28:29.687,0.69765,0.69785,1.00,1.00
2010.06.14 12:28:30.867,0.6976,0.69785,4.80,1.00
2010.06.14 12:28:31.149,0.6976,0.69785,1.00,3.60
2010.06.14 12:28:34.997,0.69755,0.69785,4.10,4.40
2010.06.14 12:28:35.868,0.69755,0.6978,1.60,3.20
2010.06.14 12:28:35.947,0.69755,0.6978,1.60,4.00
2010.06.14 12:28:36.025,0.69755,0.6978,1.60,5.60
2010.06.14 12:28:36.336,0.69755,0.6978,1.00,5.60
2010.06.14 12:28:37.190,0.6975,0.69775,1.60,3.20
2010.06.14 12:28:37.528,0.6975,0.69775,1.00,3.30
2010.06.14 12:28:39.296,0.6975,0.69775,1.00,4.10
2010.06.14 12:28:39.959,0.6975,0.69775,3.20,1.00
2010.06.14 12:28:40.639,0.69745,0.69775,4.90,4.40
2010.06.14 12:28:45.325,0.69745,0.6977,4.90,1.60
2010.06.14 12:28:56.007,0.69745,0.6977,4.80,1.60
2010.06.14 12:28:56.229,0.69745,0.69765,1.60,1.60
2010.06.14 12:28:56.660,0.69745,0.69765,1.60,4.00
2010.06.14 12:28:57.530,0.69745,0.69765,1.60,1.60
2010.06.14 12:28:59.569,0.69745,0.69765,1.00,1.60
2010.06.14 12:29:01.838,0.69745,0.69765,1.00,5.60
2010.06.14 12:29:02.157,0.69745,0.69765,1.00,4.00
2010.06.14 12:29:03.941,0.6974,0.6976,1.00,7.20
2010.06.14 12:29:04.290,0.6974,0.69765,3.20,1.60
2010.06.14 12:29:04.899,0.6974,0.69765,3.30,1.60
2010.06.14 12:29:06.918,0.69745,0.69765,1.00,1.60
2010.06.14 12:29:08.469,0.69745,0.69765,1.00,1.00
2010.06.14 12:29:08.675,0.69745,0.6977,1.60,7.20
2010.06.14 12:29:08.886,0.69745,0.6977,1.60,4.00
2010.06.14 12:29:10.859,0.69745,0.69765,1.00,4.00
2010.06.14 12:29:14.361,0.6974,0.69765,3.20,1.00
2010.06.14 12:29:15.996,0.6974,0.69765,3.30,1.00
2010.06.14 12:29:18.858,0.6974,0.69765,3.30,1.00
2010.06.14 12:29:19.486,0.6974,0.69765,3.30,1.00
2010.06.14 12:29:20.977,0.6974,0.69765,3.30,1.00
2010.06.14 12:29:21.421,0.69745,0.69765,2.40,1.00
2010.06.14 12:29:22.188,0.6974,0.69765,3.30,1.60
2010.06.14 12:29:30.279,0.6974,0.69765,3.20,1.60
2010.06.14 12:29:30.620,0.69735,0.69755,1.60,1.60
2010.06.14 12:29:32.128,0.69735,0.69755,1.60,4.00
2010.06.14 12:29:32.309,0.69735,0.6975,1.60,1.00
2010.06.14 12:29:34.752,0.69735,0.6975,1.60,1.60
2010.06.14 12:29:38.868,0.6974,0.6975,1.00,1.60
2010.06.14 12:29:39.049,0.6974,0.6976,3.20,4.00
2010.06.14 12:29:39.228,0.69735,0.69755,2.40,1.60
2010.06.14 12:29:39.407,0.69735,0.69755,1.60,1.60
2010.06.14 12:29:39.979,0.6974,0.6976,4.00,1.00
2010.06.14 12:29:40.318,0.6974,0.6976,5.60,1.00
2010.06.14 12:29:41.105,0.6974,0.6976,5.70,1.00
2010.06.14 12:29:42.818,0.6974,0.6976,5.60,3.20
2010.06.14 12:29:43.030,0.69735,0.69755,2.40,4.00
2010.06.14 12:29:43.239,0.69735,0.69755,1.60,1.60
2010.06.14 12:29:51.569,0.69735,0.6975,1.60,1.60
2010.06.14 12:29:51.769,0.69735,0.69755,1.60,1.60
2010.06.14 12:29:52.167,0.69735,0.69755,1.70,1.60
2010.06.14 12:29:54.768,0.69735,0.69755,1.70,4.00
2010.06.14 12:29:56.497,0.69735,0.69755,1.60,4.00
2010.06.14 12:29:57.009,0.69735,0.69755,1.60,1.60
2010.06.14 12:30:00.820,0.69735,0.6975,1.60,1.60
2010.06.14 12:30:01.161,0.69735,0.69755,1.60,1.60
2010.06.14 12:30:05.282,0.69735,0.69755,1.60,4.80
2010.06.14 12:30:05.630,0.69735,0.6975,1.60,4.00
2010.06.14 12:30:06.620,0.6973,0.6975,3.20,1.00
2010.06.14 12:30:06.947,0.6973,0.69755,3.20,1.60
2010.06.14 12:30:07.627,0.69735,0.69755,1.00,1.60
2010.06.14 12:30:08.647,0.69735,0.69755,1.00,1.60
2010.06.14 12:30:09.104,0.69735,0.69755,1.20,1.60
2010.06.14 12:30:09.453,0.69745,0.69765,1.00,2.00
2010.06.14 12:30:09.800,0.69745,0.69765,1.00,2.10
2010.06.14 12:30:10.139,0.69745,0.69765,1.00,4.00
2010.06.14 12:30:11.309,0.6974,0.6976,1.00,4.00
2010.06.14 12:30:11.710,0.69735,0.69755,1.00,3.20
2010.06.14 12:30:11.962,0.69735,0.69755,1.00,4.00
2010.06.14 12:30:12.817,0.69735,0.69755,1.00,1.00
2010.06.14 12:30:13.240,0.69745,0.6976,1.00,2.40
2010.06.14 12:30:13.578,0.69745,0.69765,1.00,1.00
2010.06.14 12:30:14.408,0.69745,0.69765,1.00,2.50
2010.06.14 12:30:14.704,0.69735,0.6976,4.50,1.00
2010.06.14 12:30:15.002,0.69735,0.6976,4.40,1.60
2010.06.14 12:30:15.300,0.69735,0.6976,2.00,4.00
2010.06.14 12:30:20.106,0.69735,0.6976,4.40,1.60
2010.06.14 12:30:20.478,0.6974,0.6976,1.00,1.00
2010.06.14 12:30:20.587,0.6974,0.69765,1.00,4.90
2010.06.14 12:30:20.997,0.69745,0.69765,2.40,4.90
2010.06.14 12:30:21.280,0.69755,0.69765,1.00,1.00
2010.06.14 12:30:21.560,0.69755,0.69765,1.00,1.00
2010.06.14 12:30:21.838,0.69755,0.6978,3.20,1.60
2010.06.14 12:30:23.780,0.69755,0.6978,3.30,1.60
2010.06.14 12:30:31.961,0.69755,0.6978,3.90,1.60
2010.06.14 12:30:32.214,0.69755,0.6978,4.30,1.60
2010.06.14 12:30:32.625,0.69755,0.6978,3.90,1.60
2010.06.14 12:30:32.828,0.69755,0.6978,3.30,1.60
2010.06.14 12:30:33.106,0.69755,0.69775,2.50,1.60
2010.06.14 12:30:33.983,0.6975,0.6976,2.40,2.40
2010.06.14 12:30:34.672,0.69745,0.69765,1.00,4.00
2010.06.14 12:30:35.024,0.69745,0.69765,1.00,1.60
2010.06.14 12:30:47.561,0.69745,0.69765,1.00,4.00
2010.06.14 12:30:51.303,0.69745,0.69765,1.20,4.00
2010.06.14 12:30:51.595,0.69745,0.69765,1.20,1.60
2010.06.14 12:30:51.884,0.69745,0.6977,4.40,1.60
2010.06.14 12:30:53.056,0.69745,0.6977,4.50,1.60
2010.06.14 12:31:11.508,0.6975,0.69775,4.00,1.60
2010.06.14 12:31:11.727,0.6975,0.69775,4.80,1.00
2010.06.14 12:31:11.947,0.69755,0.6978,1.00,4.00
2010.06.14 12:31:13.813,0.69755,0.6978,3.30,1.60
2010.06.14 12:31:14.128,0.69755,0.6978,4.10,1.60
2010.06.14 12:31:14.448,0.69755,0.6978,3.20,1.60
2010.06.14 12:31:15.090,0.69755,0.6978,3.30,1.60
2010.06.14 12:31:15.868,0.69755,0.6978,4.30,1.60
2010.06.14 12:31:19.489,0.69755,0.6977,1.70,2.40
2010.06.14 12:31:19.780,0.69745,0.69765,1.20,4.00
2010.06.14 12:31:20.005,0.69745,0.6976,1.20,2.40
2010.06.14 12:31:20.210,0.69745,0.69765,1.00,1.60
2010.06.14 12:31:20.401,0.69745,0.6977,1.70,4.00
2010.06.14 12:31:20.789,0.69745,0.6977,6.50,1.60
2010.06.14 12:31:36.707,0.69745,0.69765,1.70,2.40
2010.06.14 12:31:36.858,0.69745,0.69765,1.70,5.60
2010.06.14 12:31:37.138,0.69735,0.69765,5.20,9.20
2010.06.14 12:31:37.216,0.69735,0.69765,4.40,9.20
2010.06.14 12:31:47.377,0.69735,0.69765,4.40,9.60
2010.06.14 12:31:47.717,0.69735,0.6976,4.40,1.00
2010.06.14 12:31:48.059,0.69735,0.6976,2.00,4.00
2010.06.14 12:31:52.910,0.6974,0.69765,3.20,3.20
2010.06.14 12:31:53.230,0.6974,0.69765,1.00,3.20
2010.06.14 12:31:56.036,0.6974,0.69765,1.00,4.00
2010.06.14 12:31:58.131,0.69735,0.6976,2.00,2.40
2010.06.14 12:31:58.817,0.69735,0.6976,2.00,4.00
2010.06.14 12:32:00.107,0.69735,0.6976,2.00,3.20
2010.06.14 12:32:09.132,0.69735,0.6976,2.00,4.00
2010.06.14 12:32:10.996,0.69735,0.6976,1.70,4.00
2010.06.14 12:32:11.383,0.69735,0.6976,1.60,4.00
2010.06.14 12:32:22.623,0.69735,0.69755,1.60,2.40
2010.06.14 12:32:22.975,0.69735,0.6976,1.60,6.40
2010.06.14 12:32:23.458,0.69735,0.6976,1.60,4.00
2010.06.14 12:32:33.397,0.69735,0.6976,1.20,4.00
2010.06.14 12:32:33.727,0.69735,0.6976,1.00,4.00
2010.06.14 12:32:42.494,0.6973,0.6974,2.40,1.00
2010.06.14 12:32:42.780,0.6972,0.6974,3.60,1.00
2010.06.14 12:32:43.068,0.6972,0.69745,3.20,1.60
2010.06.14 12:32:43.917,0.6972,0.69745,3.30,1.60
2010.06.14 12:32:47.779,0.6972,0.69745,6.50,1.60
2010.06.14 12:32:48.801,0.69725,0.69755,5.60,3.30
2010.06.14 12:32:49.225,0.69735,0.69755,1.00,1.00
2010.06.14 12:32:49.570,0.69735,0.69765,6.40,4.10
2010.06.14 12:32:49.909,0.69745,0.69765,1.00,1.00
2010.06.14 12:32:50.589,0.69745,0.69765,3.20,1.00
2010.06.14 12:32:50.930,0.6975,0.69765,4.80,1.00
2010.06.14 12:32:51.169,0.6975,0.69775,2.40,1.90
2010.06.14 12:32:51.408,0.69745,0.6977,1.00,3.20
2010.06.14 12:32:51.652,0.69745,0.6977,5.60,1.60
2010.06.14 12:32:51.891,0.69745,0.6977,3.20,1.60
2010.06.14 12:32:52.209,0.69745,0.6977,5.60,1.60
2010.06.14 12:32:52.371,0.69745,0.6977,3.20,1.60
2010.06.14 12:32:52.539,0.69745,0.6977,1.00,6.00
2010.06.14 12:32:52.881,0.69745,0.6976,3.20,1.60
2010.06.14 12:32:53.235,0.69745,0.6977,1.00,4.40
2010.06.14 12:32:53.579,0.69745,0.6977,5.60,1.60
2010.06.14 12:32:53.920,0.69745,0.69765,2.40,1.00
2010.06.14 12:32:54.263,0.6974,0.6976,2.40,2.00
2010.06.14 12:32:54.611,0.69735,0.69755,1.00,2.40
2010.06.14 12:32:55.026,0.6973,0.69755,1.00,3.30
2010.06.14 12:32:55.375,0.69735,0.69755,1.00,3.30
2010.06.14 12:32:56.061,0.69735,0.69755,3.20,3.30
2010.06.14 12:32:56.405,0.6974,0.69765,5.60,2.60
2010.06.14 12:32:56.754,0.6974,0.69765,5.60,1.80
2010.06.14 12:32:57.103,0.69745,0.69765,1.00,1.00
2010.06.14 12:32:57.402,0.69745,0.69765,5.60,1.00
2010.06.14 12:32:57.704,0.69745,0.69765,1.00,1.00
2010.06.14 12:32:58.007,0.6975,0.6977,5.60,1.60
2010.06.14 12:32:58.310,0.69755,0.69775,1.00,1.00
2010.06.14 12:32:58.592,0.6975,0.69775,1.00,2.70
2010.06.14 12:32:59.227,0.6975,0.69775,1.00,4.30
2010.06.14 12:32:59.571,0.69745,0.69765,1.00,2.40
2010.06.14 12:33:00.787,0.69745,0.69765,1.00,2.50
2010.06.14 12:33:04.804,0.6974,0.6976,1.00,4.00
2010.06.14 12:33:05.590,0.69745,0.6976,1.00,1.00
2010.06.14 12:33:06.932,0.69735,0.6976,6.50,2.40
2010.06.14 12:33:07.186,0.69735,0.69755,1.70,2.40
2010.06.14 12:33:07.831,0.69735,0.6976,1.70,4.80
2010.06.14 12:33:08.167,0.69735,0.69755,1.70,1.00
2010.06.14 12:33:08.508,0.69735,0.69755,1.60,1.00
2010.06.14 12:33:09.187,0.69735,0.69755,1.20,1.00
2010.06.14 12:33:09.529,0.69735,0.69755,1.00,1.00
2010.06.14 12:33:10.510,0.6973,0.69755,1.00,3.30
2010.06.14 12:33:10.828,0.6973,0.69755,1.00,4.00
2010.06.14 12:33:12.970,0.69725,0.6975,7.70,1.00
2010.06.14 12:33:13.998,0.6973,0.69755,1.00,4.00
2010.06.14 12:33:18.676,0.6973,0.69755,1.00,3.20
2010.06.14 12:33:20.841,0.6973,0.69755,1.00,3.30
2010.06.14 12:33:22.887,0.69735,0.69755,1.00,2.50
2010.06.14 12:33:24.006,0.6973,0.69755,1.00,3.30
2010.06.14 12:33:27.016,0.6973,0.69755,1.00,4.10
2010.06.14 12:33:31.176,0.6973,0.69755,1.00,4.00
2010.06.14 12:33:32.842,0.69725,0.6975,7.50,1.60
2010.06.14 12:33:35.187,0.69725,0.6975,7.70,1.60
2010.06.14 12:33:38.007,0.69725,0.6975,6.70,2.40
2010.06.14 12:33:38.349,0.6971,0.69735,9.70,1.00
2010.06.14 12:33:39.287,0.6971,0.69735,9.70,1.00
2010.06.14 12:33:39.722,0.6971,0.69725,9.60,1.00
2010.06.14 12:33:39.974,0.69705,0.69725,1.60,2.40
2010.06.14 12:33:40.222,0.69705,0.6973,1.00,4.00
2010.06.14 12:33:41.303,0.69715,0.69735,1.00,1.00
2010.06.14 12:33:41.650,0.69715,0.69735,5.60,1.00
2010.06.14 12:33:43.757,0.6972,0.69735,5.60,1.00
2010.06.14 12:33:44.384,0.69715,0.69735,6.70,1.00
2010.06.14 12:33:49.450,0.69705,0.6973,4.00,1.60
2010.06.14 12:33:49.857,0.69705,0.6973,1.00,4.00
2010.06.14 12:33:51.808,0.697,0.69725,6.50,1.60
2010.06.14 12:33:54.287,0.697,0.69725,6.50,2.50
2010.06.14 12:33:58.255,0.69695,0.6972,8.90,1.00
2010.06.14 12:33:58.603,0.697,0.6972,4.00,1.00
2010.06.14 12:33:58.950,0.697,0.69725,6.40,2.50
2010.06.14 12:34:00.828,0.697,0.69725,6.50,2.50
2010.06.14 12:34:01.476,0.69705,0.69725,1.00,2.50
2010.06.14 12:34:01.681,0.69705,0.69725,6.40,1.70
2010.06.14 12:34:02.059,0.69705,0.69725,6.50,1.70
2010.06.14 12:34:02.390,0.69715,0.69735,4.80,1.00
2010.06.14 12:34:02.717,0.69715,0.69735,4.80,1.10
2010.06.14 12:34:04.398,0.69705,0.69735,8.20,5.10
2010.06.14 12:34:04.639,0.69705,0.69735,6.70,5.30
2010.06.14 12:34:05.148,0.69705,0.6973,6.70,1.60
2010.06.14 12:34:06.297,0.69705,0.69735,6.70,5.30
2010.06.14 12:34:06.838,0.69715,0.69735,4.80,2.80
2010.06.14 12:34:07.770,0.69715,0.69735,2.40,2.80
2010.06.14 12:34:08.108,0.6971,0.69735,6.50,3.00
2010.06.14 12:34:08.448,0.6971,0.69725,6.50,1.00
2010.06.14 12:34:11.417,0.6971,0.69725,4.00,1.00
2010.06.14 12:34:11.618,0.69705,0.69725,6.70,1.00
2010.06.14 12:34:14.488,0.69705,0.69725,6.70,1.00
2010.06.14 12:34:24.331,0.69705,0.6973,6.70,1.60
2010.06.14 12:34:34.038,0.69705,0.69735,6.70,5.20
2010.06.14 12:34:34.377,0.69705,0.69725,6.50,1.00
2010.06.14 12:34:43.957,0.69705,0.69735,6.50,5.20
2010.06.14 12:34:45.958,0.69705,0.69735,6.50,5.60
2010.06.14 12:34:46.146,0.69705,0.69735,6.50,7.20
2010.06.14 12:34:50.297,0.6971,0.69735,5.60,2.80
2010.06.14 12:34:52.866,0.6971,0.69735,5.70,2.80
2010.06.14 12:35:01.810,0.6971,0.69725,5.70,1.00
2010.06.14 12:35:02.117,0.6971,0.69725,5.70,1.00
2010.06.14 12:35:11.568,0.6971,0.6973,5.70,1.60
2010.06.14 12:35:19.708,0.6971,0.69735,5.70,3.20
2010.06.14 12:35:39.022,0.69715,0.69735,6.40,1.60
2010.06.14 12:35:39.485,0.69715,0.69735,5.60,1.60
2010.06.14 12:35:39.835,0.6971,0.69715,6.50,1.00
2010.06.14 12:35:40.178,0.6971,0.69715,4.10,1.00
2010.06.14 12:35:40.706,0.6971,0.69715,4.10,1.00
2010.06.14 12:35:41.392,0.69715,0.69725,4.00,1.00
2010.06.14 12:35:41.730,0.69715,0.69735,4.00,1.00
2010.06.14 12:35:43.070,0.69715,0.69725,3.20,1.00
2010.06.14 12:35:43.537,0.6971,0.69725,6.50,1.00
2010.06.14 12:35:45.620,0.69715,0.69725,1.00,1.00
2010.06.14 12:35:45.881,0.69715,0.69725,5.60,1.00
2010.06.14 12:35:46.951,0.6973,0.69735,1.00,2.30
2010.06.14 12:35:47.211,0.6973,0.69735,19.20,1.00
2010.06.14 12:35:47.600,0.69735,0.69745,3.20,1.00
2010.06.14 12:35:47.871,0.69735,0.69745,5.60,1.00
2010.06.14 12:35:57.307,0.69735,0.69755,5.60,1.70
2010.06.14 12:36:00.314,0.69735,0.69755,5.60,1.60
2010.06.14 12:36:01.569,0.69735,0.69755,3.20,1.60
2010.06.14 12:36:01.701,0.69735,0.69755,1.00,1.60
2010.06.14 12:36:04.888,0.69735,0.69755,1.00,2.00
2010.06.14 12:36:09.832,0.69725,0.69745,1.00,1.00
2010.06.14 12:36:10.502,0.6972,0.69745,1.00,3.60
2010.06.14 12:36:10.771,0.6972,0.69745,5.60,1.00
2010.06.14 12:36:11.030,0.6972,0.69745,1.00,5.20
2010.06.14 12:36:12.898,0.6972,0.69735,1.00,1.00
2010.06.14 12:36:15.629,0.69715,0.69735,5.60,1.00
2010.06.14 12:36:23.047,0.69715,0.69735,5.60,1.00
2010.06.14 12:36:24.648,0.6972,0.69735,1.00,1.00
2010.06.14 12:36:32.667,0.6972,0.69745,1.00,5.20
2010.06.14 12:36:33.156,0.69715,0.6974,5.60,1.60
2010.06.14 12:36:35.036,0.69715,0.69735,5.60,1.00
2010.06.14 12:36:36.660,0.69715,0.69725,5.60,1.00
2010.06.14 12:36:41.278,0.69725,0.69735,5.60,1.00
2010.06.14 12:36:41.428,0.69725,0.69735,5.60,1.00
2010.06.14 12:36:41.576,0.69725,0.69745,5.60,1.60
2010.06.14 12:36:42.097,0.69725,0.6975,6.40,1.60
2010.06.14 12:36:45.018,0.69725,0.6975,6.50,1.60
2010.06.14 12:36:57.396,0.69725,0.6975,5.70,1.60
2010.06.14 12:36:57.736,0.69725,0.6975,3.30,1.60
2010.06.14 12:37:01.631,0.69725,0.69745,3.30,1.00
2010.06.14 12:37:02.354,0.69725,0.69745,3.30,1.00
2010.06.14 12:37:02.702,0.69725,0.69735,3.30,1.00
2010.06.14 12:37:03.041,0.69725,0.69745,3.30,1.20
2010.06.14 12:37:08.858,0.69725,0.69745,3.30,1.00
2010.06.14 12:37:09.068,0.69735,0.69745,1.00,1.00
2010.06.14 12:37:11.696,0.69735,0.69755,1.00,1.60
2010.06.14 12:37:11.847,0.6973,0.6975,5.60,1.00
2010.06.14 12:37:11.994,0.6973,0.69745,1.60,1.00
2010.06.14 12:37:12.205,0.6972,0.69735,1.00,1.00
2010.06.14 12:37:13.549,0.69715,0.69735,3.20,1.00
2010.06.14 12:37:14.024,0.69715,0.69735,2.40,1.00
2010.06.14 12:37:14.380,0.69715,0.69735,3.20,1.00
2010.06.14 12:37:16.985,0.69715,0.69725,3.20,1.00
2010.06.14 12:37:17.282,0.69715,0.69725,1.00,1.00
2010.06.14 12:37:17.423,0.6971,0.69725,2.40,1.00
2010.06.14 12:37:17.759,0.69705,0.69725,3.20,1.00
2010.06.14 12:37:19.638,0.6971,0.69725,1.00,1.00
2010.06.14 12:37:25.791,0.6971,0.69725,3.20,1.00
2010.06.14 12:37:26.947,0.6971,0.69735,3.20,1.70
2010.06.14 12:37:28.800,0.6971,0.69735,2.40,2.50
2010.06.14 12:37:29.099,0.69705,0.69735,4.00,4.90
2010.06.14 12:37:29.249,0.69705,0.69735,3.20,4.90
2010.06.14 12:37:29.721,0.69705,0.69725,3.20,1.00
2010.06.14 12:37:32.466,0.6971,0.69725,1.00,1.00
2010.06.14 12:37:32.678,0.69705,0.69725,3.20,1.00
2010.06.14 12:37:33.280,0.6971,0.69725,1.00,1.00
2010.06.14 12:37:35.289,0.69705,0.69725,1.00,1.00
2010.06.14 12:37:39.908,0.69705,0.6973,1.00,4.00
2010.06.14 12:37:52.987,0.69705,0.69725,1.00,1.00
2010.06.14 12:37:53.331,0.69705,0.69725,5.60,1.00
2010.06.14 12:37:55.246,0.69705,0.69725,6.40,1.00
2010.06.14 12:37:55.830,0.69705,0.69725,5.70,1.00
2010.06.14 12:38:02.957,0.69705,0.69735,5.70,2.80
2010.06.14 12:38:04.014,0.69705,0.6973,5.70,1.00
2010.06.14 12:38:04.222,0.69705,0.6973,5.70,1.60
2010.06.14 12:38:32.248,0.6971,0.69735,1.00,2.40
2010.06.14 12:38:33.008,0.69705,0.69735,5.70,2.40
2010.06.14 12:38:33.347,0.69705,0.6973,5.70,1.00
2010.06.14 12:38:34.028,0.6971,0.69735,1.00,2.40
2010.06.14 12:38:41.447,0.6971,0.69735,1.00,1.60
2010.06.14 12:38:42.259,0.6971,0.69735,1.00,2.40
2010.06.14 12:38:42.691,0.6971,0.69735,3.20,2.40
2010.06.14 12:38:43.033,0.69715,0.69735,1.00,1.00
2010.06.14 12:38:43.267,0.69715,0.69725,1.00,1.00
2010.06.14 12:38:47.319,0.69715,0.69725,3.20,1.00
2010.06.14 12:38:48.879,0.69715,0.69725,1.00,1.00
2010.06.14 12:38:49.200,0.6971,0.69725,3.30,1.00
2010.06.14 12:38:50.500,0.6971,0.69725,3.20,1.00
2010.06.14 12:38:50.772,0.6971,0.69725,1.00,1.00
2010.06.14 12:38:51.075,0.6971,0.69725,3.20,1.00
2010.06.14 12:38:53.278,0.6971,0.69735,3.20,1.60
2010.06.14 12:38:53.937,0.6971,0.69735,3.30,1.60
2010.06.14 12:38:54.781,0.6971,0.69735,3.20,2.40
2010.06.14 12:38:54.942,0.6971,0.69735,1.00,4.80
2010.06.14 12:38:55.876,0.6971,0.69735,3.20,2.40
2010.06.14 12:38:56.227,0.6971,0.69735,1.00,4.80
2010.06.14 12:38:56.739,0.6971,0.69735,3.20,2.40
2010.06.14 12:38:59.808,0.6971,0.69735,3.20,1.60
2010.06.14 12:39:00.058,0.6971,0.69735,3.30,1.60
2010.06.14 12:39:04.875,0.69715,0.69735,3.20,1.00
2010.06.14 12:39:07.151,0.69715,0.69735,3.30,1.00
2010.06.14 12:39:07.365,0.69725,0.69735,1.00,1.00
2010.06.14 12:39:07.579,0.69725,0.69735,1.00,1.00
2010.06.14 12:39:17.627,0.69725,0.69745,1.00,1.20
2010.06.14 12:39:21.221,0.69725,0.69745,1.00,1.60
2010.06.14 12:39:24.137,0.69725,0.69745,1.00,1.00
2010.06.14 12:39:28.632,0.69725,0.69745,1.00,1.00
2010.06.14 12:39:28.729,0.69725,0.69745,3.20,1.00
2010.06.14 12:39:30.731,0.69725,0.69745,3.30,1.00
2010.06.14 12:39:38.567,0.69725,0.69745,3.30,1.00
2010.06.14 12:39:56.422,0.69725,0.69745,3.20,1.00
2010.06.14 12:39:56.605,0.69725,0.69745,1.00,1.00
2010.06.14 12:39:56.783,0.69725,0.69745,3.20,1.00
2010.06.14 12:39:58.948,0.69725,0.69745,3.30,1.00
2010.06.14 12:40:16.039,0.69725,0.69745,2.40,2.00
2010.06.14 12:40:16.128,0.69725,0.69735,2.40,1.00
2010.06.14 12:40:16.218,0.6972,0.69735,1.00,1.00
2010.06.14 12:40:21.547,0.6972,0.69735,1.00,1.00
2010.06.14 12:40:26.286,0.6972,0.69745,1.00,9.00
2010.06.14 12:40:29.097,0.6972,0.69735,1.00,1.00
2010.06.14 12:40:34.806,0.69715,0.69735,3.20,1.00
2010.06.14 12:40:35.826,0.69715,0.69735,3.20,1.00
2010.06.14 12:40:39.166,0.69715,0.69735,3.20,1.00
2010.06.14 12:40:50.975,0.69715,0.69735,1.00,1.00
2010.06.14 12:40:51.169,0.6971,0.69735,3.30,1.00
2010.06.14 12:40:51.368,0.6971,0.69735,3.30,2.40
2010.06.14 12:40:52.311,0.69705,0.6973,3.20,2.00
2010.06.14 12:40:52.641,0.69705,0.69725,1.00,1.00
2010.06.14 12:40:54.706,0.69705,0.69725,3.20,1.00
2010.06.14 12:40:55.518,0.69705,0.69725,3.20,1.00
2010.06.14 12:40:57.913,0.6971,0.69725,1.00,1.00
2010.06.14 12:40:58.509,0.69705,0.69725,3.20,1.00
2010.06.14 12:41:01.588,0.69705,0.69715,3.20,1.00
2010.06.14 12:41:01.852,0.69695,0.69705,5.60,1.00
2010.06.14 12:41:02.111,0.69695,0.69705,4.80,1.00
2010.06.14 12:41:02.370,0.69695,0.69715,2.40,1.00
2010.06.14 12:41:02.778,0.69695,0.69715,2.40,2.40
2010.06.14 12:41:03.075,0.69695,0.6971,2.40,2.40
2010.06.14 12:41:03.699,0.69695,0.6971,2.40,4.00
2010.06.14 12:41:04.719,0.69695,0.69705,2.40,1.00
2010.06.14 12:41:11.409,0.69695,0.69705,2.40,1.00
2010.06.14 12:41:12.738,0.697,0.6971,2.40,4.80
2010.06.14 12:41:12.929,0.697,0.6971,2.40,1.60
2010.06.14 12:41:13.314,0.69695,0.69715,4.00,1.00
2010.06.14 12:41:13.542,0.69695,0.69705,2.40,1.00
2010.06.14 12:41:15.456,0.69695,0.69705,2.40,1.40
2010.06.14 12:41:15.632,0.69695,0.69705,2.40,1.00
2010.06.14 12:41:15.983,0.69695,0.69705,2.40,2.50
2010.06.14 12:41:16.624,0.69695,0.69705,2.40,4.00
2010.06.14 12:41:23.868,0.69695,0.69705,2.40,2.80
2010.06.14 12:41:26.185,0.6968,0.69695,5.60,1.00
2010.06.14 12:41:29.619,0.6968,0.69695,5.60,1.00
2010.06.14 12:41:33.412,0.69695,0.69705,2.40,2.90
2010.06.14 12:41:35.518,0.69695,0.69705,2.40,2.70
2010.06.14 12:41:35.861,0.6968,0.69695,1.00,4.90
2010.06.14 12:41:41.140,0.6968,0.69695,1.00,5.20
2010.06.14 12:41:41.179,0.69695,0.697,2.40,11.60
2010.06.14 12:41:41.360,0.6968,0.6969,1.00,4.80
2010.06.14 12:41:41.678,0.69695,0.697,2.40,14.80
2010.06.14 12:41:41.718,0.6968,0.6969,1.00,2.40
2010.06.14 12:41:41.808,0.69675,0.6969,1.00,2.40
2010.06.14 12:41:41.890,0.69675,0.69685,1.00,1.00
2010.06.14 12:41:44.583,0.69695,0.697,2.40,26.20
2010.06.14 12:41:45.073,0.69665,0.6969,5.60,2.10
2010.06.14 12:41:51.763,0.69695,0.697,2.40,2.20
2010.06.14 12:41:54.297,0.69695,0.697,2.40,4.80
2010.06.14 12:41:54.423,0.69695,0.697,2.40,13.20
2010.06.14 12:41:54.540,0.69665,0.69675,5.70,1.00
2010.06.14 12:41:56.908,0.69665,0.69675,3.30,1.00
2010.06.14 12:41:57.507,0.69695,0.697,2.40,15.80
2010.06.14 12:41:57.789,0.69665,0.69685,5.70,1.00
2010.06.14 12:41:59.266,0.69695,0.697,2.40,14.50
2010.06.14 12:42:00.788,0.69695,0.697,2.40,12.80
2010.06.14 12:42:01.128,0.69665,0.6969,5.70,1.60
2010.06.14 12:42:05.696,0.69665,0.6969,3.30,1.60
2010.06.14 12:42:06.168,0.69695,0.697,2.40,12.50
2010.06.14 12:42:12.848,0.69695,0.697,2.40,12.50
2010.06.14 12:42:13.417,0.69665,0.6969,5.60,1.20
2010.06.14 12:42:13.600,0.69695,0.697,2.40,24.80
2010.06.14 12:42:13.719,0.6966,0.69675,5.60,1.00
2010.06.14 12:42:15.258,0.6966,0.69675,5.60,1.00
2010.06.14 12:42:15.840,0.6966,0.69675,5.60,1.00
2010.06.14 12:42:16.459,0.6966,0.69675,3.20,1.00
2010.06.14 12:42:17.438,0.69695,0.697,2.40,33.40
2010.06.14 12:42:21.179,0.69695,0.697,2.40,22.20
2010.06.14 12:42:24.281,0.69695,0.697,2.40,20.90
2010.06.14 12:42:29.477,0.69695,0.697,2.40,21.10
2010.06.14 12:42:33.748,0.69645,0.6968,3.30,1.00
2010.06.14 12:42:34.061,0.69645,0.69675,3.30,1.00
2010.06.14 12:42:34.370,0.6965,0.69675,1.00,1.00
2010.06.14 12:42:35.810,0.69695,0.697,2.40,46.40
2010.06.14 12:42:36.494,0.69695,0.697,2.40,10.80
2010.06.14 12:42:38.126,0.69695,0.697,2.40,11.30
2010.06.14 12:42:38.399,0.69695,0.697,2.40,22.30
2010.06.14 12:42:38.671,0.69665,0.69675,8.10,1.00
2010.06.14 12:42:39.960,0.6967,0.69675,7.30,1.00
2010.06.14 12:42:40.240,0.69695,0.697,2.40,4.80
2010.06.14 12:42:40.580,0.6967,0.69685,5.70,1.00
2010.06.14 12:42:41.581,0.69695,0.697,2.40,4.70
2010.06.14 12:42:47.461,0.69695,0.69705,2.40,2.80
2010.06.14 12:42:47.569,0.69695,0.69705,2.40,2.80
2010.06.14 12:42:47.677,0.69695,0.69705,2.40,2.00
2010.06.14 12:42:47.986,0.69695,0.69705,2.40,2.60
2010.06.14 12:42:48.108,0.6968,0.69685,5.60,1.00
2010.06.14 12:42:48.225,0.69695,0.69705,2.40,3.00
2010.06.14 12:42:49.535,0.6968,0.69685,12.80,1.00
2010.06.14 12:42:49.883,0.69695,0.69705,2.40,1.00
2010.06.14 12:42:50.915,0.69695,0.69705,2.40,1.60
2010.06.14 12:42:51.672,0.69695,0.69705,2.40,1.20
2010.06.14 12:42:51.969,0.69695,0.69705,7.20,1.20
2010.06.14 12:42:53.191,0.69695,0.69705,2.40,1.00
2010.06.14 12:42:53.530,0.69695,0.69705,2.40,1.00
2010.06.14 12:42:56.548,0.69695,0.69705,2.40,2.80
2010.06.14 12:42:56.649,0.69695,0.69705,2.40,3.20
2010.06.14 12:42:56.935,0.69695,0.69705,2.40,1.00
2010.06.14 12:42:57.048,0.69695,0.69705,2.40,1.00
2010.06.14 12:42:57.494,0.697,0.69705,3.20,1.00
2010.06.14 12:42:57.845,0.69695,0.6971,2.40,1.00
2010.06.14 12:42:58.381,0.69695,0.69705,2.40,4.40
2010.06.14 12:42:58.462,0.69695,0.69705,3.20,1.00
2010.06.14 12:42:58.719,0.69695,0.69705,3.20,1.00
2010.06.14 12:42:59.238,0.69695,0.69705,2.40,1.00
2010.06.14 12:43:00.063,0.69695,0.69705,2.40,1.00
2010.06.14 12:43:03.496,0.69695,0.69705,2.40,2.20
2010.06.14 12:43:03.741,0.69695,0.69705,2.40,3.20
2010.06.14 12:43:05.382,0.69685,0.69695,4.80,1.00
2010.06.14 12:43:06.558,0.6968,0.69695,2.40,1.00
2010.06.14 12:43:15.045,0.6968,0.69695,3.20,1.00
2010.06.14 12:43:15.289,0.6968,0.697,3.20,1.00
2010.06.14 12:43:17.540,0.6968,0.697,5.60,1.00
2010.06.14 12:43:17.682,0.69695,0.697,2.40,1.00
2010.06.14 12:43:17.818,0.69695,0.69705,2.40,3.40
2010.06.14 12:43:18.097,0.69685,0.69705,2.40,3.40
2010.06.14 12:43:18.381,0.69685,0.697,2.40,1.00
2010.06.14 12:43:19.359,0.69685,0.69695,2.40,1.00
2010.06.14 12:43:19.649,0.6968,0.69695,9.70,1.00
2010.06.14 12:43:20.258,0.6968,0.69695,10.10,1.00
2010.06.14 12:43:20.549,0.69685,0.69695,1.00,1.00
2010.06.14 12:43:21.139,0.69685,0.69695,3.20,1.00
2010.06.14 12:43:26.547,0.69685,0.69695,5.60,1.00
2010.06.14 12:43:29.229,0.69685,0.69705,5.60,1.80
2010.06.14 12:43:29.577,0.69695,0.69705,2.40,1.80
2010.06.14 12:43:41.333,0.69695,0.69705,2.40,2.60
2010.06.14 12:43:41.691,0.69695,0.69705,2.40,6.80
2010.06.14 12:43:42.374,0.6967,0.69675,2.90,1.00
2010.06.14 12:43:42.669,0.69665,0.69675,3.30,1.00
2010.06.14 12:43:44.238,0.69695,0.697,2.40,29.00
2010.06.14 12:43:45.367,0.69665,0.69685,5.60,1.20
2010.06.14 12:43:45.891,0.69665,0.69685,4.80,2.00
2010.06.14 12:43:47.103,0.69665,0.69685,2.40,2.00
2010.06.14 12:43:47.427,0.69665,0.6968,2.40,1.00
2010.06.14 12:43:48.489,0.69695,0.697,2.40,32.10
2010.06.14 12:43:50.094,0.69665,0.69685,2.40,2.00
2010.06.14 12:43:50.327,0.69665,0.6968,2.40,1.00
2010.06.14 12:43:51.398,0.69695,0.697,2.40,30.90
2010.06.14 12:43:53.899,0.69695,0.697,2.40,18.00
2010.06.14 12:43:55.028,0.69665,0.69685,2.40,1.00
2010.06.14 12:43:55.230,0.6966,0.6967,1.00,1.00
2010.06.14 12:43:55.430,0.6965,0.69665,1.20,1.00
2010.06.14 12:43:55.810,0.69655,0.69675,2.40,1.00
2010.06.14 12:43:56.129,0.69655,0.69675,3.20,1.00
2010.06.14 12:43:56.631,0.69665,0.69675,1.00,1.00
2010.06.14 12:44:09.282,0.69665,0.69675,3.20,1.00
2010.06.14 12:44:11.758,0.69665,0.69675,3.30,1.00
2010.06.14 12:44:13.067,0.69665,0.69675,3.20,1.00
2010.06.14 12:44:13.435,0.69665,0.69675,3.30,1.00
2010.06.14 12:44:23.405,0.69665,0.69695,4.70,4.40
2010.06.14 12:44:23.464,0.6967,0.69695,1.00,4.40
2010.06.14 12:44:23.510,0.69675,0.69695,1.00,3.60
2010.06.14 12:44:23.555,0.69675,0.69695,1.00,3.20
2010.06.14 12:44:23.811,0.69675,0.69695,1.00,2.40
2010.06.14 12:44:24.158,0.6968,0.69705,2.40,6.80
2010.06.14 12:44:24.658,0.6968,0.69705,3.20,6.80
2010.06.14 12:44:29.050,0.6968,0.69705,3.30,4.40
2010.06.14 12:44:29.783,0.69685,0.69705,3.20,3.10
2010.06.14 12:44:31.462,0.69685,0.69705,3.30,3.10
2010.06.14 12:44:31.739,0.69685,0.69705,3.90,3.00
2010.06.14 12:44:32.301,0.69685,0.69705,3.30,3.00
2010.06.14 12:44:32.760,0.69685,0.69705,3.20,3.00
2010.06.14 12:44:33.104,0.69685,0.69705,3.30,3.00
2010.06.14 12:44:36.367,0.69685,0.69705,3.20,3.00
2010.06.14 12:44:36.469,0.69685,0.69705,4.10,3.00
2010.06.14 12:44:37.042,0.6969,0.69705,2.40,3.00
2010.06.14 12:44:37.381,0.69685,0.69705,5.60,3.00
2010.06.14 12:44:37.720,0.69685,0.69705,3.20,3.00
2010.06.14 12:44:39.079,0.69685,0.69705,3.30,3.00
2010.06.14 12:44:41.214,0.6969,0.69705,3.20,3.00
2010.06.14 12:44:41.897,0.69685,0.69705,3.80,2.40
2010.06.14 12:44:42.779,0.69685,0.69705,3.20,2.40
2010.06.14 12:44:43.050,0.69685,0.69705,3.30,2.40
2010.06.14 12:44:43.391,0.6969,0.69705,2.40,2.40
2010.06.14 12:44:43.730,0.69695,0.69705,3.20,2.80
2010.06.14 12:44:45.272,0.69695,0.69705,3.20,2.70
2010.06.14 12:44:45.603,0.697,0.69705,2.40,2.70
2010.06.14 12:44:45.932,0.69695,0.69705,3.20,2.70
2010.06.14 12:44:46.260,0.69695,0.69705,2.40,2.70
2010.06.14 12:44:47.572,0.6969,0.69705,3.20,2.70
2010.06.14 12:44:47.622,0.69685,0.69705,3.30,2.70
2010.06.14 12:44:47.864,0.69685,0.69705,3.20,2.90
2010.06.14 12:44:48.101,0.69685,0.69705,3.30,2.90
2010.06.14 12:44:48.971,0.69685,0.69705,3.20,2.90
2010.06.14 12:44:49.852,0.69685,0.69705,3.30,2.90
2010.06.14 12:44:50.121,0.69685,0.69705,3.20,2.90
2010.06.14 12:44:57.798,0.69685,0.69705,3.20,2.40
2010.06.14 12:45:05.481,0.69685,0.69705,3.30,2.40
2010.06.14 12:45:05.889,0.69695,0.69705,2.40,2.40
2010.06.14 12:45:06.207,0.697,0.69705,2.40,2.70
2010.06.14 12:45:09.218,0.697,0.69705,3.20,2.70
2010.06.14 12:45:11.772,0.697,0.69705,3.30,2.70
2010.06.14 12:45:11.939,0.697,0.69705,3.30,2.60
2010.06.14 12:45:13.478,0.697,0.69705,3.30,2.80
2010.06.14 12:45:13.819,0.697,0.69705,3.20,2.80
2010.06.14 12:45:17.498,0.697,0.69705,3.20,2.40
2010.06.14 12:45:18.212,0.697,0.69705,3.20,2.50
2010.06.14 12:45:28.197,0.697,0.69705,3.20,2.40
2010.06.14 12:45:45.060,0.697,0.69705,2.40,2.40
2010.06.14 12:45:56.529,0.69695,0.69705,4.80,2.40
2010.06.14 12:45:57.024,0.69695,0.69705,4.00,2.40
2010.06.14 12:45:59.565,0.6969,0.69705,9.60,2.40
2010.06.14 12:45:59.913,0.6969,0.69705,3.20,2.40
2010.06.14 12:46:01.231,0.6969,0.69705,3.20,3.20
2010.06.14 12:46:01.824,0.6969,0.69705,3.20,2.80
2010.06.14 12:46:02.000,0.6969,0.69705,3.20,3.60
2010.06.14 12:46:02.174,0.6969,0.69705,3.20,3.20
2010.06.14 12:46:02.539,0.6969,0.69705,3.20,2.80
2010.06.14 12:46:02.891,0.69685,0.69705,3.20,2.80
2010.06.14 12:46:05.013,0.69685,0.69705,3.20,3.60
2010.06.14 12:46:07.569,0.69685,0.69695,3.20,1.00
2010.06.14 12:46:07.713,0.69685,0.69695,1.00,1.00
2010.06.14 12:46:07.932,0.69685,0.69695,3.20,1.00
2010.06.14 12:46:10.373,0.69685,0.69695,2.40,1.00
2010.06.14 12:46:10.884,0.6968,0.69695,3.20,1.00
2010.06.14 12:46:15.377,0.69685,0.69695,2.40,1.00
2010.06.14 12:46:18.110,0.69685,0.69695,3.20,1.00
2010.06.14 12:46:18.251,0.69685,0.69695,3.20,1.00
2010.06.14 12:46:24.912,0.69685,0.69695,2.40,1.00
2010.06.14 12:46:27.803,0.6968,0.69695,3.20,1.00
2010.06.14 12:46:27.872,0.6968,0.69695,5.60,1.00
2010.06.14 12:46:27.979,0.6968,0.69695,8.00,1.00
2010.06.14 12:46:28.010,0.6968,0.69705,8.00,4.40
2010.06.14 12:46:28.328,0.69685,0.69705,2.40,4.40
2010.06.14 12:46:29.060,0.69685,0.69705,3.20,4.40
2010.06.14 12:46:29.520,0.69685,0.69705,3.20,3.60
2010.06.14 12:46:41.902,0.69685,0.69695,3.20,1.00
2010.06.14 12:46:42.102,0.69685,0.69695,2.40,1.00
2010.06.14 12:46:42.300,0.69685,0.69695,2.40,1.00
2010.06.14 12:46:42.832,0.69675,0.69695,5.60,1.20
2010.06.14 12:46:43.156,0.6967,0.69685,1.00,1.00
2010.06.14 12:46:43.470,0.69665,0.69685,3.20,1.00
2010.06.14 12:46:45.112,0.69665,0.69685,3.30,1.00
2010.06.14 12:46:45.281,0.69665,0.69685,3.20,1.00
2010.06.14 12:46:45.776,0.69665,0.69685,3.30,1.00
2010.06.14 12:46:46.123,0.69665,0.69685,3.20,1.00
2010.06.14 12:46:46.661,0.69665,0.69685,3.30,1.00
2010.06.14 12:46:46.999,0.69665,0.69685,3.30,1.20
2010.06.14 12:46:49.358,0.69665,0.69685,5.30,1.20
2010.06.14 12:46:49.508,0.6967,0.69685,2.40,1.20
2010.06.14 12:46:49.824,0.6967,0.69685,2.40,1.00
2010.06.14 12:46:50.024,0.6967,0.69685,2.40,1.00
2010.06.14 12:46:50.433,0.6967,0.69685,3.20,1.00
2010.06.14 12:46:51.510,0.6967,0.69685,3.30,1.00
2010.06.14 12:46:52.911,0.6967,0.69685,3.20,1.00
2010.06.14 12:46:59.933,0.6967,0.69685,3.20,1.00
2010.06.14 12:47:01.225,0.6967,0.69685,1.00,1.00
2010.06.14 12:47:01.447,0.69665,0.69685,3.30,1.00
2010.06.14 12:47:02.000,0.69665,0.69685,7.60,1.00
2010.06.14 12:47:02.341,0.6967,0.69685,2.40,1.00
2010.06.14 12:47:04.844,0.69665,0.69685,3.20,1.00
2010.06.14 12:47:05.532,0.69665,0.69685,3.30,1.00
2010.06.14 12:47:16.724,0.6967,0.69685,2.00,1.00
2010.06.14 12:47:17.170,0.69675,0.69685,2.40,1.00
2010.06.14 12:47:18.429,0.69675,0.69685,3.20,1.00
2010.06.14 12:47:18.548,0.69675,0.69685,2.40,1.00
2010.06.14 12:47:28.369,0.69675,0.69685,3.20,1.00
2010.06.14 12:47:29.930,0.69675,0.69695,3.20,1.20
2010.06.14 12:47:34.680,0.69675,0.697,3.20,1.60
2010.06.14 12:47:39.679,0.69675,0.697,4.80,1.60
2010.06.14 12:47:40.021,0.69675,0.69695,4.80,1.00
2010.06.14 12:47:40.361,0.69675,0.69695,4.80,1.00
2010.06.14 12:47:41.022,0.69675,0.69695,4.80,1.00
2010.06.14 12:47:41.354,0.69675,0.69695,5.70,1.00
2010.06.14 12:47:41.678,0.6969,0.69705,2.40,2.80
2010.06.14 12:47:41.994,0.6969,0.69705,4.00,2.40
2010.06.14 12:47:42.467,0.6969,0.69705,1.60,2.40
2010.06.14 12:47:42.812,0.6969,0.69705,2.40,2.40
2010.06.14 12:47:43.153,0.6969,0.69705,3.20,2.40
2010.06.14 12:47:49.616,0.69695,0.69705,1.60,2.50
2010.06.14 12:47:50.343,0.697,0.69705,1.60,2.50
2010.06.14 12:47:50.736,0.6969,0.69705,1.00,2.50
2010.06.14 12:47:54.230,0.6969,0.69705,1.00,2.40
2010.06.14 12:47:54.843,0.6969,0.69705,4.00,2.40
2010.06.14 12:47:55.082,0.69695,0.69705,2.40,2.40
2010.06.14 12:47:55.350,0.69695,0.69705,3.20,2.40
2010.06.14 12:47:55.605,0.697,0.69705,2.40,2.40
2010.06.14 12:47:55.950,0.697,0.69705,5.20,2.40
2010.06.14 12:47:56.335,0.697,0.69705,10.80,2.40
2010.06.14 12:47:56.690,0.697,0.69705,3.20,2.40
2010.06.14 12:47:59.419,0.697,0.69705,4.80,2.40
2010.06.14 12:47:59.840,0.697,0.69705,3.20,2.40
2010.06.14 12:48:00.065,0.69695,0.69705,3.20,2.40
2010.06.14 12:48:02.745,0.69695,0.69705,6.80,2.40
2010.06.14 12:48:02.944,0.69695,0.69705,5.60,2.40
2010.06.14 12:48:03.498,0.69695,0.69705,3.20,2.40
2010.06.14 12:48:08.257,0.69695,0.69705,1.00,2.40
2010.06.14 12:48:08.522,0.6969,0.69705,3.20,2.40
2010.06.14 12:48:10.338,0.69685,0.69705,3.20,2.80
2010.06.14 12:48:10.633,0.69685,0.69705,1.00,2.80
2010.06.14 12:48:13.882,0.69685,0.69705,3.20,2.80
2010.06.14 12:48:17.735,0.69685,0.69705,1.00,2.80
2010.06.14 12:48:20.513,0.69685,0.69705,1.00,2.40
2010.06.14 12:48:23.899,0.69685,0.69705,3.20,2.40
2010.06.14 12:48:27.449,0.69685,0.69705,1.00,2.40
2010.06.14 12:48:45.391,0.69685,0.69705,3.20,2.70
2010.06.14 12:48:49.376,0.69685,0.69705,3.20,3.10
2010.06.14 12:48:49.569,0.69685,0.69705,1.00,3.50
2010.06.14 12:48:55.249,0.69685,0.69705,1.00,2.40
2010.06.14 12:48:59.278,0.69685,0.69705,1.00,3.20
2010.06.14 12:48:59.958,0.69685,0.69705,1.00,2.40
2010.06.14 12:49:03.424,0.69685,0.69705,1.00,2.80
2010.06.14 12:49:03.651,0.69685,0.69705,1.00,3.20
2010.06.14 12:49:07.968,0.69685,0.69705,1.00,2.40
2010.06.14 12:49:16.782,0.69685,0.69705,1.00,2.40
2010.06.14 12:49:17.423,0.69685,0.69705,1.00,2.40
2010.06.14 12:49:17.622,0.6969,0.69705,1.00,2.60
2010.06.14 12:49:17.931,0.6969,0.69705,3.20,2.60
2010.06.14 12:49:19.343,0.6969,0.69705,3.30,2.40
2010.06.14 12:49:19.767,0.69695,0.69705,1.00,2.40
2010.06.14 12:49:20.488,0.69695,0.69705,3.20,2.40
2010.06.14 12:49:31.692,0.69695,0.69705,1.00,2.40
2010.06.14 12:49:31.993,0.69695,0.69705,3.20,2.40
2010.06.14 12:49:36.539,0.69695,0.69705,3.20,2.50
2010.06.14 12:49:36.776,0.69695,0.69705,1.00,2.50
2010.06.14 12:49:38.581,0.6969,0.69705,3.20,2.40
2010.06.14 12:49:39.472,0.697,0.69705,2.40,2.40
2010.06.14 12:49:39.814,0.6969,0.69705,2.00,4.80
2010.06.14 12:49:40.161,0.69685,0.69705,3.20,4.80
2010.06.14 12:49:41.618,0.69685,0.69705,3.20,4.90
2010.06.14 12:49:42.841,0.69685,0.69705,3.20,4.80
2010.06.14 12:49:45.303,0.6969,0.69705,2.00,4.80
2010.06.14 12:49:45.626,0.6969,0.69705,5.20,2.40
2010.06.14 12:49:48.419,0.69695,0.69705,1.00,2.40
2010.06.14 12:49:48.872,0.69695,0.69705,3.20,2.40
2010.06.14 12:50:07.436,0.69695,0.69705,3.30,2.40
2010.06.14 12:50:07.560,0.697,0.69705,1.00,2.40
2010.06.14 12:50:08.263,0.697,0.69705,3.20,2.40
2010.06.14 12:50:10.303,0.697,0.69705,14.90,2.40
2010.06.14 12:50:10.653,0.697,0.69705,19.60,2.40
2010.06.14 12:50:10.992,0.6971,0.69725,2.40,2.80
2010.06.14 12:50:13.090,0.697,0.69705,13.20,2.40
2010.06.14 12:50:15.938,0.697,0.69705,13.20,2.40
2010.06.14 12:50:17.773,0.697,0.69705,11.20,2.40
2010.06.14 12:50:17.910,0.697,0.69705,7.20,2.40
2010.06.14 12:50:17.982,0.69695,0.69705,3.20,2.40
2010.06.14 12:50:18.051,0.6969,0.69705,4.20,2.40
2010.06.14 12:50:18.392,0.69685,0.69705,1.00,2.40
2010.06.14 12:50:19.415,0.6969,0.69705,3.20,2.40
2010.06.14 12:50:20.165,0.69695,0.69705,3.20,2.40
2010.06.14 12:50:34.760,0.697,0.69705,2.40,2.40
2010.06.14 12:50:54.111,0.69695,0.69705,3.20,2.40
2010.06.14 12:51:02.222,0.6969,0.69705,3.20,2.40
2010.06.14 12:51:04.911,0.6969,0.69705,5.20,2.40
2010.06.14 12:51:05.446,0.69695,0.69705,2.40,2.40
2010.06.14 12:51:06.633,0.69695,0.69705,3.20,2.40
2010.06.14 12:51:08.315,0.697,0.69705,1.00,2.40
2010.06.14 12:51:08.702,0.697,0.69705,3.20,2.40
2010.06.14 12:51:10.776,0.697,0.69705,8.80,2.40
2010.06.14 12:51:11.015,0.697,0.69705,3.20,2.40
2010.06.14 12:51:11.942,0.697,0.69705,9.70,2.40
2010.06.14 12:51:12.289,0.6971,0.69735,2.40,4.20
2010.06.14 12:51:12.793,0.697,0.69705,9.70,2.40
2010.06.14 12:51:15.510,0.697,0.69705,10.40,2.40
2010.06.14 12:51:16.720,0.697,0.69705,9.60,2.40
2010.06.14 12:51:17.268,0.697,0.69705,9.60,2.40
2010.06.14 12:51:22.581,0.697,0.69705,8.80,2.40
2010.06.14 12:51:24.280,0.697,0.69705,9.20,2.40
2010.06.14 12:51:26.750,0.697,0.69705,8.90,2.40
2010.06.14 12:51:33.822,0.697,0.69705,8.80,2.40
2010.06.14 12:51:34.081,0.697,0.69705,8.90,2.40
2010.06.14 12:51:57.220,0.697,0.69705,6.50,2.40
2010.06.14 12:51:57.362,0.697,0.69705,5.70,2.40
2010.06.14 12:51:57.742,0.69695,0.69705,3.30,2.40
2010.06.14 12:52:00.041,0.69695,0.69705,1.00,2.40
2010.06.14 12:52:00.150,0.69695,0.69705,1.00,2.40
2010.06.14 12:52:00.452,0.6969,0.69705,1.00,2.40
2010.06.14 12:52:03.264,0.69685,0.69705,3.20,2.40
2010.06.14 12:52:07.680,0.69685,0.69705,2.40,3.20
2010.06.14 12:52:09.570,0.69685,0.69705,2.40,3.30
2010.06.14 12:52:10.445,0.69685,0.69705,2.40,3.20
2010.06.14 12:52:11.332,0.69685,0.69705,2.40,3.30
2010.06.14 12:52:14.261,0.69685,0.69705,2.40,3.20
2010.06.14 12:52:19.350,0.69685,0.69705,3.30,2.40
2010.06.14 12:52:20.349,0.69685,0.69705,3.20,2.40
2010.06.14 12:52:36.309,0.6969,0.69705,1.00,2.40
2010.06.14 12:52:36.591,0.6969,0.69705,3.20,2.40
2010.06.14 12:52:37.077,0.6969,0.69705,1.00,2.40
2010.06.14 12:52:37.423,0.69685,0.69705,3.20,2.40
2010.06.14 12:52:38.451,0.69685,0.69705,3.70,2.40
2010.06.14 12:52:38.709,0.69685,0.69705,4.10,2.40
2010.06.14 12:52:46.831,0.69685,0.69705,6.10,2.40
2010.06.14 12:52:47.161,0.69685,0.69705,8.50,2.40
2010.06.14 12:52:47.399,0.6969,0.69705,5.60,2.40
2010.06.14 12:52:47.563,0.69695,0.69705,3.20,2.40
2010.06.14 12:52:50.155,0.69695,0.69705,1.00,2.40
2010.06.14 12:52:50.415,0.6969,0.69705,3.20,2.40
2010.06.14 12:52:50.676,0.6969,0.69705,1.00,2.40
2010.06.14 12:53:00.032,0.6969,0.69705,3.20,2.40
2010.06.14 12:53:00.182,0.69695,0.69705,3.20,2.40
2010.06.14 12:53:19.640,0.69695,0.69705,1.00,2.40
2010.06.14 12:53:20.042,0.6969,0.69705,3.20,2.40
2010.06.14 12:53:20.276,0.6969,0.69705,1.00,2.40
2010.06.14 12:53:20.965,0.6969,0.69705,3.20,2.40
2010.06.14 12:53:29.923,0.6969,0.69705,1.00,2.40
2010.06.14 12:54:05.989,0.6969,0.69705,3.20,2.40
2010.06.14 12:54:07.458,0.6969,0.69705,1.00,2.40
2010.06.14 12:54:34.174,0.6969,0.69705,5.20,2.40
2010.06.14 12:54:34.528,0.6969,0.69705,10.00,2.40
2010.06.14 12:54:34.823,0.69695,0.69705,3.20,2.40
2010.06.14 12:54:38.997,0.6969,0.69705,5.60,2.40
2010.06.14 12:54:39.239,0.6969,0.69705,1.00,2.40
2010.06.14 12:54:40.852,0.6969,0.69705,2.80,2.40
2010.06.14 12:54:41.113,0.69695,0.69705,3.20,2.40
2010.06.14 12:54:51.032,0.69685,0.69705,5.20,4.00
2010.06.14 12:54:51.313,0.6968,0.69685,3.20,1.00
2010.06.14 12:54:51.593,0.6968,0.69695,3.20,1.10
2010.06.14 12:54:51.871,0.6968,0.69695,3.20,1.00
2010.06.14 12:54:52.142,0.6968,0.69695,1.00,1.00
2010.06.14 12:54:53.681,0.69675,0.69695,3.20,1.00
2010.06.14 12:55:01.704,0.69675,0.69705,3.20,8.30
2010.06.14 12:55:18.005,0.6969,0.69705,1.00,5.60
2010.06.14 12:55:18.112,0.6969,0.69705,1.00,2.40
2010.06.14 12:55:18.222,0.6969,0.69705,1.10,2.40
2010.06.14 12:55:18.333,0.6969,0.69705,4.50,2.40
2010.06.14 12:55:18.443,0.6969,0.69705,6.90,2.40
2010.06.14 12:55:18.767,0.69695,0.69705,2.40,2.40
2010.06.14 12:55:19.081,0.69695,0.69705,3.20,2.40
2010.06.14 12:55:19.423,0.69695,0.69705,3.60,2.40
2010.06.14 12:55:19.955,0.6969,0.69705,4.30,2.40
2010.06.14 12:55:20.584,0.69695,0.69705,2.40,2.40
2010.06.14 12:55:20.864,0.69695,0.69705,3.20,2.40
2010.06.14 12:55:21.582,0.69695,0.69705,3.60,2.40
2010.06.14 12:55:21.907,0.69695,0.69705,4.00,2.40
2010.06.14 12:55:39.022,0.697,0.6972,1.60,1.60
2010.06.14 12:55:39.452,0.69695,0.69705,4.00,2.40
2010.06.14 12:55:59.410,0.697,0.69705,1.00,2.40
2010.06.14 12:55:59.501,0.697,0.69705,4.80,2.40
2010.06.14 12:56:00.135,0.697,0.69705,4.10,2.40
2010.06.14 12:56:00.484,0.697,0.69705,2.80,2.40
2010.06.14 12:56:00.831,0.697,0.69705,5.20,2.40
2010.06.14 12:56:02.348,0.697,0.69725,5.20,1.60
2010.06.14 12:56:03.558,0.697,0.69705,5.20,2.40
2010.06.14 12:56:09.648,0.697,0.69705,5.60,2.40
2010.06.14 12:56:29.043,0.697,0.69725,5.60,1.60
2010.06.14 12:56:32.383,0.697,0.69705,5.60,2.40
2010.06.14 12:56:34.849,0.697,0.69705,3.60,2.40
2010.06.14 12:56:35.368,0.697,0.69705,4.20,2.40
2010.06.14 12:56:35.634,0.69705,0.6973,4.10,1.60
2010.06.14 12:56:36.171,0.697,0.69705,9.80,2.40
2010.06.14 12:56:36.441,0.697,0.69705,4.20,2.40
2010.06.14 12:56:37.461,0.697,0.69705,4.10,2.40
2010.06.14 12:56:40.911,0.697,0.69705,3.60,2.40
2010.06.14 12:56:46.732,0.697,0.69705,3.70,2.40
2010.06.14 12:56:47.793,0.697,0.69705,6.90,2.40
2010.06.14 12:56:48.310,0.6971,0.6973,1.00,4.00
2010.06.14 12:56:50.649,0.697,0.69705,10.80,2.40
2010.06.14 12:56:52.621,0.6971,0.6973,1.00,6.40
2010.06.14 12:56:53.286,0.697,0.69705,3.60,2.40
2010.06.14 12:57:00.260,0.697,0.69705,3.20,2.40
2010.06.14 12:57:03.483,0.697,0.69705,2.50,2.40
2010.06.14 12:57:08.468,0.697,0.69705,3.60,2.40
2010.06.14 12:57:38.317,0.69705,0.69725,1.00,3.20
2010.06.14 12:57:38.504,0.69705,0.6973,1.60,8.80
2010.06.14 12:57:38.721,0.69705,0.6973,4.00,4.00
2010.06.14 12:57:39.185,0.697,0.69705,5.60,2.40
2010.06.14 12:57:39.535,0.697,0.69705,4.40,2.40
2010.06.14 12:57:39.882,0.697,0.69705,4.10,2.40
2010.06.14 12:57:41.519,0.697,0.69705,3.70,2.40
2010.06.14 12:57:41.740,0.697,0.69705,3.30,2.40
2010.06.14 12:57:41.960,0.697,0.69725,3.30,1.70
2010.06.14 12:57:42.500,0.697,0.69705,3.20,2.40
2010.06.14 12:57:42.819,0.697,0.69705,2.40,2.40
2010.06.14 12:57:44.022,0.69695,0.69705,1.00,2.40
2010.06.14 12:57:44.608,0.6969,0.69705,1.00,2.40
2010.06.14 12:57:51.939,0.6969,0.69705,1.00,2.50
2010.06.14 12:57:52.985,0.69685,0.69705,3.20,2.50
2010.06.14 12:57:53.196,0.69685,0.69705,3.20,2.40
2010.06.14 12:58:10.012,0.69685,0.69705,1.00,2.40
2010.06.14 12:58:10.450,0.6969,0.69705,1.00,2.40
2010.06.14 12:58:10.581,0.6969,0.69705,3.20,2.40
2010.06.14 12:58:12.510,0.69695,0.69705,4.80,2.40
2010.06.14 12:58:12.773,0.69695,0.69705,4.80,4.40
2010.06.14 12:58:12.965,0.69695,0.697,1.00,4.80
2010.06.14 12:58:13.155,0.6969,0.69695,1.00,1.00
2010.06.14 12:58:13.551,0.69685,0.69705,3.20,4.80
2010.06.14 12:58:13.750,0.69685,0.69705,3.20,2.40
2010.06.14 12:58:22.081,0.69685,0.69705,1.00,2.40
2010.06.14 12:58:26.835,0.6968,0.697,3.30,1.00
2010.06.14 12:58:27.182,0.6968,0.69705,3.20,6.00
2010.06.14 12:58:27.628,0.6968,0.69705,1.00,9.60
2010.06.14 12:58:27.979,0.6968,0.69705,3.20,4.40
2010.06.14 12:58:28.323,0.6968,0.69705,3.20,6.80
2010.06.14 12:58:28.688,0.6968,0.69705,3.20,4.40
2010.06.14 12:58:30.013,0.6968,0.69705,1.00,6.80
2010.06.14 12:58:30.373,0.6968,0.69705,3.20,4.80
2010.06.14 12:58:30.520,0.6968,0.69705,3.20,4.40
2010.06.14 12:58:32.091,0.6968,0.69705,1.00,9.20
2010.06.14 12:58:35.562,0.6968,0.69705,1.00,6.80
2010.06.14 12:58:35.905,0.6968,0.69705,3.20,4.40
2010.06.14 12:58:37.062,0.6968,0.69705,3.20,4.00
2010.06.14 12:58:58.170,0.6968,0.69705,3.60,4.00
2010.06.14 12:58:58.229,0.6968,0.69705,4.00,4.00
2010.06.14 12:58:58.338,0.6968,0.69705,4.10,4.00
2010.06.14 12:58:59.032,0.6968,0.69705,3.20,4.00
2010.06.14 12:59:01.614,0.6968,0.69705,3.60,4.00
2010.06.14 12:59:01.721,0.6968,0.69705,4.00,4.00
2010.06.14 12:59:01.836,0.6968,0.69705,4.10,4.00
2010.06.14 12:59:06.367,0.6968,0.69705,1.00,8.80
2010.06.14 12:59:09.670,0.69675,0.69705,4.80,8.80
2010.06.14 12:59:10.479,0.69675,0.69705,6.80,8.80
2010.06.14 12:59:10.683,0.69675,0.69705,9.20,6.40
2010.06.14 12:59:10.879,0.6968,0.69705,2.40,4.00
2010.06.14 12:59:12.874,0.6968,0.69705,3.20,4.00
2010.06.14 12:59:13.222,0.6968,0.69705,3.60,4.00
2010.06.14 12:59:13.560,0.6968,0.69705,4.00,4.00
2010.06.14 12:59:14.729,0.6968,0.69705,3.60,4.00
2010.06.14 12:59:14.787,0.6968,0.69705,3.20,4.00
2010.06.14 12:59:15.502,0.6968,0.69705,2.40,4.00
2010.06.14 12:59:21.472,0.6968,0.69705,2.80,4.00
2010.06.14 12:59:21.639,0.6968,0.69705,3.20,4.00
2010.06.14 12:59:21.810,0.6968,0.69705,2.40,4.00
2010.06.14 12:59:26.352,0.6968,0.69705,2.80,4.00
2010.06.14 12:59:26.565,0.6968,0.69705,6.30,4.00
2010.06.14 12:59:26.973,0.69685,0.69705,4.00,4.00
2010.06.14 12:59:27.316,0.69685,0.69705,4.80,2.40
2010.06.14 12:59:28.001,0.69685,0.69705,4.90,2.40
2010.06.14 12:59:29.141,0.69685,0.69705,4.80,2.40
2010.06.14 12:59:30.541,0.69685,0.69705,4.90,2.40
2010.06.14 12:59:35.105,0.69685,0.69705,4.80,2.40
2010.06.14 12:59:36.157,0.6968,0.69705,5.30,2.40
2010.06.14 12:59:36.504,0.6968,0.69705,4.50,3.20
2010.06.14 12:59:38.621,0.6968,0.69705,4.50,2.40
2010.06.14 12:59:38.900,0.69685,0.69705,1.00,2.40
2010.06.14 12:59:40.659,0.69685,0.69705,1.00,2.50
2010.06.14 12:59:50.799,0.69685,0.69705,1.00,2.40
