2012.05.14 17:00:00.480,0.77941,0.77957,4.50,1.88
2012.05.14 17:00:03.868,0.77941,0.77957,3.00,1.13
2012.05.14 17:00:06.655,0.77941,0.77956,2.25,1.13
2012.05.14 17:00:06.800,0.77937,0.77953,2.25,1.50
2012.05.14 17:00:07.341,0.77936,0.77952,3.00,1.50
2012.05.14 17:00:08.287,0.77936,0.77954,3.00,1.50
2012.05.14 17:00:08.638,0.77936,0.77952,3.00,1.50
2012.05.14 17:00:11.134,0.77937,0.77952,2.25,1.50
2012.05.14 17:00:11.522,0.77941,0.77957,1.50,1.88
2012.05.14 17:00:12.103,0.7794,0.77957,3.00,1.88
2012.05.14 17:00:13.187,0.7794,0.77956,3.00,1.50
2012.05.14 17:00:13.260,0.7794,0.77954,3.00,1.50
2012.05.14 17:00:14.096,0.7794,0.77955,3.00,1.50
2012.05.14 17:00:17.734,0.7794,0.77953,3.00,1.50
2012.05.14 17:00:17.865,0.7794,0.77955,3.00,1.50
2012.05.14 17:00:19.551,0.7794,0.77956,3.00,1.50
2012.05.14 17:00:21.818,0.77941,0.77957,1.50,2.63
2012.05.14 17:00:22.327,0.7794,0.77955,3.00,1.50
2012.05.14 17:00:22.529,0.77937,0.77952,1.50,1.50
2012.05.14 17:00:22.869,0.77937,0.7795,1.50,1.50
2012.05.14 17:00:23.008,0.77938,0.77954,1.50,2.25
2012.05.14 17:00:23.347,0.7794,0.77953,2.25,1.50
2012.05.14 17:00:23.547,0.77937,0.77953,2.25,2.25
2012.05.14 17:00:23.759,0.77941,0.77952,2.25,1.50
2012.05.14 17:00:23.839,0.77941,0.77954,2.25,2.25
2012.05.14 17:00:23.981,0.77936,0.77954,3.00,2.25
2012.05.14 17:00:24.400,0.77935,0.77952,3.75,1.50
2012.05.14 17:00:24.806,0.77936,0.7795,3.00,1.50
2012.05.14 17:00:25.086,0.77936,0.77952,2.25,3.75
2012.05.14 17:00:25.439,0.77941,0.77952,2.25,1.50
2012.05.14 17:00:25.989,0.77941,0.77955,2.25,1.50
2012.05.14 17:00:31.156,0.77941,0.77955,2.25,2.25
2012.05.14 17:00:31.297,0.77934,0.77952,3.19,2.25
2012.05.14 17:00:31.631,0.77932,0.77948,2.25,1.50
2012.05.14 17:00:31.777,0.77933,0.7795,1.50,4.50
2012.05.14 17:00:31.918,0.77936,0.77952,1.50,1.13
2012.05.14 17:00:32.059,0.77933,0.77949,1.50,2.63
2012.05.14 17:00:32.715,0.77933,0.77949,1.50,2.63
2012.05.14 17:00:32.925,0.77931,0.77947,3.75,3.00
2012.05.14 17:00:33.542,0.77932,0.77948,1.50,2.63
2012.05.14 17:00:34.095,0.77931,0.77947,4.50,3.00
2012.05.14 17:00:34.827,0.77931,0.77947,3.75,3.00
2012.05.14 17:00:35.586,0.77932,0.77946,1.50,1.50
2012.05.14 17:00:36.205,0.77931,0.77946,3.75,1.50
2012.05.14 17:00:55.467,0.77931,0.77944,2.25,1.88
2012.05.14 17:00:55.608,0.77926,0.7794,2.25,1.50
2012.05.14 17:00:55.747,0.77926,0.77938,2.25,1.50
2012.05.14 17:00:56.086,0.77922,0.77936,1.50,1.50
2012.05.14 17:00:56.347,0.77921,0.77936,4.50,1.50
2012.05.14 17:00:57.666,0.77922,0.77936,1.50,1.50
2012.05.14 17:00:57.797,0.77926,0.77939,2.25,2.25
2012.05.14 17:01:00.956,0.77926,0.7794,2.25,1.50
2012.05.14 17:01:01.456,0.7793,0.77941,2.25,1.50
2012.05.14 17:01:01.530,0.7793,0.77945,2.25,1.50
2012.05.14 17:01:03.067,0.7793,0.77944,2.25,1.50
2012.05.14 17:01:03.575,0.7793,0.77945,2.25,3.00
2012.05.14 17:01:04.754,0.77926,0.77942,1.50,3.00
2012.05.14 17:01:05.412,0.77925,0.77942,3.38,3.00
2012.05.14 17:01:06.719,0.77927,0.77942,1.50,3.00
2012.05.14 17:01:07.249,0.77927,0.77944,1.50,1.50
2012.05.14 17:01:07.321,0.77931,0.77943,2.25,1.50
2012.05.14 17:01:07.967,0.77931,0.77944,2.25,1.50
2012.05.14 17:01:09.926,0.77931,0.77943,2.25,2.25
2012.05.14 17:01:10.284,0.77923,0.77935,2.25,2.25
2012.05.14 17:01:10.363,0.77923,0.77939,2.25,1.50
2012.05.14 17:01:10.927,0.77925,0.77942,1.50,2.25
2012.05.14 17:01:11.646,0.77925,0.77939,1.50,1.50
2012.05.14 17:01:11.987,0.77923,0.77938,3.00,1.50
2012.05.14 17:01:12.059,0.77923,0.77939,3.00,1.50
2012.05.14 17:01:12.128,0.77926,0.77941,1.50,2.25
2012.05.14 17:01:12.684,0.77925,0.77941,1.50,1.50
2012.05.14 17:01:13.027,0.77923,0.77933,2.25,2.25
2012.05.14 17:01:13.101,0.77919,0.77931,1.50,1.50
2012.05.14 17:01:13.317,0.77918,0.77931,1.13,1.50
2012.05.14 17:01:14.838,0.77918,0.77931,3.38,1.50
2012.05.14 17:01:16.148,0.77919,0.77931,2.25,1.50
2012.05.14 17:01:16.220,0.77921,0.77934,1.50,2.25
2012.05.14 17:01:16.298,0.77924,0.77934,1.13,1.50
2012.05.14 17:01:16.503,0.7793,0.77943,2.25,2.25
2012.05.14 17:01:16.585,0.7793,0.77944,2.25,2.25
2012.05.14 17:01:16.660,0.77932,0.77945,1.50,2.25
2012.05.14 17:01:19.316,0.77929,0.77942,1.50,1.50
2012.05.14 17:01:20.054,0.77928,0.77942,1.50,1.50
2012.05.14 17:01:25.449,0.77927,0.77942,1.88,3.00
2012.05.14 17:01:25.576,0.77926,0.77942,2.63,2.25
2012.05.14 17:01:26.107,0.77927,0.77943,2.63,1.50
2012.05.14 17:01:26.617,0.77928,0.77944,1.50,2.25
2012.05.14 17:01:26.806,0.77925,0.77943,4.13,1.50
2012.05.14 17:01:27.364,0.77927,0.77943,1.50,2.25
2012.05.14 17:01:30.248,0.77926,0.77942,1.88,1.50
2012.05.14 17:01:32.236,0.77926,0.77942,1.88,2.25
2012.05.14 17:01:32.807,0.77926,0.77942,1.50,3.00
2012.05.14 17:01:33.785,0.77926,0.77939,1.50,1.50
2012.05.14 17:01:33.861,0.77922,0.77938,2.25,1.50
2012.05.14 17:01:34.396,0.77921,0.77937,4.88,1.50
2012.05.14 17:01:34.715,0.77921,0.77939,4.88,3.75
2012.05.14 17:01:40.104,0.77921,0.77935,4.88,1.13
2012.05.14 17:01:40.367,0.77916,0.77932,1.88,3.00
2012.05.14 17:01:40.436,0.77916,0.7793,1.88,1.50
2012.05.14 17:01:40.787,0.77912,0.77928,3.75,1.50
2012.05.14 17:01:40.998,0.77912,0.77928,4.50,1.50
2012.05.14 17:01:41.198,0.77913,0.77928,1.50,1.50
2012.05.14 17:01:41.346,0.77915,0.77931,2.25,2.25
2012.05.14 17:01:41.419,0.77915,0.77931,1.50,2.25
2012.05.14 17:01:41.794,0.77913,0.77931,4.50,3.00
2012.05.14 17:01:42.327,0.77914,0.77932,1.50,3.00
2012.05.14 17:01:42.865,0.77915,0.77932,1.50,1.13
2012.05.14 17:01:43.076,0.77914,0.7793,1.50,1.50
2012.05.14 17:01:43.798,0.77916,0.77932,1.50,2.63
2012.05.14 17:01:44.185,0.77914,0.7793,1.50,1.50
2012.05.14 17:01:44.338,0.77915,0.77933,1.50,3.38
2012.05.14 17:01:44.547,0.77915,0.7793,1.50,2.25
2012.05.14 17:01:45.076,0.77915,0.77931,1.50,6.00
2012.05.14 17:01:45.605,0.77914,0.7793,1.50,3.75
2012.05.14 17:01:46.126,0.77915,0.77931,1.50,2.25
2012.05.14 17:01:48.296,0.77915,0.77931,1.50,2.25
2012.05.14 17:01:51.949,0.77913,0.77929,2.25,2.25
2012.05.14 17:01:52.086,0.77911,0.77927,1.50,2.25
2012.05.14 17:01:54.655,0.77911,0.77929,1.50,3.38
2012.05.14 17:01:54.790,0.77913,0.77929,1.50,1.50
2012.05.14 17:01:55.120,0.77916,0.77932,1.50,3.00
2012.05.14 17:01:55.635,0.77917,0.77932,1.50,1.50
2012.05.14 17:01:55.705,0.77915,0.77932,1.50,1.50
2012.05.14 17:01:57.449,0.77915,0.77932,1.50,1.50
2012.05.14 17:01:59.526,0.77915,0.7793,1.50,2.25
2012.05.14 17:01:59.776,0.77912,0.77928,2.25,1.50
2012.05.14 17:02:00.287,0.77913,0.77929,1.50,1.50
2012.05.14 17:02:00.798,0.77912,0.7793,1.50,4.50
2012.05.14 17:02:01.004,0.77912,0.77928,1.50,1.50
2012.05.14 17:02:04.196,0.77913,0.77929,1.50,2.25
2012.05.14 17:02:05.686,0.77913,0.77928,1.50,2.25
2012.05.14 17:02:06.027,0.77912,0.77927,2.25,1.50
2012.05.14 17:02:06.098,0.77912,0.7793,3.00,1.69
2012.05.14 17:02:06.606,0.77912,0.77928,3.00,1.50
2012.05.14 17:02:06.937,0.77916,0.77931,3.00,2.25
2012.05.14 17:02:07.436,0.77913,0.77931,1.50,4.50
2012.05.14 17:02:07.590,0.77913,0.77929,1.50,1.50
2012.05.14 17:02:08.106,0.77911,0.77929,3.00,1.50
2012.05.14 17:02:10.437,0.77911,0.77929,2.25,1.50
2012.05.14 17:02:10.778,0.77911,0.77924,1.13,1.50
2012.05.14 17:02:10.917,0.77914,0.7793,1.50,4.61
2012.05.14 17:02:10.987,0.77914,0.77928,1.50,1.24
2012.05.14 17:02:11.125,0.77911,0.77928,3.75,1.24
2012.05.14 17:02:12.681,0.77912,0.77928,1.50,3.00
2012.05.14 17:02:13.202,0.77912,0.7793,1.50,5.25
2012.05.14 17:02:13.705,0.77911,0.77929,3.75,2.25
2012.05.14 17:02:21.457,0.77911,0.77927,3.75,2.25
2012.05.14 17:02:28.074,0.77911,0.77926,2.25,1.50
2012.05.14 17:02:29.498,0.77911,0.77926,2.25,2.25
2012.05.14 17:02:30.047,0.77911,0.77923,2.25,1.50
2012.05.14 17:02:30.557,0.77911,0.77924,2.25,2.25
2012.05.14 17:02:33.175,0.77906,0.77921,3.00,1.50
2012.05.14 17:02:37.981,0.77906,0.77919,3.00,1.17
2012.05.14 17:02:38.330,0.77905,0.77913,1.50,1.50
2012.05.14 17:02:38.685,0.77896,0.77908,3.00,1.50
2012.05.14 17:02:38.759,0.77893,0.77908,3.00,1.50
2012.05.14 17:02:38.985,0.77892,0.77907,1.50,1.50
2012.05.14 17:02:42.727,0.7789,0.77908,4.50,2.25
2012.05.14 17:02:43.050,0.7789,0.77906,4.50,1.50
2012.05.14 17:02:43.315,0.7789,0.77908,4.50,1.50
2012.05.14 17:02:45.677,0.77892,0.77909,3.00,1.13
2012.05.14 17:02:45.817,0.77895,0.77912,2.25,2.25
2012.05.14 17:02:45.885,0.77895,0.77912,2.25,2.25
2012.05.14 17:02:47.061,0.77895,0.77911,2.25,1.50
2012.05.14 17:02:52.205,0.77895,0.7791,2.25,1.50
2012.05.14 17:02:52.301,0.77895,0.77912,2.25,1.50
2012.05.14 17:02:53.327,0.77895,0.77911,2.25,1.50
2012.05.14 17:02:55.312,0.77895,0.7791,2.25,1.50
2012.05.14 17:02:55.656,0.77895,0.77912,2.25,1.50
2012.05.14 17:02:55.725,0.77895,0.7791,2.25,1.50
2012.05.14 17:02:56.266,0.77895,0.77911,3.75,1.50
2012.05.14 17:03:03.734,0.77893,0.7791,3.00,3.00
2012.05.14 17:03:04.090,0.77888,0.77901,1.50,1.50
2012.05.14 17:03:04.308,0.77884,0.77902,1.50,1.50
2012.05.14 17:03:05.528,0.77885,0.77903,1.50,3.00
2012.05.14 17:03:05.939,0.77885,0.77903,2.25,2.25
2012.05.14 17:03:06.493,0.77888,0.77904,1.50,3.00
2012.05.14 17:03:07.056,0.77887,0.77903,2.25,1.50
2012.05.14 17:03:07.970,0.77885,0.77901,2.25,1.50
2012.05.14 17:03:08.048,0.77885,0.77901,1.50,1.50
2012.05.14 17:03:08.567,0.77883,0.77897,2.25,1.50
2012.05.14 17:03:08.917,0.77881,0.77895,3.00,1.50
2012.05.14 17:03:09.175,0.77881,0.77897,4.50,1.50
2012.05.14 17:03:09.726,0.77881,0.77898,3.00,1.50
2012.05.14 17:03:10.579,0.77884,0.779,1.50,3.75
2012.05.14 17:03:10.930,0.77886,0.779,1.50,2.25
2012.05.14 17:03:11.289,0.77889,0.779,1.50,2.25
2012.05.14 17:03:13.711,0.77891,0.77905,2.25,2.25
2012.05.14 17:03:19.690,0.77891,0.77906,2.25,2.25
2012.05.14 17:03:20.559,0.77891,0.77905,2.25,1.50
2012.05.14 17:03:21.228,0.77891,0.77907,2.25,4.50
2012.05.14 17:03:21.883,0.77891,0.77905,2.25,1.50
2012.05.14 17:03:22.553,0.77891,0.77907,2.25,4.50
2012.05.14 17:03:23.148,0.77891,0.77905,2.25,1.50
2012.05.14 17:03:34.207,0.77891,0.77907,2.25,4.13
2012.05.14 17:03:34.277,0.77896,0.77907,3.75,1.88
2012.05.14 17:03:34.629,0.77894,0.77906,1.50,2.25
2012.05.14 17:03:34.697,0.7789,0.77906,2.25,2.25
2012.05.14 17:03:46.707,0.7789,0.77903,2.25,3.00
2012.05.14 17:03:46.847,0.77885,0.77901,4.69,2.25
2012.05.14 17:03:48.179,0.77885,0.77902,6.00,1.50
2012.05.14 17:03:48.249,0.77888,0.77904,2.25,3.00
2012.05.14 17:03:48.388,0.77891,0.77905,2.25,1.50
2012.05.14 17:03:48.982,0.77891,0.77906,2.25,2.25
2012.05.14 17:03:54.798,0.77891,0.77904,2.25,1.50
2012.05.14 17:03:55.335,0.77891,0.77905,2.25,2.25
2012.05.14 17:03:57.037,0.77891,0.77906,2.25,1.50
2012.05.14 17:03:57.572,0.77891,0.77905,2.25,1.50
2012.05.14 17:03:59.778,0.77891,0.77903,2.25,2.63
2012.05.14 17:03:59.847,0.77885,0.77901,2.25,1.50
2012.05.14 17:03:59.918,0.77885,0.77901,1.50,1.50
2012.05.14 17:04:00.238,0.77885,0.77901,2.25,1.50
2012.05.14 17:04:00.579,0.77885,0.77901,1.50,1.50
2012.05.14 17:04:02.597,0.77885,0.77903,1.50,4.13
2012.05.14 17:04:02.852,0.77885,0.77901,1.50,1.50
2012.05.14 17:04:07.085,0.77886,0.77902,1.50,1.50
2012.05.14 17:04:07.597,0.77884,0.77902,1.50,1.50
2012.05.14 17:04:09.759,0.77885,0.77903,1.50,4.13
2012.05.14 17:04:10.307,0.77885,0.77901,1.50,1.50
2012.05.14 17:04:14.677,0.77885,0.77903,1.50,2.63
2012.05.14 17:04:15.297,0.77884,0.77902,1.50,1.50
2012.05.14 17:04:15.916,0.77885,0.77903,1.50,2.63
2012.05.14 17:04:45.244,0.77885,0.77903,2.25,1.88
2012.05.14 17:04:45.508,0.77888,0.77905,1.50,2.25
2012.05.14 17:04:45.838,0.77885,0.77903,1.69,3.00
2012.05.14 17:04:45.978,0.77884,0.77902,1.50,1.50
2012.05.14 17:04:46.258,0.77886,0.77902,1.50,1.50
2012.05.14 17:04:50.942,0.77886,0.77902,2.25,1.50
2012.05.14 17:04:59.185,0.77886,0.77902,2.25,1.50
2012.05.14 17:05:09.159,0.77886,0.77902,1.50,1.50
2012.05.14 17:05:10.045,0.77884,0.77902,1.50,1.50
2012.05.14 17:05:10.862,0.77885,0.77903,1.50,3.00
2012.05.14 17:05:11.487,0.77885,0.77901,1.50,1.50
2012.05.14 17:05:11.615,0.77885,0.77903,1.50,4.50
2012.05.14 17:05:12.452,0.77885,0.77903,2.25,3.00
2012.05.14 17:05:38.527,0.77884,0.77902,2.25,1.50
2012.05.14 17:05:39.219,0.77885,0.77903,2.25,3.00
2012.05.14 17:05:42.480,0.77888,0.77906,2.25,2.25
2012.05.14 17:05:43.087,0.7789,0.77907,3.75,1.88
2012.05.14 17:05:50.928,0.7789,0.77907,3.00,3.38
2012.05.14 17:05:51.246,0.7789,0.77905,2.25,2.25
2012.05.14 17:05:52.676,0.7789,0.77905,3.00,2.25
2012.05.14 17:05:53.008,0.7789,0.77906,2.25,2.25
2012.05.14 17:06:23.007,0.7789,0.77906,4.50,1.50
2012.05.14 17:06:23.209,0.77892,0.77906,1.50,1.50
2012.05.14 17:06:23.718,0.77891,0.77906,1.50,1.50
2012.05.14 17:06:24.519,0.77892,0.77906,1.50,1.50
2012.05.14 17:06:24.591,0.77893,0.77907,1.50,2.25
2012.05.14 17:06:24.993,0.77892,0.77908,1.50,1.50
2012.05.14 17:06:25.139,0.7789,0.77908,4.13,4.50
2012.05.14 17:06:26.688,0.7789,0.77907,2.25,3.00
2012.05.14 17:06:27.218,0.77891,0.77907,1.50,3.00
2012.05.14 17:06:27.768,0.7789,0.77906,3.75,2.25
2012.05.14 17:06:28.317,0.77891,0.77907,1.50,3.75
2012.05.14 17:06:28.843,0.7789,0.77906,3.75,2.25
2012.05.14 17:06:34.811,0.77891,0.77907,1.50,3.00
2012.05.14 17:06:36.165,0.7789,0.77906,3.75,2.25
2012.05.14 17:06:36.671,0.77891,0.77907,1.50,3.00
2012.05.14 17:06:37.206,0.7789,0.77906,3.75,2.25
2012.05.14 17:06:40.707,0.7789,0.77906,3.75,2.25
2012.05.14 17:06:51.318,0.77886,0.77902,1.50,2.25
2012.05.14 17:06:51.447,0.77885,0.77902,3.00,2.63
2012.05.14 17:06:51.679,0.77885,0.77898,2.25,1.50
2012.05.14 17:06:51.753,0.77883,0.77898,1.50,1.50
2012.05.14 17:06:52.840,0.77886,0.779,1.50,2.25
2012.05.14 17:06:52.909,0.77886,0.77902,4.50,2.63
2012.05.14 17:06:57.497,0.77887,0.77903,2.25,2.25
2012.05.14 17:06:57.637,0.77891,0.77905,2.25,2.25
2012.05.14 17:06:58.362,0.77891,0.77906,2.25,2.25
2012.05.14 17:07:01.369,0.77891,0.77906,2.25,2.25
2012.05.14 17:07:04.001,0.77891,0.77905,2.25,1.50
2012.05.14 17:07:04.207,0.77891,0.77905,2.25,2.25
2012.05.14 17:07:04.418,0.77886,0.77901,2.25,1.50
2012.05.14 17:07:06.247,0.77886,0.77901,2.25,1.88
2012.05.14 17:07:06.324,0.77881,0.77898,2.25,1.88
2012.05.14 17:07:06.866,0.77881,0.77897,2.25,1.50
2012.05.14 17:07:09.787,0.77883,0.77899,3.00,2.63
2012.05.14 17:07:10.308,0.77883,0.77896,1.50,1.50
2012.05.14 17:07:10.646,0.7788,0.77895,2.25,1.50
2012.05.14 17:07:11.397,0.7788,0.77896,3.75,2.25
2012.05.14 17:07:14.887,0.77881,0.77897,1.50,2.25
2012.05.14 17:07:14.960,0.77881,0.77897,2.25,2.25
2012.05.14 17:07:16.473,0.77884,0.77901,2.25,4.73
2012.05.14 17:07:16.552,0.77884,0.77901,1.50,4.13
2012.05.14 17:07:16.761,0.77884,0.77901,1.50,3.38
2012.05.14 17:07:17.291,0.77884,0.779,1.50,1.50
2012.05.14 17:07:22.749,0.77884,0.779,2.25,1.50
2012.05.14 17:07:23.088,0.77895,0.77901,1.50,2.63
2012.05.14 17:07:23.299,0.77895,0.77911,1.50,4.88
2012.05.14 17:07:23.861,0.77894,0.7791,1.50,1.50
2012.05.14 17:07:24.396,0.77894,0.77911,1.50,3.38
2012.05.14 17:07:27.385,0.77893,0.77911,2.25,4.88
2012.05.14 17:07:28.514,0.77893,0.77911,1.50,4.88
2012.05.14 17:07:32.627,0.77894,0.77911,1.50,3.38
2012.05.14 17:07:33.171,0.77893,0.77911,1.50,4.88
2012.05.14 17:07:37.167,0.77894,0.7791,1.50,2.25
2012.05.14 17:07:39.947,0.77894,0.77911,1.50,2.63
2012.05.14 17:07:40.184,0.77894,0.77911,2.25,2.63
2012.05.14 17:07:48.466,0.77893,0.77911,1.50,3.75
2012.05.14 17:07:48.677,0.77893,0.77911,2.25,4.50
2012.05.14 17:08:13.694,0.77893,0.77911,2.25,5.63
2012.05.14 17:08:13.968,0.77892,0.77908,1.50,1.50
2012.05.14 17:08:32.824,0.77893,0.77909,1.50,2.25
2012.05.14 17:08:34.004,0.77891,0.77909,4.13,2.25
2012.05.14 17:08:36.766,0.77892,0.7791,3.00,2.25
2012.05.14 17:08:50.886,0.77892,0.77908,3.00,1.50
2012.05.14 17:08:51.485,0.77892,0.7791,3.00,2.25
2012.05.14 17:09:14.075,0.77892,0.7791,3.38,1.50
2012.05.14 17:09:20.269,0.77892,0.77909,1.88,1.50
2012.05.14 17:09:20.870,0.77892,0.7791,3.38,1.50
2012.05.14 17:09:23.047,0.77892,0.77908,3.38,1.50
2012.05.14 17:09:23.115,0.77892,0.7791,3.38,3.00
2012.05.14 17:09:23.654,0.77893,0.77909,2.25,1.50
2012.05.14 17:09:36.961,0.77892,0.77909,1.13,1.50
2012.05.14 17:09:46.995,0.77892,0.7791,1.88,1.50
2012.05.14 17:09:47.205,0.77892,0.77908,1.88,1.50
2012.05.14 17:09:55.277,0.77892,0.77907,1.13,1.50
2012.05.14 17:09:55.796,0.77892,0.77908,1.13,1.50
2012.05.14 17:09:56.481,0.77892,0.77907,1.13,1.50
2012.05.14 17:10:13.374,0.77893,0.77909,1.50,2.25
2012.05.14 17:10:14.050,0.77892,0.77909,1.13,2.25
2012.05.14 17:10:25.996,0.77893,0.77909,1.50,2.25
2012.05.14 17:10:26.546,0.77892,0.77908,2.63,1.50
2012.05.14 17:10:31.101,0.77892,0.7791,2.63,2.25
2012.05.14 17:10:31.857,0.77892,0.77908,2.63,1.50
2012.05.14 17:10:33.674,0.77893,0.77909,1.50,2.25
2012.05.14 17:10:34.283,0.77892,0.77908,2.63,1.50
2012.05.14 17:10:37.476,0.77892,0.7791,2.63,2.25
2012.05.14 17:10:38.151,0.77892,0.77908,2.63,1.50
2012.05.14 17:10:39.469,0.77892,0.7791,2.63,3.75
2012.05.14 17:10:42.171,0.77893,0.77909,1.50,2.25
2012.05.14 17:10:42.714,0.77892,0.77909,1.13,2.25
2012.05.14 17:10:46.834,0.77893,0.77909,1.50,2.25
2012.05.14 17:10:47.572,0.77892,0.77908,2.63,1.50
2012.05.14 17:10:48.754,0.77893,0.77909,1.50,2.25
2012.05.14 17:10:49.583,0.77892,0.77908,2.63,1.50
2012.05.14 17:10:51.856,0.77893,0.77909,1.50,2.25
2012.05.14 17:10:52.665,0.77891,0.77909,4.88,1.50
2012.05.14 17:10:53.204,0.77893,0.77909,1.50,1.50
2012.05.14 17:10:53.868,0.77892,0.77908,1.88,1.50
2012.05.14 17:10:56.841,0.77892,0.7791,1.88,3.00
2012.05.14 17:10:57.937,0.77891,0.77909,3.38,1.50
2012.05.14 17:10:58.459,0.77893,0.77909,1.50,1.50
2012.05.14 17:10:59.266,0.77891,0.77909,3.38,1.50
2012.05.14 17:11:02.194,0.77892,0.7791,1.88,1.50
2012.05.14 17:11:03.206,0.77891,0.77909,3.38,1.50
2012.05.14 17:11:03.708,0.77892,0.7791,1.50,1.50
2012.05.14 17:11:04.293,0.77891,0.77909,3.38,1.50
2012.05.14 17:11:06.657,0.77892,0.7791,1.50,1.50
2012.05.14 17:11:07.764,0.77891,0.77909,3.38,1.50
2012.05.14 17:11:09.216,0.77892,0.7791,1.50,1.50
2012.05.14 17:11:09.688,0.77895,0.77911,1.50,3.75
2012.05.14 17:11:09.901,0.77896,0.77913,2.25,1.50
2012.05.14 17:11:10.040,0.77901,0.77913,2.25,1.50
2012.05.14 17:11:10.177,0.77901,0.77917,3.75,3.75
2012.05.14 17:11:17.209,0.77901,0.77917,2.25,3.00
2012.05.14 17:11:18.186,0.77901,0.77916,2.25,1.50
2012.05.14 17:11:18.757,0.77901,0.77917,2.25,1.50
2012.05.14 17:11:22.696,0.77901,0.77916,2.25,1.50
2012.05.14 17:11:23.727,0.77901,0.77916,2.25,3.60
2012.05.14 17:11:23.799,0.77896,0.77913,3.94,1.50
2012.05.14 17:11:28.869,0.77898,0.77914,1.50,1.50
2012.05.14 17:11:29.010,0.77896,0.77914,3.75,1.50
2012.05.14 17:11:52.256,0.77896,0.77913,3.75,1.50
2012.05.14 17:11:52.328,0.77896,0.77911,2.25,1.50
2012.05.14 17:11:52.847,0.77897,0.77915,1.50,6.75
2012.05.14 17:11:53.377,0.77896,0.77913,2.25,1.50
2012.05.14 17:11:58.368,0.77896,0.77913,2.25,2.25
2012.05.14 17:11:58.886,0.77896,0.77911,2.25,1.50
2012.05.14 17:11:59.405,0.77896,0.77912,3.75,1.50
2012.05.14 17:12:00.265,0.77896,0.77911,2.25,1.50
2012.05.14 17:12:00.881,0.77896,0.77912,3.75,1.50
2012.05.14 17:12:04.506,0.77896,0.77911,2.25,1.50
2012.05.14 17:12:05.198,0.77893,0.77911,6.38,1.50
2012.05.14 17:12:05.851,0.77894,0.77912,2.25,2.25
2012.05.14 17:12:06.710,0.77893,0.77911,5.63,1.50
2012.05.14 17:12:06.780,0.77893,0.77911,5.25,1.88
2012.05.14 17:12:06.919,0.77893,0.77907,3.00,1.50
2012.05.14 17:12:08.901,0.77891,0.77906,1.50,1.50
2012.05.14 17:12:08.969,0.7789,0.77899,3.75,2.25
2012.05.14 17:12:09.108,0.7789,0.77899,3.38,2.25
2012.05.14 17:12:12.086,0.77891,0.77907,2.25,1.50
2012.05.14 17:12:29.029,0.77891,0.77907,1.50,3.75
2012.05.14 17:12:29.097,0.77891,0.77903,1.50,3.00
2012.05.14 17:12:29.241,0.77883,0.77898,1.50,1.50
2012.05.14 17:12:29.751,0.77883,0.77897,1.13,2.25
2012.05.14 17:12:37.998,0.77883,0.77897,1.13,3.00
2012.05.14 17:12:38.070,0.77882,0.77892,1.50,2.25
2012.05.14 17:12:38.139,0.7788,0.77892,2.25,2.25
2012.05.14 17:12:38.421,0.77883,0.77898,1.50,3.00
2012.05.14 17:12:38.638,0.77885,0.77898,1.50,3.00
2012.05.14 17:12:39.218,0.77884,0.77898,1.50,2.25
2012.05.14 17:12:42.277,0.77884,0.77892,1.50,2.25
2012.05.14 17:12:42.607,0.77881,0.77892,1.13,2.25
2012.05.14 17:12:42.678,0.77879,0.77892,3.00,2.25
2012.05.14 17:12:51.989,0.77878,0.77891,1.50,1.50
2012.05.14 17:12:52.237,0.77876,0.77891,3.00,1.50
2012.05.14 17:12:53.305,0.77876,0.77892,3.00,2.25
2012.05.14 17:12:56.842,0.77876,0.77892,2.25,3.00
2012.05.14 17:12:56.922,0.77876,0.77888,2.25,2.25
2012.05.14 17:12:57.211,0.77871,0.77888,1.65,3.75
2012.05.14 17:12:57.512,0.7787,0.77888,1.65,4.50
2012.05.14 17:12:57.870,0.77867,0.77885,2.40,4.88
2012.05.14 17:12:58.218,0.77865,0.77881,2.59,1.50
2012.05.14 17:12:58.719,0.77866,0.77882,2.40,1.50
2012.05.14 17:12:59.281,0.77866,0.77882,2.40,1.50
2012.05.14 17:13:02.007,0.77866,0.77882,2.40,1.50
2012.05.14 17:13:03.517,0.77866,0.77882,2.40,1.50
2012.05.14 17:13:09.029,0.77865,0.77883,2.40,1.50
2012.05.14 17:13:12.729,0.77865,0.77882,2.40,1.13
2012.05.14 17:13:13.067,0.77864,0.77881,1.50,1.50
2012.05.14 17:13:13.800,0.77863,0.77881,2.25,1.50
2012.05.14 17:13:15.639,0.77863,0.77881,3.00,1.50
2012.05.14 17:13:16.197,0.77866,0.77882,2.25,2.63
2012.05.14 17:13:22.547,0.77865,0.77881,2.25,1.50
2012.05.14 17:13:23.086,0.77865,0.77881,1.50,1.50
2012.05.14 17:13:25.668,0.77863,0.77879,2.25,1.50
2012.05.14 17:13:25.997,0.77862,0.77877,3.00,2.25
2012.05.14 17:13:26.516,0.7786,0.77876,2.25,1.50
2012.05.14 17:13:26.939,0.77858,0.77875,2.25,1.50
2012.05.14 17:13:27.500,0.77857,0.77874,1.50,3.38
2012.05.14 17:13:27.573,0.77856,0.77869,1.69,1.50
2012.05.14 17:13:28.127,0.77852,0.7787,3.75,1.50
2012.05.14 17:13:28.780,0.77853,0.77871,2.25,1.50
2012.05.14 17:13:36.410,0.77852,0.7787,3.00,1.50
2012.05.14 17:13:36.479,0.77852,0.7787,2.25,1.50
2012.05.14 17:13:36.980,0.77853,0.77871,1.50,3.00
2012.05.14 17:13:37.453,0.77852,0.77868,1.50,1.50
2012.05.14 17:13:37.809,0.77851,0.77865,2.25,1.50
2012.05.14 17:13:37.881,0.77852,0.77868,3.75,1.50
2012.05.14 17:13:38.027,0.77855,0.77872,2.25,1.88
2012.05.14 17:13:38.101,0.77851,0.77867,2.25,1.50
2012.05.14 17:13:38.313,0.77849,0.77867,3.00,2.25
2012.05.14 17:13:38.462,0.77849,0.77867,3.00,2.25
2012.05.14 17:13:38.808,0.77846,0.77863,1.35,1.50
2012.05.14 17:13:40.790,0.77845,0.77861,3.00,1.50
2012.05.14 17:13:41.373,0.77846,0.77862,2.25,1.50
2012.05.14 17:13:41.885,0.77845,0.77863,2.25,1.88
2012.05.14 17:13:42.189,0.77845,0.77861,2.25,1.50
2012.05.14 17:13:42.880,0.77848,0.77864,1.50,2.63
2012.05.14 17:13:43.438,0.77848,0.77864,3.75,1.50
2012.05.14 17:13:43.709,0.77849,0.77867,1.50,4.50
2012.05.14 17:13:45.513,0.77849,0.77867,2.25,3.75
2012.05.14 17:13:50.217,0.77849,0.77867,1.50,4.13
2012.05.14 17:13:50.289,0.77848,0.77864,4.50,1.50
2012.05.14 17:13:50.597,0.77848,0.77866,4.50,1.50
2012.05.14 17:13:51.969,0.77848,0.77866,5.25,1.50
2012.05.14 17:13:52.518,0.77849,0.77867,2.25,3.75
2012.05.14 17:13:55.459,0.77854,0.77867,1.50,2.25
2012.05.14 17:13:55.968,0.77853,0.77867,2.25,2.25
2012.05.14 17:14:00.899,0.77856,0.77872,2.25,3.38
2012.05.14 17:14:01.038,0.77858,0.77872,2.25,1.13
2012.05.14 17:14:01.180,0.77858,0.77876,3.75,3.38
2012.05.14 17:14:01.960,0.7786,0.77876,1.50,1.13
2012.05.14 17:14:02.508,0.77859,0.77877,1.50,4.13
2012.05.14 17:14:03.073,0.77859,0.77877,1.88,3.75
2012.05.14 17:14:03.610,0.77859,0.77875,1.88,2.25
2012.05.14 17:14:04.131,0.77858,0.77875,2.25,2.25
2012.05.14 17:14:06.519,0.77858,0.77874,1.50,1.50
2012.05.14 17:14:07.060,0.77859,0.77875,1.50,3.75
2012.05.14 17:14:07.438,0.77857,0.77873,3.00,1.50
2012.05.14 17:14:08.099,0.77858,0.77874,1.50,1.50
2012.05.14 17:14:09.027,0.77858,0.77871,1.50,2.25
2012.05.14 17:14:09.585,0.77857,0.77871,3.00,2.25
2012.05.14 17:14:19.070,0.77855,0.77871,3.00,2.25
2012.05.14 17:14:19.210,0.77855,0.77871,2.25,2.63
2012.05.14 17:14:19.630,0.77853,0.77868,1.50,1.50
2012.05.14 17:14:19.700,0.7785,0.77868,5.25,1.50
2012.05.14 17:14:20.249,0.77851,0.77867,2.25,1.50
2012.05.14 17:14:22.377,0.77852,0.77868,1.50,1.50
2012.05.14 17:14:23.737,0.77851,0.77867,1.50,1.50
2012.05.14 17:14:23.809,0.77851,0.77861,1.50,2.25
2012.05.14 17:14:24.339,0.77851,0.77868,2.25,3.75
2012.05.14 17:14:24.989,0.77852,0.77868,2.25,2.25
2012.05.14 17:14:26.696,0.77852,0.77868,2.25,2.25
2012.05.14 17:14:27.264,0.77858,0.77868,1.50,2.25
2012.05.14 17:14:27.410,0.77858,0.7787,2.25,2.25
2012.05.14 17:14:27.959,0.77857,0.7787,2.25,2.25
2012.05.14 17:14:29.897,0.77856,0.7787,3.00,2.25
2012.05.14 17:14:31.195,0.77856,0.7787,3.00,2.25
2012.05.14 17:14:38.768,0.77858,0.7787,1.50,2.25
2012.05.14 17:14:39.325,0.77856,0.7787,1.50,2.25
2012.05.14 17:14:43.475,0.77856,0.7787,3.00,2.25
2012.05.14 17:14:44.548,0.77856,0.7787,4.50,2.25
2012.05.14 17:14:45.126,0.77858,0.7787,1.50,2.25
2012.05.14 17:14:46.643,0.77857,0.7787,1.50,2.25
2012.05.14 17:14:46.978,0.77857,0.7787,1.50,2.25
2012.05.14 17:14:55.476,0.77856,0.7787,3.00,2.25
2012.05.14 17:14:56.329,0.77857,0.7787,1.50,2.25
2012.05.14 17:14:56.964,0.77856,0.7787,3.00,2.25
2012.05.14 17:14:57.552,0.77856,0.7787,3.75,2.25
2012.05.14 17:14:58.739,0.77857,0.7787,1.50,2.25
2012.05.14 17:15:01.602,0.77857,0.7787,3.00,2.25
2012.05.14 17:15:05.476,0.77859,0.7787,1.50,2.25
2012.05.14 17:15:05.836,0.77857,0.7787,3.00,2.25
2012.05.14 17:15:07.738,0.77858,0.7787,1.50,2.25
2012.05.14 17:15:10.777,0.77859,0.7787,1.50,2.25
2012.05.14 17:15:11.313,0.77857,0.7787,3.00,2.25
2012.05.14 17:15:14.058,0.77858,0.7787,3.75,2.25
2012.05.14 17:15:14.388,0.77863,0.7787,2.25,2.25
2012.05.14 17:15:15.518,0.77863,0.7787,1.50,2.25
2012.05.14 17:15:27.366,0.77861,0.7787,2.25,2.25
2012.05.14 17:15:27.926,0.77861,0.7787,1.50,2.25
2012.05.14 17:15:29.409,0.77861,0.7787,2.25,2.25
2012.05.14 17:15:31.489,0.77863,0.7787,1.50,2.25
2012.05.14 17:15:36.302,0.77861,0.7787,2.25,2.25
2012.05.14 17:15:36.747,0.77862,0.7787,1.50,2.25
2012.05.14 17:15:40.297,0.77861,0.7787,2.25,2.25
2012.05.14 17:15:42.878,0.77861,0.7787,3.75,2.25
2012.05.14 17:15:43.872,0.77861,0.7787,2.25,2.25
2012.05.14 17:15:46.668,0.77862,0.7787,1.50,2.25
2012.05.14 17:15:49.378,0.77861,0.7787,2.25,2.25
2012.05.14 17:15:58.958,0.7786,0.7787,3.38,2.25
2012.05.14 17:15:59.508,0.77857,0.7787,1.50,2.25
2012.05.14 17:16:14.566,0.77857,0.7787,1.50,2.63
2012.05.14 17:16:14.703,0.77858,0.77867,2.25,1.05
2012.05.14 17:16:15.063,0.77853,0.7786,1.50,2.25
2012.05.14 17:16:15.212,0.7785,0.7786,1.50,2.25
2012.05.14 17:16:16.141,0.77852,0.7786,1.50,2.25
2012.05.14 17:16:22.249,0.77851,0.7786,2.25,2.25
2012.05.14 17:16:22.389,0.77851,0.77855,1.50,2.25
2012.05.14 17:16:22.599,0.77852,0.77861,2.25,2.25
2012.05.14 17:16:23.154,0.77852,0.77861,1.50,2.25
2012.05.14 17:16:23.576,0.77851,0.77856,3.75,2.25
2012.05.14 17:16:23.932,0.77851,0.77864,1.50,1.50
2012.05.14 17:16:24.005,0.77854,0.77864,1.13,1.50
2012.05.14 17:16:24.154,0.77857,0.7787,2.25,2.25
2012.05.14 17:16:24.373,0.77857,0.77861,1.50,2.25
2012.05.14 17:16:24.525,0.77856,0.77871,1.50,2.25
2012.05.14 17:16:24.603,0.77856,0.77869,3.00,1.50
2012.05.14 17:16:24.678,0.77856,0.77871,3.00,2.25
2012.05.14 17:16:24.883,0.77856,0.77869,1.50,2.25
2012.05.14 17:16:26.741,0.77856,0.77866,1.50,1.50
2012.05.14 17:16:26.811,0.77849,0.77863,1.88,1.50
2012.05.14 17:16:26.880,0.77849,0.77856,1.88,2.25
2012.05.14 17:16:28.121,0.77848,0.77856,2.63,2.25
2012.05.14 17:16:28.684,0.77848,0.77856,3.38,2.25
2012.05.14 17:16:29.012,0.77849,0.77856,1.50,2.25
2012.05.14 17:16:29.593,0.77849,0.7786,3.75,2.25
2012.05.14 17:16:44.136,0.77848,0.77855,3.00,2.25
2012.05.14 17:16:44.281,0.77848,0.77855,2.25,2.25
2012.05.14 17:16:44.658,0.77846,0.77855,3.00,2.25
2012.05.14 17:16:58.759,0.77845,0.77855,2.25,2.25
2012.05.14 17:16:58.961,0.77843,0.77855,3.75,2.25
2012.05.14 17:16:59.101,0.77843,0.77851,1.50,2.25
2012.05.14 17:16:59.571,0.77838,0.77851,1.50,2.25
2012.05.14 17:16:59.640,0.77836,0.77848,1.50,1.50
2012.05.14 17:17:01.132,0.77834,0.77848,2.25,2.25
2012.05.14 17:17:01.411,0.77832,0.77848,2.25,2.25
2012.05.14 17:17:01.959,0.77833,0.77848,1.50,2.25
2012.05.14 17:17:02.468,0.77832,0.77848,2.25,3.75
2012.05.14 17:17:05.903,0.7783,0.77841,3.60,2.25
2012.05.14 17:17:07.493,0.77831,0.77841,3.00,1.50
2012.05.14 17:17:07.922,0.77832,0.77848,1.50,1.50
2012.05.14 17:17:08.678,0.77834,0.77848,1.50,1.50
2012.05.14 17:17:10.258,0.77832,0.77848,1.50,2.25
2012.05.14 17:17:10.449,0.77834,0.77848,1.50,2.25
2012.05.14 17:17:10.957,0.77835,0.77848,1.50,2.25
2012.05.14 17:17:11.565,0.77834,0.77848,1.50,2.25
2012.05.14 17:17:11.909,0.77836,0.77848,1.50,2.25
2012.05.14 17:17:15.617,0.77833,0.77848,1.50,2.25
2012.05.14 17:17:16.200,0.77833,0.77848,1.50,3.00
2012.05.14 17:17:16.551,0.77832,0.77839,1.50,2.25
2012.05.14 17:17:16.625,0.77833,0.77848,1.50,2.25
2012.05.14 17:17:16.771,0.77832,0.7784,3.00,2.25
2012.05.14 17:17:17.118,0.77827,0.77836,2.25,2.25
2012.05.14 17:17:19.430,0.77826,0.77836,3.00,3.00
2012.05.14 17:17:19.501,0.77824,0.77836,1.50,3.00
2012.05.14 17:17:19.574,0.77822,0.77831,2.25,2.25
2012.05.14 17:17:20.491,0.77821,0.77831,2.25,2.25
2012.05.14 17:17:20.701,0.77826,0.77835,2.25,2.25
2012.05.14 17:17:21.648,0.77828,0.77835,1.50,2.25
2012.05.14 17:17:28.671,0.77827,0.77835,1.50,2.25
2012.05.14 17:17:29.909,0.77826,0.77835,2.25,2.25
2012.05.14 17:17:35.413,0.77826,0.77835,1.50,3.00
2012.05.14 17:17:35.773,0.77823,0.77831,1.50,2.25
2012.05.14 17:17:36.344,0.7782,0.77831,3.00,2.25
2012.05.14 17:17:36.981,0.77822,0.77831,1.50,2.25
2012.05.14 17:17:37.333,0.77816,0.7783,1.50,1.50
2012.05.14 17:17:37.410,0.77816,0.7783,1.50,1.50
2012.05.14 17:17:38.150,0.77815,0.77828,1.50,3.00
2012.05.14 17:17:41.750,0.77813,0.77828,1.50,3.00
2012.05.14 17:17:43.183,0.77814,0.77828,1.50,3.00
2012.05.14 17:17:43.730,0.77813,0.77828,1.50,3.00
2012.05.14 17:17:44.720,0.77814,0.77828,2.25,3.00
2012.05.14 17:17:45.022,0.77814,0.77828,1.50,2.25
2012.05.14 17:17:45.557,0.77813,0.77828,1.50,2.25
2012.05.14 17:17:46.089,0.77814,0.77828,1.50,2.25
2012.05.14 17:17:46.491,0.77815,0.77828,2.25,2.25
2012.05.14 17:17:47.046,0.77815,0.77828,1.50,3.00
2012.05.14 17:17:47.578,0.77814,0.77828,1.50,3.00
2012.05.14 17:17:50.408,0.77815,0.77828,1.50,3.00
2012.05.14 17:17:54.178,0.77813,0.77828,3.00,3.00
2012.05.14 17:17:54.948,0.77815,0.77828,1.50,3.00
2012.05.14 17:17:55.506,0.77814,0.77828,1.50,3.00
2012.05.14 17:17:56.277,0.77813,0.77828,1.50,3.00
2012.05.14 17:17:56.818,0.77814,0.77828,1.50,3.00
2012.05.14 17:18:00.534,0.77815,0.77828,1.50,3.00
2012.05.14 17:18:04.441,0.77815,0.77828,1.50,3.38
2012.05.14 17:18:04.797,0.77818,0.7783,1.50,3.19
2012.05.14 17:18:04.871,0.77818,0.7783,1.50,2.25
2012.05.14 17:18:06.140,0.77821,0.7783,1.50,2.25
2012.05.14 17:18:06.210,0.77819,0.7783,1.50,2.25
2012.05.14 17:18:06.514,0.77819,0.7783,1.50,3.00
2012.05.14 17:18:06.661,0.77814,0.77829,1.50,3.00
2012.05.14 17:18:07.541,0.77814,0.7782,1.50,2.25
2012.05.14 17:18:07.687,0.77806,0.77818,3.00,2.25
2012.05.14 17:18:07.972,0.77807,0.7782,1.50,2.25
2012.05.14 17:18:08.616,0.77807,0.7782,1.50,3.00
2012.05.14 17:18:09.212,0.77807,0.7782,1.50,3.00
2012.05.14 17:18:09.994,0.77807,0.7782,1.50,3.75
2012.05.14 17:18:10.071,0.77805,0.77815,1.50,2.25
2012.05.14 17:18:10.283,0.77803,0.77815,2.25,2.25
2012.05.14 17:18:10.362,0.77802,0.7781,3.00,2.25
2012.05.14 17:18:14.000,0.778,0.7781,3.75,2.25
2012.05.14 17:18:14.419,0.778,0.77813,2.25,2.25
2012.05.14 17:18:14.962,0.77801,0.77813,1.50,2.25
2012.05.14 17:18:15.032,0.77803,0.77818,1.50,3.75
2012.05.14 17:18:16.052,0.77802,0.77812,2.25,2.25
2012.05.14 17:18:16.121,0.77798,0.77812,3.34,2.25
2012.05.14 17:18:16.261,0.77798,0.7781,1.84,1.50
2012.05.14 17:18:16.608,0.77797,0.77813,1.65,3.00
2012.05.14 17:18:17.140,0.77797,0.77813,1.50,4.50
2012.05.14 17:18:17.489,0.77797,0.77811,1.50,3.75
2012.05.14 17:18:17.749,0.77794,0.77809,1.50,2.25
2012.05.14 17:18:17.825,0.77792,0.77809,1.50,2.25
2012.05.14 17:18:19.063,0.77796,0.77811,2.25,5.25
2012.05.14 17:18:19.420,0.778,0.77811,1.50,1.50
2012.05.14 17:18:19.771,0.77796,0.7781,2.25,3.75
2012.05.14 17:18:19.914,0.77797,0.77813,1.50,3.75
2012.05.14 17:18:19.994,0.778,0.77813,1.50,3.00
2012.05.14 17:18:21.034,0.77799,0.77813,2.25,3.00
2012.05.14 17:18:21.602,0.77798,0.77813,1.50,3.00
2012.05.14 17:18:23.521,0.778,0.77813,1.50,3.00
2012.05.14 17:18:24.258,0.77799,0.77813,2.25,3.00
2012.05.14 17:18:24.788,0.778,0.77813,1.50,2.25
2012.05.14 17:18:25.308,0.77799,0.77813,2.25,2.25
2012.05.14 17:18:27.212,0.77797,0.77812,1.50,1.50
2012.05.14 17:18:27.281,0.77796,0.77807,1.50,2.25
2012.05.14 17:18:28.173,0.77796,0.77807,2.25,2.25
2012.05.14 17:18:28.533,0.77797,0.77807,2.25,2.25
2012.05.14 17:18:28.611,0.77798,0.77812,1.50,2.25
2012.05.14 17:18:28.943,0.778,0.77812,1.50,2.25
2012.05.14 17:18:29.300,0.77802,0.77812,3.00,2.25
2012.05.14 17:18:32.558,0.77802,0.77812,2.25,2.25
2012.05.14 17:18:33.091,0.778,0.77812,2.25,2.25
2012.05.14 17:18:33.158,0.778,0.77812,2.25,2.25
2012.05.14 17:18:35.158,0.77802,0.77812,1.50,2.25
2012.05.14 17:18:35.513,0.77807,0.77812,1.50,2.25
2012.05.14 17:18:36.071,0.77807,0.77813,1.50,1.50
2012.05.14 17:18:36.618,0.77807,0.77813,1.50,1.50
2012.05.14 17:18:37.168,0.77807,0.77812,1.50,2.25
2012.05.14 17:18:37.709,0.77807,0.77812,1.50,2.25
2012.05.14 17:18:43.020,0.77802,0.77812,2.25,3.00
2012.05.14 17:18:43.368,0.77804,0.77813,1.50,2.25
2012.05.14 17:18:45.210,0.77805,0.77813,1.50,2.25
2012.05.14 17:18:45.283,0.77805,0.7782,1.50,3.75
2012.05.14 17:18:45.509,0.77808,0.77822,1.50,2.25
2012.05.14 17:18:45.858,0.7781,0.77822,1.50,2.25
2012.05.14 17:18:45.989,0.77808,0.77822,1.50,2.25
2012.05.14 17:18:47.520,0.77808,0.77813,1.50,2.25
2012.05.14 17:18:47.664,0.77802,0.77813,3.27,2.25
2012.05.14 17:18:47.871,0.77802,0.77813,2.25,2.25
2012.05.14 17:18:59.955,0.77802,0.77813,2.25,2.25
2012.05.14 17:19:03.247,0.77801,0.77813,3.75,2.25
2012.05.14 17:19:05.240,0.77802,0.77813,1.50,2.25
2012.05.14 17:19:05.311,0.77803,0.77813,1.50,2.25
2012.05.14 17:19:10.363,0.77802,0.77813,1.50,2.25
2012.05.14 17:19:16.060,0.77801,0.77813,1.50,3.00
2012.05.14 17:19:16.587,0.778,0.77813,2.25,3.00
2012.05.14 17:19:17.771,0.77798,0.77813,1.50,3.00
2012.05.14 17:19:18.121,0.77796,0.77813,2.44,3.00
2012.05.14 17:19:18.260,0.77798,0.77813,2.25,2.25
2012.05.14 17:19:18.404,0.77802,0.77813,1.13,2.25
2012.05.14 17:19:18.550,0.77804,0.77813,2.25,2.25
2012.05.14 17:19:18.828,0.77805,0.7782,2.25,1.50
2012.05.14 17:19:25.941,0.77805,0.7782,2.63,1.50
2012.05.14 17:19:28.871,0.77806,0.7782,1.73,1.50
2012.05.14 17:19:29.081,0.77811,0.77823,1.13,4.50
2012.05.14 17:19:29.287,0.77814,0.77823,1.50,3.00
2012.05.14 17:19:29.554,0.77816,0.77828,1.13,3.00
2012.05.14 17:19:29.770,0.77819,0.77828,1.50,3.00
2012.05.14 17:19:29.846,0.77819,0.77832,1.50,2.25
2012.05.14 17:19:29.989,0.77817,0.77832,1.50,2.25
2012.05.14 17:19:30.379,0.7782,0.77832,1.50,2.25
2012.05.14 17:19:30.948,0.77819,0.77832,1.50,2.25
2012.05.14 17:19:31.300,0.77817,0.77832,1.50,2.25
2012.05.14 17:19:31.832,0.77818,0.77832,1.50,2.25
2012.05.14 17:19:33.291,0.77817,0.77832,1.50,2.25
2012.05.14 17:19:34.938,0.77818,0.77832,1.50,2.25
2012.05.14 17:19:37.790,0.77817,0.77832,1.50,2.25
2012.05.14 17:19:38.450,0.77817,0.77832,1.50,3.00
2012.05.14 17:19:38.802,0.77811,0.77823,1.69,2.25
2012.05.14 17:19:38.939,0.77811,0.77823,1.50,2.25
2012.05.14 17:19:39.288,0.77809,0.77823,3.75,2.25
2012.05.14 17:19:41.414,0.77813,0.77823,1.50,3.00
2012.05.14 17:19:41.631,0.77813,0.77827,2.25,2.25
2012.05.14 17:19:41.703,0.77815,0.77827,1.50,2.25
2012.05.14 17:19:42.393,0.77813,0.77827,3.00,2.25
2012.05.14 17:19:44.429,0.77813,0.77827,3.75,2.25
2012.05.14 17:19:44.499,0.77816,0.77827,2.25,2.25
2012.05.14 17:19:44.642,0.77816,0.77833,2.25,2.25
2012.05.14 17:19:44.850,0.77816,0.77827,1.50,2.25
2012.05.14 17:19:45.400,0.77815,0.77827,1.50,2.25
2012.05.14 17:19:45.734,0.77815,0.77822,1.50,2.25
2012.05.14 17:19:46.322,0.77812,0.77822,1.50,2.25
2012.05.14 17:19:46.391,0.7781,0.77822,1.50,2.25
2012.05.14 17:19:48.821,0.7781,0.77822,2.25,2.25
2012.05.14 17:19:49.970,0.7781,0.77822,2.25,2.25
2012.05.14 17:19:50.653,0.77811,0.77822,1.50,2.25
2012.05.14 17:19:54.750,0.77812,0.77828,1.13,1.50
2012.05.14 17:19:55.220,0.77814,0.7783,1.50,3.75
2012.05.14 17:19:55.709,0.77813,0.77823,1.50,2.25
2012.05.14 17:19:56.327,0.77812,0.77823,2.25,2.25
2012.05.14 17:19:56.679,0.77806,0.77818,2.25,2.25
2012.05.14 17:19:57.028,0.77806,0.77818,2.25,2.25
2012.05.14 17:19:58.286,0.77804,0.77818,2.52,2.25
2012.05.14 17:19:58.362,0.77804,0.77812,2.52,2.25
2012.05.14 17:19:58.901,0.77803,0.77812,1.13,2.25
2012.05.14 17:20:01.356,0.77802,0.77807,1.50,2.25
2012.05.14 17:20:01.934,0.77799,0.77803,1.50,2.25
2012.05.14 17:20:02.152,0.77794,0.77803,1.50,2.25
2012.05.14 17:20:02.505,0.77792,0.77803,1.50,2.25
2012.05.14 17:20:04.932,0.77792,0.77803,3.38,2.25
2012.05.14 17:20:06.687,0.77792,0.77803,2.63,2.25
2012.05.14 17:20:07.030,0.77792,0.77803,3.38,2.25
2012.05.14 17:20:07.460,0.77792,0.77803,3.38,2.25
2012.05.14 17:20:07.670,0.77792,0.77803,3.38,2.25
2012.05.14 17:20:13.135,0.77793,0.77803,1.50,2.25
2012.05.14 17:20:13.481,0.77792,0.77803,4.13,2.25
2012.05.14 17:20:13.743,0.77792,0.77803,3.38,2.25
2012.05.14 17:20:14.607,0.77792,0.77803,4.13,2.25
2012.05.14 17:20:16.969,0.77792,0.77803,1.50,2.25
2012.05.14 17:20:17.487,0.77791,0.77803,3.00,2.25
2012.05.14 17:20:19.259,0.77791,0.77807,5.25,3.75
2012.05.14 17:20:19.331,0.77795,0.77807,2.25,2.25
2012.05.14 17:20:25.290,0.77795,0.77811,3.75,1.50
2012.05.14 17:20:25.652,0.77798,0.77812,1.50,2.25
2012.05.14 17:20:26.190,0.77799,0.77812,1.50,2.25
2012.05.14 17:20:26.450,0.77797,0.77812,1.50,2.25
2012.05.14 17:20:26.520,0.77795,0.77808,5.25,2.25
2012.05.14 17:20:27.230,0.77795,0.77808,3.00,2.25
2012.05.14 17:20:34.531,0.77795,0.77808,3.00,2.25
2012.05.14 17:20:34.860,0.778,0.77813,1.50,2.25
2012.05.14 17:20:35.378,0.77799,0.77813,1.50,2.25
2012.05.14 17:20:36.059,0.77799,0.77807,1.50,2.25
2012.05.14 17:20:36.188,0.77796,0.77807,2.25,2.25
2012.05.14 17:20:37.610,0.77798,0.77807,1.50,2.25
2012.05.14 17:20:37.753,0.77799,0.77813,1.50,3.00
2012.05.14 17:20:38.325,0.77798,0.77813,1.50,3.00
2012.05.14 17:20:38.822,0.778,0.77813,1.50,3.00
2012.05.14 17:20:39.372,0.77799,0.77813,1.50,3.00
2012.05.14 17:20:44.798,0.77798,0.77813,1.50,3.00
2012.05.14 17:20:45.347,0.778,0.77813,1.50,3.00
2012.05.14 17:20:47.012,0.77799,0.77813,1.50,3.00
2012.05.14 17:20:47.614,0.778,0.77813,1.50,3.00
2012.05.14 17:20:48.953,0.778,0.77813,2.25,3.00
2012.05.14 17:20:50.497,0.778,0.77813,1.50,3.00
2012.05.14 17:20:59.281,0.77801,0.77813,2.25,2.25
2012.05.14 17:20:59.351,0.77803,0.77813,1.50,2.25
2012.05.14 17:20:59.843,0.77803,0.77813,2.25,3.00
2012.05.14 17:21:00.000,0.77804,0.77817,1.13,3.00
2012.05.14 17:21:00.072,0.77807,0.77817,1.50,2.25
2012.05.14 17:21:00.599,0.77806,0.77817,1.88,2.25
2012.05.14 17:21:02.529,0.77806,0.77817,3.38,2.25
2012.05.14 17:21:13.468,0.77806,0.77817,1.88,2.25
2012.05.14 17:21:16.310,0.77804,0.77817,1.13,2.25
2012.05.14 17:21:16.650,0.77804,0.77813,1.50,2.25
2012.05.14 17:21:16.793,0.77805,0.77818,1.88,2.25
2012.05.14 17:21:17.328,0.77805,0.77818,1.88,2.25
2012.05.14 17:21:26.201,0.77808,0.77818,2.63,2.25
2012.05.14 17:21:26.567,0.7781,0.77823,1.13,3.00
2012.05.14 17:21:29.683,0.7781,0.77823,4.13,2.25
2012.05.14 17:21:30.248,0.77812,0.77823,1.50,2.25
2012.05.14 17:21:30.924,0.77811,0.77823,2.25,2.25
2012.05.14 17:21:37.319,0.7781,0.77823,5.63,2.25
2012.05.14 17:21:39.491,0.77812,0.77823,1.50,2.25
2012.05.14 17:21:40.063,0.77811,0.77823,1.50,2.25
2012.05.14 17:21:40.661,0.7781,0.77823,1.88,2.25
2012.05.14 17:21:41.009,0.77806,0.77817,2.63,2.25
2012.05.14 17:22:13.589,0.77809,0.77817,2.25,2.25
2012.05.14 17:22:13.931,0.77813,0.77823,1.50,2.25
2012.05.14 17:22:14.269,0.77815,0.77823,1.50,2.25
2012.05.14 17:22:15.803,0.77815,0.77823,3.00,2.25
2012.05.14 17:22:15.952,0.77817,0.7783,1.50,2.25
2012.05.14 17:22:16.488,0.77816,0.7783,1.50,2.25
2012.05.14 17:22:26.598,0.77816,0.77823,1.50,2.25
2012.05.14 17:22:27.128,0.77813,0.77823,2.63,2.25
2012.05.14 17:22:29.838,0.77812,0.77823,4.50,2.25
2012.05.14 17:22:30.783,0.77812,0.77828,3.75,1.50
2012.05.14 17:22:30.864,0.77815,0.7783,1.50,2.25
2012.05.14 17:22:31.360,0.77817,0.7783,1.50,2.25
2012.05.14 17:22:31.432,0.77815,0.7783,1.50,2.25
2012.05.14 17:22:32.550,0.77817,0.7783,1.50,2.25
2012.05.14 17:22:32.622,0.77815,0.7783,1.50,2.25
2012.05.14 17:22:36.739,0.77815,0.77833,2.25,5.25
2012.05.14 17:22:36.811,0.77819,0.77833,1.50,3.00
2012.05.14 17:22:43.168,0.77818,0.77833,1.50,2.25
2012.05.14 17:22:43.679,0.77817,0.77833,1.50,2.25
2012.05.14 17:22:43.983,0.77819,0.77833,1.50,2.25
2012.05.14 17:22:45.939,0.77818,0.77833,1.50,2.25
2012.05.14 17:22:46.616,0.77819,0.77833,1.50,2.25
2012.05.14 17:22:56.210,0.77817,0.77833,1.50,2.25
2012.05.14 17:22:57.100,0.77819,0.77833,1.50,2.25
2012.05.14 17:23:00.787,0.7782,0.77833,1.50,2.25
2012.05.14 17:23:01.376,0.77819,0.77833,1.50,2.25
2012.05.14 17:23:05.669,0.77818,0.77833,3.00,2.25
2012.05.14 17:23:06.941,0.77816,0.77833,1.50,3.00
2012.05.14 17:23:07.282,0.77816,0.77827,1.50,2.25
2012.05.14 17:23:07.351,0.77816,0.77833,1.50,3.00
2012.05.14 17:23:07.549,0.77818,0.77827,1.50,2.25
2012.05.14 17:23:07.762,0.77818,0.77832,1.50,3.00
2012.05.14 17:23:08.223,0.77818,0.77832,3.00,3.00
2012.05.14 17:23:08.440,0.77815,0.77827,2.44,2.25
2012.05.14 17:23:08.581,0.77818,0.77832,1.50,2.25
2012.05.14 17:23:08.710,0.77818,0.77832,1.50,3.00
2012.05.14 17:23:09.099,0.77814,0.77828,3.75,3.00
2012.05.14 17:23:10.547,0.77814,0.77828,3.00,3.00
2012.05.14 17:23:12.807,0.77817,0.77828,1.50,3.00
2012.05.14 17:23:13.018,0.77815,0.77828,3.00,3.00
2012.05.14 17:23:31.601,0.77816,0.77828,1.50,3.00
2012.05.14 17:23:32.232,0.77815,0.77828,2.25,3.00
2012.05.14 17:23:33.891,0.77813,0.77828,2.25,3.00
2012.05.14 17:23:34.419,0.77816,0.77828,1.50,3.00
2012.05.14 17:23:35.339,0.77814,0.77828,1.50,3.00
2012.05.14 17:23:35.953,0.77815,0.77828,1.50,3.00
2012.05.14 17:23:43.804,0.77815,0.77828,2.25,3.00
2012.05.14 17:23:44.092,0.77826,0.77837,1.50,2.25
2012.05.14 17:23:44.842,0.77823,0.77837,3.75,2.25
2012.05.14 17:23:47.571,0.77819,0.77832,4.50,2.25
2012.05.14 17:23:47.709,0.77818,0.77832,1.50,2.25
2012.05.14 17:23:48.109,0.7782,0.77832,1.50,2.25
2012.05.14 17:23:48.660,0.77819,0.77832,1.50,2.25
2012.05.14 17:23:52.310,0.77821,0.77832,1.50,2.25
2012.05.14 17:23:52.867,0.7782,0.77832,1.50,2.25
2012.05.14 17:23:53.253,0.77822,0.77832,1.50,2.25
2012.05.14 17:23:53.680,0.7782,0.77832,2.25,2.25
2012.05.14 17:23:54.181,0.77822,0.77832,1.50,2.25
2012.05.14 17:23:54.252,0.7782,0.77832,2.25,2.25
2012.05.14 17:23:56.072,0.77824,0.77832,1.50,2.25
2012.05.14 17:23:56.143,0.77824,0.77838,1.50,3.75
2012.05.14 17:23:57.586,0.77823,0.77836,1.50,1.50
2012.05.14 17:23:57.731,0.77819,0.77832,1.50,2.25
2012.05.14 17:23:58.304,0.7782,0.77832,1.50,2.25
2012.05.14 17:23:59.281,0.77822,0.77832,1.50,2.25
2012.05.14 17:23:59.492,0.7782,0.77832,3.75,2.25
2012.05.14 17:23:59.703,0.77822,0.77832,1.50,2.25
2012.05.14 17:23:59.979,0.7782,0.77832,2.63,2.25
2012.05.14 17:24:00.717,0.77821,0.77832,1.50,2.25
2012.05.14 17:24:01.001,0.77825,0.77838,1.50,3.75
2012.05.14 17:24:31.809,0.77827,0.77838,1.50,2.25
2012.05.14 17:24:38.321,0.77827,0.77832,1.50,2.25
2012.05.14 17:24:38.603,0.77821,0.77832,1.62,2.25
2012.05.14 17:24:38.820,0.77821,0.77837,1.35,2.25
2012.05.14 17:24:38.893,0.77821,0.77837,1.35,3.00
2012.05.14 17:24:39.432,0.77823,0.77835,1.50,1.50
2012.05.14 17:24:39.777,0.77822,0.77835,2.25,1.50
2012.05.14 17:24:44.051,0.77824,0.77835,1.50,1.50
2012.05.14 17:24:52.929,0.77822,0.77835,2.25,1.50
2012.05.14 17:24:53.312,0.7782,0.77837,3.98,2.25
2012.05.14 17:24:53.760,0.77822,0.77837,1.88,2.25
2012.05.14 17:24:53.901,0.77825,0.7784,2.25,2.63
2012.05.14 17:24:53.970,0.77827,0.7784,1.50,1.13
2012.05.14 17:24:54.181,0.77825,0.7784,2.25,1.13
2012.05.14 17:24:55.462,0.77827,0.77843,1.50,4.88
2012.05.14 17:24:56.260,0.77826,0.77842,1.50,1.88
2012.05.14 17:24:59.721,0.77825,0.77843,2.25,4.88
2012.05.14 17:25:02.029,0.77826,0.77843,1.50,3.38
2012.05.14 17:25:02.639,0.77825,0.77843,2.25,4.88
2012.05.14 17:25:04.068,0.77827,0.77843,1.50,4.88
2012.05.14 17:25:05.176,0.77826,0.77842,1.50,1.88
2012.05.14 17:25:06.507,0.77827,0.77843,1.50,4.88
2012.05.14 17:25:09.310,0.77825,0.77843,2.25,4.88
2012.05.14 17:25:09.731,0.77827,0.77843,1.50,4.88
2012.05.14 17:25:19.648,0.77827,0.7784,1.50,1.61
2012.05.14 17:25:19.979,0.77827,0.77832,1.50,2.25
2012.05.14 17:25:20.120,0.77817,0.77832,2.63,2.25
2012.05.14 17:25:20.678,0.77818,0.77832,1.50,2.25
2012.05.14 17:25:21.544,0.77817,0.77832,3.38,2.25
2012.05.14 17:25:31.921,0.77818,0.77832,1.50,2.25
2012.05.14 17:25:37.510,0.77818,0.77832,1.50,3.00
2012.05.14 17:25:40.657,0.77819,0.7783,1.50,1.50
2012.05.14 17:25:41.387,0.77818,0.7783,1.50,1.50
2012.05.14 17:25:45.430,0.77819,0.7783,1.50,1.50
2012.05.14 17:25:45.801,0.77817,0.7783,3.38,1.50
2012.05.14 17:25:52.747,0.77818,0.7783,1.50,1.50
2012.05.14 17:25:56.931,0.77817,0.7783,3.38,1.50
2012.05.14 17:26:00.907,0.77818,0.7783,1.50,1.50
2012.05.14 17:26:01.437,0.77817,0.7783,3.38,1.50
2012.05.14 17:26:02.072,0.77817,0.7783,3.38,1.50
2012.05.14 17:26:02.550,0.77821,0.77832,1.35,2.25
2012.05.14 17:26:02.623,0.77824,0.77837,2.25,3.00
2012.05.14 17:26:03.172,0.77823,0.77837,1.50,2.25
2012.05.14 17:26:03.854,0.77824,0.77837,1.50,2.25
2012.05.14 17:26:11.122,0.77825,0.77837,1.50,2.25
2012.05.14 17:26:11.847,0.77824,0.77837,1.50,2.25
2012.05.14 17:26:12.388,0.77823,0.77837,1.50,2.25
2012.05.14 17:26:26.348,0.77822,0.77837,3.75,2.25
2012.05.14 17:26:26.768,0.77824,0.77837,1.50,2.25
2012.05.14 17:26:27.699,0.77828,0.77837,1.50,2.25
2012.05.14 17:26:27.843,0.77828,0.77843,1.50,3.00
2012.05.14 17:26:28.405,0.77827,0.77843,2.10,3.00
2012.05.14 17:27:00.179,0.77827,0.77843,2.10,3.00
2012.05.14 17:27:00.517,0.7782,0.77826,1.13,1.50
2012.05.14 17:27:00.600,0.77797,0.77812,1.13,2.25
2012.05.14 17:27:00.744,0.77794,0.77808,3.27,3.00
2012.05.14 17:27:00.824,0.77791,0.77806,1.54,1.50
2012.05.14 17:27:01.045,0.77791,0.77806,1.35,3.75
2012.05.14 17:27:01.122,0.77791,0.77806,1.35,6.75
2012.05.14 17:27:01.471,0.77792,0.77806,2.85,2.25
2012.05.14 17:27:01.980,0.77793,0.77807,2.63,2.25
2012.05.14 17:27:04.733,0.77796,0.77807,1.35,2.25
2012.05.14 17:27:04.873,0.778,0.77813,2.25,2.63
2012.05.14 17:27:04.941,0.778,0.77813,2.25,3.38
2012.05.14 17:27:05.011,0.77796,0.77813,2.85,3.38
2012.05.14 17:27:05.081,0.77796,0.77807,2.85,2.25
2012.05.14 17:27:05.660,0.77797,0.77807,1.20,2.25
2012.05.14 17:27:06.013,0.77799,0.77807,2.10,2.25
2012.05.14 17:27:06.081,0.77799,0.77812,2.85,1.50
2012.05.14 17:27:06.572,0.77802,0.77817,1.50,3.00
2012.05.14 17:27:09.304,0.77802,0.77816,1.50,2.78
2012.05.14 17:27:09.382,0.77802,0.77815,1.50,1.61
2012.05.14 17:27:09.456,0.77802,0.77811,1.50,1.69
2012.05.14 17:27:09.605,0.7779,0.77803,1.35,2.25
2012.05.14 17:27:10.035,0.77789,0.77803,1.35,3.00
2012.05.14 17:27:10.120,0.77789,0.778,1.35,1.50
2012.05.14 17:27:10.472,0.77791,0.77807,2.63,4.13
2012.05.14 17:27:11.030,0.77792,0.77806,3.38,1.50
2012.05.14 17:27:11.661,0.77795,0.77806,1.35,1.13
2012.05.14 17:27:11.802,0.77796,0.77808,2.85,1.13
2012.05.14 17:27:11.873,0.77796,0.77808,2.85,1.50
2012.05.14 17:27:12.461,0.77796,0.77809,2.25,1.50
2012.05.14 17:27:13.473,0.77797,0.77812,1.50,2.25
2012.05.14 17:27:14.209,0.77798,0.77808,1.50,1.50
2012.05.14 17:27:14.582,0.77797,0.77808,2.25,1.50
2012.05.14 17:27:22.023,0.77798,0.7781,1.50,1.65
2012.05.14 17:27:22.731,0.778,0.77814,1.50,2.03
2012.05.14 17:27:22.872,0.77804,0.77814,1.50,1.13
2012.05.14 17:27:23.121,0.77806,0.77815,1.50,1.50
2012.05.14 17:27:23.469,0.77808,0.77815,1.50,1.50
2012.05.14 17:27:23.540,0.77804,0.77816,3.00,1.50
2012.05.14 17:27:24.110,0.77805,0.77815,1.50,1.50
2012.05.14 17:27:24.650,0.77804,0.77815,1.50,1.50
2012.05.14 17:27:26.628,0.77804,0.77815,1.50,1.50
2012.05.14 17:27:26.773,0.778,0.77809,1.50,1.13
2012.05.14 17:27:27.184,0.77794,0.77807,2.25,3.00
2012.05.14 17:27:27.600,0.77793,0.77805,1.50,1.50
2012.05.14 17:27:27.728,0.77795,0.77805,1.50,1.50
2012.05.14 17:27:28.483,0.77791,0.77805,3.00,1.50
2012.05.14 17:27:28.554,0.7779,0.77803,1.73,1.50
2012.05.14 17:27:28.900,0.7779,0.77801,1.13,1.50
2012.05.14 17:27:30.440,0.7779,0.77801,3.75,1.50
2012.05.14 17:27:37.360,0.7779,0.778,2.63,1.50
2012.05.14 17:27:37.433,0.77788,0.778,1.50,1.50
2012.05.14 17:27:37.512,0.77788,0.77795,1.50,1.50
2012.05.14 17:27:37.722,0.77788,0.77797,1.50,2.25
2012.05.14 17:27:38.151,0.77787,0.77801,1.50,1.50
2012.05.14 17:27:38.221,0.77787,0.77798,1.50,1.50
2012.05.14 17:27:38.576,0.77787,0.77801,1.50,1.50
2012.05.14 17:27:38.653,0.77788,0.77804,2.25,3.00
2012.05.14 17:27:38.789,0.77788,0.77804,3.00,1.88
2012.05.14 17:27:46.192,0.77788,0.77797,1.50,1.50
2012.05.14 17:27:46.543,0.77771,0.77778,1.13,2.25
2012.05.14 17:27:46.624,0.77767,0.77779,3.75,1.50
2012.05.14 17:27:46.702,0.77768,0.77783,1.78,3.00
2012.05.14 17:27:47.051,0.7777,0.7778,1.50,1.50
2012.05.14 17:27:47.261,0.77771,0.77784,1.50,1.13
2012.05.14 17:27:53.251,0.77776,0.77784,1.50,1.13
2012.05.14 17:27:56.051,0.77777,0.77787,2.25,3.00
2012.05.14 17:27:56.380,0.77778,0.77794,2.25,3.00
2012.05.14 17:27:57.240,0.77779,0.77794,1.50,2.25
2012.05.14 17:27:57.792,0.77778,0.77784,3.00,1.13
2012.05.14 17:27:57.921,0.77776,0.77784,2.25,1.13
2012.05.14 17:27:58.459,0.77776,0.77794,3.75,2.25
2012.05.14 17:28:05.589,0.7778,0.77795,4.50,4.88
2012.05.14 17:28:06.006,0.77781,0.77795,1.50,1.88
2012.05.14 17:28:06.361,0.77778,0.77794,2.25,3.00
2012.05.14 17:28:26.129,0.77777,0.77793,2.25,1.50
2012.05.14 17:28:26.648,0.77776,0.77786,1.50,1.50
2012.05.14 17:28:34.398,0.77776,0.77785,1.50,1.50
2012.05.14 17:28:38.329,0.77776,0.77784,1.50,1.13
2012.05.14 17:28:43.637,0.77776,0.77785,1.50,1.13
2012.05.14 17:28:53.161,0.77776,0.77788,1.50,3.00
2012.05.14 17:28:56.979,0.77776,0.77788,1.50,3.00
2012.05.14 17:28:57.312,0.77773,0.77785,1.50,1.50
2012.05.14 17:28:57.381,0.77772,0.77782,1.50,3.00
2012.05.14 17:28:57.662,0.77767,0.77782,1.50,3.00
2012.05.14 17:28:57.731,0.77768,0.77777,1.50,1.50
2012.05.14 17:28:58.051,0.77768,0.77778,1.50,2.25
2012.05.14 17:28:59.131,0.77768,0.77778,1.50,2.25
2012.05.14 17:28:59.860,0.77768,0.77778,1.50,2.25
2012.05.14 17:29:00.315,0.77766,0.77778,2.25,3.00
2012.05.14 17:29:00.983,0.77764,0.77776,2.25,1.50
2012.05.14 17:29:01.450,0.77767,0.77778,1.50,2.25
2012.05.14 17:29:01.661,0.77767,0.77784,2.25,2.44
2012.05.14 17:29:01.733,0.77767,0.77782,2.25,1.13
2012.05.14 17:29:02.069,0.77765,0.77777,1.50,3.75
2012.05.14 17:29:02.712,0.77766,0.77777,1.50,3.00
2012.05.14 17:29:02.921,0.77768,0.77783,1.50,2.25
2012.05.14 17:29:03.469,0.77767,0.77783,2.25,3.75
2012.05.14 17:29:04.940,0.77767,0.77777,1.50,1.50
2012.05.14 17:29:05.083,0.77762,0.77774,2.25,2.25
2012.05.14 17:29:05.224,0.77757,0.77772,1.50,2.25
2012.05.14 17:29:05.511,0.77757,0.77768,1.50,2.25
2012.05.14 17:29:05.851,0.7776,0.77772,1.50,1.50
2012.05.14 17:29:06.389,0.7776,0.77774,1.50,2.63
2012.05.14 17:29:06.944,0.77757,0.77774,3.00,1.13
2012.05.14 17:29:07.321,0.7776,0.77774,1.50,1.13
2012.05.14 17:29:10.999,0.77762,0.77775,1.50,1.13
2012.05.14 17:29:11.341,0.77764,0.77775,3.00,1.13
2012.05.14 17:29:14.760,0.77766,0.77779,1.50,2.25
2012.05.14 17:29:15.911,0.77768,0.77784,1.50,2.25
2012.05.14 17:29:15.986,0.77768,0.77785,2.25,1.13
2012.05.14 17:29:16.193,0.77768,0.77786,2.25,4.88
2012.05.14 17:29:24.468,0.7777,0.77785,1.50,2.25
2012.05.14 17:29:27.421,0.7777,0.77786,1.50,2.25
2012.05.14 17:29:27.980,0.77771,0.77787,1.50,4.50
2012.05.14 17:29:28.399,0.77769,0.77787,3.75,4.50
2012.05.14 17:29:30.508,0.77769,0.77787,2.25,4.50
2012.05.14 17:29:31.619,0.77769,0.77773,2.25,2.25
2012.05.14 17:29:31.773,0.77765,0.77773,1.50,2.25
2012.05.14 17:29:31.915,0.77762,0.77773,1.13,2.25
2012.05.14 17:29:32.564,0.77762,0.77775,2.25,2.25
2012.05.14 17:29:33.129,0.77762,0.77775,3.00,1.88
2012.05.14 17:29:33.875,0.77766,0.77784,3.00,2.93
2012.05.14 17:29:35.491,0.77766,0.77784,2.44,2.40
2012.05.14 17:29:35.800,0.77771,0.77787,1.50,5.63
2012.05.14 17:29:36.179,0.77769,0.77787,1.50,5.63
2012.05.14 17:29:36.695,0.7777,0.77787,1.50,4.13
2012.05.14 17:29:37.371,0.77769,0.77787,1.50,5.63
2012.05.14 17:29:44.859,0.7777,0.77787,1.50,4.13
2012.05.14 17:29:45.679,0.77769,0.77787,3.00,5.63
2012.05.14 17:29:46.420,0.7777,0.77787,1.50,4.13
2012.05.14 17:29:47.747,0.77769,0.77787,1.50,5.63
2012.05.14 17:29:48.272,0.7777,0.77787,1.50,4.13
2012.05.14 17:30:02.030,0.77768,0.77784,6.00,1.88
2012.05.14 17:30:02.549,0.77767,0.77785,1.50,1.88
2012.05.14 17:30:10.390,0.77768,0.77786,1.50,5.25
2012.05.14 17:30:10.719,0.77766,0.77784,2.25,1.88
2012.05.14 17:30:11.265,0.77767,0.77785,1.50,2.25
2012.05.14 17:30:29.468,0.77768,0.77786,1.50,6.38
2012.05.14 17:30:30.342,0.77766,0.77784,2.25,1.88
2012.05.14 17:30:30.411,0.77768,0.77784,1.50,1.88
2012.05.14 17:30:35.213,0.77767,0.77783,1.50,1.88
2012.05.14 17:30:37.731,0.77767,0.77783,1.50,1.73
2012.05.14 17:30:38.071,0.77761,0.77772,3.75,2.25
2012.05.14 17:30:38.141,0.77761,0.77772,3.75,2.25
2012.05.14 17:30:40.520,0.77761,0.77772,3.00,2.25
2012.05.14 17:30:42.660,0.77762,0.77772,2.25,2.25
2012.05.14 17:30:42.801,0.77765,0.77781,2.25,3.38
2012.05.14 17:30:42.872,0.77768,0.77783,1.50,1.13
2012.05.14 17:30:43.010,0.77768,0.77784,1.50,2.25
2012.05.14 17:30:43.080,0.77766,0.77782,2.25,1.50
2012.05.14 17:30:43.445,0.77768,0.77777,1.50,2.25
2012.05.14 17:30:43.522,0.77766,0.77777,2.25,2.25
2012.05.14 17:30:43.592,0.77766,0.77784,2.25,1.88
2012.05.14 17:30:43.722,0.77768,0.77784,1.50,1.88
2012.05.14 17:30:44.268,0.77766,0.77784,2.25,1.88
2012.05.14 17:30:45.780,0.77768,0.77784,1.50,1.88
2012.05.14 17:30:45.911,0.77766,0.77784,2.25,1.88
2012.05.14 17:30:48.518,0.77766,0.77784,2.25,1.88
2012.05.14 17:30:48.588,0.77766,0.77784,3.00,1.88
2012.05.14 17:30:50.581,0.77767,0.77785,1.50,4.88
2012.05.14 17:30:51.098,0.77767,0.77785,1.50,4.88
2012.05.14 17:30:52.056,0.77767,0.77777,1.50,2.25
2012.05.14 17:30:52.200,0.77765,0.77777,1.50,2.25
2012.05.14 17:30:56.377,0.77765,0.77777,1.50,2.33
2012.05.14 17:30:56.448,0.77765,0.77777,1.50,2.40
2012.05.14 17:30:56.772,0.77761,0.77772,1.50,2.25
2012.05.14 17:30:56.842,0.7776,0.77772,2.25,2.25
2012.05.14 17:30:57.042,0.7776,0.77772,1.50,2.25
2012.05.14 17:30:57.587,0.77757,0.77772,4.13,2.25
2012.05.14 17:30:58.771,0.77759,0.77772,3.00,2.25
2012.05.14 17:30:59.287,0.77758,0.77772,3.00,2.25
2012.05.14 17:31:00.139,0.77758,0.77772,3.00,2.25
2012.05.14 17:31:01.090,0.77758,0.77772,2.25,3.00
2012.05.14 17:31:01.162,0.77757,0.77771,1.13,1.50
2012.05.14 17:31:01.502,0.7775,0.77763,2.25,2.25
2012.05.14 17:31:01.645,0.77752,0.77767,1.50,2.25
2012.05.14 17:31:02.005,0.77749,0.77763,2.25,1.50
2012.05.14 17:31:02.502,0.77748,0.77757,2.25,2.25
2012.05.14 17:31:03.821,0.77748,0.77758,1.50,2.25
2012.05.14 17:31:09.942,0.77748,0.77758,1.50,2.25
2012.05.14 17:31:10.221,0.77754,0.77767,1.50,2.25
2012.05.14 17:31:10.361,0.77752,0.77767,1.50,2.25
2012.05.14 17:31:11.270,0.77752,0.77767,1.50,3.75
2012.05.14 17:31:12.632,0.77755,0.77767,1.50,2.25
2012.05.14 17:31:13.948,0.77755,0.77769,1.50,1.50
2012.05.14 17:31:14.360,0.77756,0.77772,1.88,2.25
2012.05.14 17:31:32.240,0.77756,0.77772,1.50,2.25
2012.05.14 17:31:32.745,0.77755,0.77772,3.00,2.25
2012.05.14 17:31:34.242,0.77759,0.77772,1.50,2.25
2012.05.14 17:31:35.438,0.77758,0.77772,1.50,2.25
2012.05.14 17:31:40.160,0.77757,0.77772,3.00,2.25
2012.05.14 17:31:40.809,0.77758,0.77772,1.50,2.25
2012.05.14 17:31:49.852,0.77757,0.77772,1.50,2.25
2012.05.14 17:32:00.671,0.77756,0.77769,1.50,1.50
2012.05.14 17:32:01.011,0.77756,0.77762,1.50,2.25
2012.05.14 17:32:01.080,0.77756,0.77767,1.50,2.25
2012.05.14 17:32:01.611,0.77755,0.77767,1.50,2.25
2012.05.14 17:32:06.233,0.77756,0.77767,2.25,2.25
2012.05.14 17:32:09.162,0.77756,0.77767,1.50,2.25
2012.05.14 17:32:09.230,0.77756,0.77767,1.50,2.25
2012.05.14 17:32:09.771,0.77756,0.77767,2.25,2.25
2012.05.14 17:32:10.272,0.77755,0.77767,2.25,2.25
2012.05.14 17:32:11.202,0.77754,0.77767,3.75,2.25
2012.05.14 17:32:24.619,0.77754,0.77767,3.75,2.25
2012.05.14 17:32:25.090,0.77754,0.77767,3.75,2.25
2012.05.14 17:32:25.600,0.77754,0.77767,3.75,2.25
2012.05.14 17:32:35.144,0.77758,0.77767,2.10,2.25
2012.05.14 17:32:35.355,0.77762,0.77773,1.88,1.50
2012.05.14 17:32:35.422,0.77762,0.77773,1.88,1.50
2012.05.14 17:32:35.704,0.77764,0.77775,1.50,1.50
2012.05.14 17:32:35.775,0.77764,0.77777,3.00,2.25
2012.05.14 17:32:36.123,0.77766,0.77783,1.88,4.20
2012.05.14 17:32:36.617,0.77769,0.77783,2.63,2.25
2012.05.14 17:32:37.693,0.77773,0.77783,1.50,2.25
2012.05.14 17:32:38.265,0.77772,0.77783,3.00,2.25
2012.05.14 17:32:43.688,0.77772,0.77783,3.00,2.25
2012.05.14 17:32:43.831,0.77772,0.77783,3.00,2.25
2012.05.14 17:32:46.613,0.77772,0.77783,3.75,2.70
2012.05.14 17:32:47.129,0.77775,0.77783,1.50,2.70
2012.05.14 17:32:47.554,0.77774,0.77788,1.50,3.15
2012.05.14 17:32:47.696,0.77774,0.77782,1.50,2.25
2012.05.14 17:32:52.976,0.77778,0.77784,1.50,2.25
2012.05.14 17:32:53.124,0.77781,0.77795,1.50,3.83
2012.05.14 17:32:53.754,0.77779,0.77788,1.50,3.00
2012.05.14 17:32:53.822,0.77777,0.77788,3.75,3.00
2012.05.14 17:32:54.332,0.77778,0.77788,1.50,3.00
2012.05.14 17:32:54.957,0.77777,0.77788,3.00,3.00
2012.05.14 17:32:55.524,0.77778,0.7779,1.50,3.00
2012.05.14 17:32:56.063,0.77777,0.7779,3.00,3.00
2012.05.14 17:33:05.594,0.77775,0.7779,1.50,3.00
2012.05.14 17:33:07.226,0.77776,0.77792,1.88,2.25
2012.05.14 17:33:07.584,0.77778,0.77792,1.50,2.25
2012.05.14 17:33:20.020,0.77778,0.77794,2.25,2.25
2012.05.14 17:33:21.117,0.77778,0.77794,2.25,1.88
2012.05.14 17:33:21.189,0.77778,0.77794,2.25,1.50
2012.05.14 17:33:21.702,0.77778,0.77794,3.00,1.50
2012.05.14 17:33:22.753,0.7778,0.77796,1.50,1.50
2012.05.14 17:33:22.824,0.7778,0.77796,1.88,1.50
2012.05.14 17:33:23.245,0.77781,0.77798,2.63,1.50
2012.05.14 17:33:23.515,0.77781,0.77799,2.63,1.50
2012.05.14 17:33:23.720,0.77782,0.778,3.00,1.50
2012.05.14 17:33:24.266,0.77782,0.77798,3.00,1.50
2012.05.14 17:33:24.881,0.77781,0.77797,3.38,1.50
2012.05.14 17:33:25.434,0.77779,0.77797,3.38,1.50
2012.05.14 17:33:25.951,0.7778,0.77798,1.88,1.50
2012.05.14 17:33:26.816,0.7778,0.77795,1.88,4.50
2012.05.14 17:33:27.163,0.7778,0.77787,1.50,2.25
2012.05.14 17:33:27.509,0.77778,0.77785,1.50,2.70
2012.05.14 17:33:27.726,0.77774,0.77785,1.50,2.70
2012.05.14 17:33:28.280,0.77775,0.77793,1.50,2.25
2012.05.14 17:33:28.422,0.77777,0.77793,1.13,2.25
2012.05.14 17:33:28.773,0.77779,0.77797,1.50,3.00
2012.05.14 17:33:30.115,0.77779,0.77797,1.50,3.00
2012.05.14 17:33:30.534,0.77779,0.77797,2.25,3.07
2012.05.14 17:33:30.681,0.7778,0.77796,1.50,3.04
2012.05.14 17:33:31.236,0.7778,0.77794,1.50,2.13
2012.05.14 17:33:31.383,0.77776,0.77794,3.75,5.88
2012.05.14 17:33:33.165,0.77776,0.77794,2.25,6.45
2012.05.14 17:33:34.015,0.77774,0.77792,2.25,2.25
2012.05.14 17:33:34.561,0.77775,0.77793,1.50,2.25
2012.05.14 17:33:46.077,0.77774,0.77792,2.25,2.44
2012.05.14 17:33:46.491,0.77776,0.77792,1.50,2.44
2012.05.14 17:33:46.631,0.77774,0.77792,3.75,2.44
2012.05.14 17:33:50.477,0.77774,0.77792,2.25,2.44
2012.05.14 17:33:59.669,0.77774,0.77792,3.00,2.25
2012.05.14 17:34:06.070,0.77774,0.77792,1.50,2.25
2012.05.14 17:34:07.836,0.77773,0.7779,2.25,2.25
2012.05.14 17:34:09.204,0.77773,0.7779,1.50,2.25
2012.05.14 17:34:17.159,0.77774,0.7779,3.00,2.25
2012.05.14 17:34:17.714,0.77775,0.77793,2.25,3.00
2012.05.14 17:34:19.515,0.77778,0.77794,1.50,1.13
2012.05.14 17:34:20.046,0.7778,0.77796,1.50,2.25
2012.05.14 17:34:20.287,0.77778,0.77796,2.25,2.25
2012.05.14 17:34:57.435,0.77776,0.77794,5.25,2.25
2012.05.14 17:34:57.853,0.77773,0.77788,2.25,2.25
2012.05.14 17:35:00.427,0.77774,0.7779,1.50,2.25
2012.05.14 17:35:00.927,0.77774,0.7779,3.75,2.25
2012.05.14 17:35:01.186,0.77774,0.77781,3.00,1.35
2012.05.14 17:35:01.544,0.77769,0.77773,1.50,1.35
2012.05.14 17:35:01.755,0.77757,0.77773,1.13,4.50
2012.05.14 17:35:02.175,0.77756,0.77771,2.25,1.50
2012.05.14 17:35:02.711,0.77756,0.77771,2.25,2.25
2012.05.14 17:35:05.731,0.77756,0.77771,3.00,2.25
2012.05.14 17:35:06.071,0.77757,0.77772,1.50,1.50
2012.05.14 17:35:06.331,0.77759,0.77777,1.50,1.50
2012.05.14 17:35:13.400,0.77759,0.77777,2.25,1.50
2012.05.14 17:35:15.632,0.7776,0.77777,1.50,1.50
2012.05.14 17:35:15.832,0.77762,0.77779,2.25,3.75
2012.05.14 17:35:16.033,0.77765,0.77779,1.50,2.25
2012.05.14 17:35:16.173,0.77765,0.77781,1.50,2.25
2012.05.14 17:35:16.760,0.77764,0.77782,1.50,3.19
2012.05.14 17:35:17.272,0.77764,0.77782,2.25,3.19
2012.05.14 17:35:20.844,0.77762,0.7778,4.50,1.50
2012.05.14 17:35:21.033,0.77761,0.77779,3.00,1.50
2012.05.14 17:35:21.540,0.77763,0.77779,1.50,2.10
2012.05.14 17:35:28.670,0.77763,0.77781,1.50,3.23
2012.05.14 17:35:33.921,0.77763,0.77779,1.50,1.50
2012.05.14 17:35:34.448,0.77762,0.7778,3.00,1.88
2012.05.14 17:35:35.333,0.77763,0.77781,1.50,3.98
2012.05.14 17:35:35.911,0.77766,0.77782,1.50,4.92
2012.05.14 17:35:36.441,0.77765,0.77781,1.50,2.48
2012.05.14 17:35:39.270,0.77765,0.77781,1.50,2.48
2012.05.14 17:35:39.622,0.77766,0.77783,1.50,2.63
2012.05.14 17:35:40.175,0.77768,0.77784,1.50,2.44
2012.05.14 17:35:41.022,0.77767,0.77785,2.25,5.44
2012.05.14 17:35:42.401,0.77767,0.77785,1.50,5.25
2012.05.14 17:35:43.131,0.77766,0.77784,1.50,2.25
2012.05.14 17:35:51.402,0.77765,0.77781,4.50,1.50
2012.05.14 17:35:51.930,0.77765,0.77781,1.50,1.88
2012.05.14 17:35:54.232,0.77764,0.77782,3.00,1.88
2012.05.14 17:36:00.055,0.77766,0.77782,1.50,1.88
2012.05.14 17:36:04.122,0.77764,0.77782,3.00,2.48
2012.05.14 17:36:09.239,0.77764,0.77782,3.00,1.88
2012.05.14 17:36:09.707,0.77765,0.77782,1.50,1.50
2012.05.14 17:36:10.224,0.77765,0.77783,1.50,1.50
2012.05.14 17:36:11.632,0.77765,0.77781,1.50,1.50
2012.05.14 17:36:12.433,0.77765,0.77781,2.25,1.50
2012.05.14 17:36:12.820,0.77765,0.77783,2.25,2.25
2012.05.14 17:36:13.330,0.77766,0.77782,1.50,1.50
2012.05.14 17:36:22.352,0.77766,0.77782,3.00,1.50
2012.05.14 17:36:22.902,0.7777,0.77787,1.50,1.47
2012.05.14 17:36:23.424,0.77769,0.77787,2.25,2.78
2012.05.14 17:36:23.967,0.77769,0.77785,1.50,2.78
2012.05.14 17:36:24.274,0.77772,0.77785,1.50,2.40
2012.05.14 17:36:24.664,0.77772,0.77787,2.25,1.37
2012.05.14 17:36:25.003,0.77772,0.77787,1.50,1.50
2012.05.14 17:36:25.355,0.77771,0.77786,2.25,1.50
2012.05.14 17:36:25.424,0.77774,0.7779,1.50,2.48
2012.05.14 17:36:25.622,0.77772,0.7779,2.25,2.25
2012.05.14 17:36:25.761,0.77772,0.77789,2.25,1.13
2012.05.14 17:36:30.129,0.77772,0.77789,1.50,1.13
2012.05.14 17:36:30.610,0.77774,0.77789,1.50,1.13
2012.05.14 17:36:32.790,0.77772,0.77789,1.50,1.13
2012.05.14 17:36:33.171,0.77774,0.77789,1.50,1.13
2012.05.14 17:36:35.481,0.77773,0.77789,1.50,2.63
2012.05.14 17:36:40.313,0.77773,0.77789,1.50,2.70
2012.05.14 17:36:40.641,0.77773,0.77788,1.50,2.14
2012.05.14 17:36:40.781,0.7777,0.77786,2.25,1.65
2012.05.14 17:36:41.352,0.77771,0.77787,1.50,1.65
2012.05.14 17:36:41.929,0.77772,0.77788,1.50,2.03
2012.05.14 17:36:43.851,0.7777,0.77787,1.50,1.65
2012.05.14 17:36:47.272,0.77772,0.77787,3.00,1.50
2012.05.14 17:36:47.343,0.77776,0.7779,1.50,1.46
2012.05.14 17:36:47.413,0.77776,0.77791,1.50,1.35
2012.05.14 17:36:47.483,0.77776,0.7779,1.50,1.73
2012.05.14 17:36:47.672,0.77773,0.77789,1.50,2.63
2012.05.14 17:36:48.201,0.77774,0.77789,1.50,1.13
2012.05.14 17:36:51.043,0.77774,0.7779,1.50,2.48
2012.05.14 17:36:59.254,0.77776,0.77792,1.50,6.60
2012.05.14 17:36:59.818,0.77775,0.77791,1.50,2.48
2012.05.14 17:37:00.345,0.77776,0.77792,1.50,6.60
2012.05.14 17:37:00.413,0.77774,0.77792,1.50,6.60
2012.05.14 17:37:03.232,0.77775,0.77792,1.50,5.10
2012.05.14 17:37:04.475,0.77774,0.77792,3.00,6.60
2012.05.14 17:37:06.674,0.77776,0.77791,1.50,1.35
2012.05.14 17:37:07.451,0.77775,0.77791,1.50,2.85
2012.05.14 17:37:09.933,0.77776,0.77791,1.50,1.35
2012.05.14 17:37:11.035,0.77776,0.77791,1.50,1.20
2012.05.14 17:37:13.071,0.77778,0.77791,1.50,1.20
2012.05.14 17:37:13.645,0.77777,0.77791,1.50,1.20
2012.05.14 17:37:14.269,0.77777,0.77791,1.50,1.20
2012.05.14 17:37:14.573,0.77779,0.77794,1.50,1.50
2012.05.14 17:37:14.703,0.77781,0.77794,1.50,1.50
2012.05.14 17:37:15.221,0.77779,0.77794,1.50,1.50
2012.05.14 17:37:15.798,0.7778,0.77794,1.50,1.50
2012.05.14 17:37:16.013,0.77778,0.77793,1.50,1.50
2012.05.14 17:37:16.624,0.77777,0.77793,1.50,1.50
2012.05.14 17:37:31.162,0.77777,0.77794,1.88,1.50
2012.05.14 17:37:31.300,0.77777,0.77794,1.50,1.50
2012.05.14 17:37:42.890,0.7778,0.77794,1.50,1.50
2012.05.14 17:37:43.080,0.77778,0.77794,1.50,1.50
2012.05.14 17:37:43.858,0.77778,0.77794,1.50,1.50
2012.05.14 17:37:46.503,0.7778,0.77794,1.50,1.50
2012.05.14 17:37:47.736,0.77779,0.77794,2.10,1.50
2012.05.14 17:37:48.275,0.77779,0.77794,1.50,1.50
2012.05.14 17:37:48.972,0.7778,0.77794,1.50,1.50
2012.05.14 17:37:49.204,0.77778,0.77794,2.10,1.50
2012.05.14 17:37:50.705,0.77778,0.77794,2.10,1.50
2012.05.14 17:37:51.241,0.77778,0.77794,1.50,1.50
2012.05.14 17:37:55.810,0.77778,0.77794,1.73,1.50
2012.05.14 17:38:03.221,0.7778,0.77796,1.50,3.38
2012.05.14 17:38:03.293,0.77787,0.77796,1.50,1.88
2012.05.14 17:38:03.645,0.77789,0.77803,1.73,1.13
2012.05.14 17:38:03.846,0.7779,0.77805,2.25,1.65
2012.05.14 17:38:04.259,0.7779,0.77806,1.50,3.38
2012.05.14 17:38:04.402,0.77791,0.77806,2.25,1.13
2012.05.14 17:38:04.754,0.77798,0.77813,1.73,2.33
2012.05.14 17:38:05.176,0.77799,0.77814,1.50,1.20
2012.05.14 17:38:05.324,0.77794,0.7781,2.25,1.50
2012.05.14 17:38:06.122,0.77794,0.77812,2.25,3.00
2012.05.14 17:38:06.263,0.77792,0.7781,3.75,1.50
2012.05.14 17:38:06.616,0.77792,0.77809,1.50,1.32
2012.05.14 17:38:06.955,0.77794,0.77809,1.50,3.11
2012.05.14 17:38:07.266,0.77793,0.77808,1.50,1.50
2012.05.14 17:38:07.486,0.77789,0.77806,3.75,2.18
2012.05.14 17:38:07.692,0.77791,0.77806,1.50,2.18
2012.05.14 17:38:09.812,0.77789,0.77806,3.75,1.65
2012.05.14 17:38:10.624,0.7779,0.77806,1.50,1.65
2012.05.14 17:38:17.092,0.7779,0.77806,2.25,1.13
2012.05.14 17:38:17.601,0.7779,0.77806,3.00,1.13
2012.05.14 17:38:26.729,0.7779,0.77806,3.00,1.13
2012.05.14 17:38:28.696,0.7779,0.77805,3.00,1.88
2012.05.14 17:38:29.055,0.7779,0.77801,1.50,1.50
2012.05.14 17:38:29.404,0.7779,0.77799,1.50,4.32
2012.05.14 17:38:30.047,0.7779,0.77798,1.50,2.07
2012.05.14 17:38:31.534,0.77781,0.77798,1.50,1.88
2012.05.14 17:38:32.077,0.77779,0.77797,2.25,1.88
2012.05.14 17:38:38.920,0.77781,0.77797,1.50,1.88
2012.05.14 17:38:39.510,0.7778,0.77796,2.25,1.88
2012.05.14 17:38:46.070,0.77781,0.77797,1.50,1.88
2012.05.14 17:38:47.571,0.77779,0.77797,2.25,1.88
2012.05.14 17:38:49.241,0.77781,0.77797,1.50,1.88
2012.05.14 17:38:52.201,0.77779,0.77797,2.25,1.88
2012.05.14 17:38:53.970,0.77781,0.77797,1.50,1.88
2012.05.14 17:38:59.684,0.77783,0.77798,1.50,1.13
2012.05.14 17:39:00.034,0.77785,0.778,1.50,1.13
2012.05.14 17:39:00.526,0.77782,0.77797,2.25,2.25
2012.05.14 17:39:00.605,0.77784,0.778,2.25,1.88
2012.05.14 17:39:01.342,0.77786,0.77801,1.50,1.13
2012.05.14 17:39:06.286,0.77787,0.77802,3.00,3.00
2012.05.14 17:39:06.503,0.77791,0.77804,1.50,1.32
2012.05.14 17:39:06.772,0.77791,0.77807,1.50,4.13
2012.05.14 17:39:06.844,0.77793,0.77808,1.50,2.40
2012.05.14 17:39:14.331,0.77793,0.77808,1.50,2.40
2012.05.14 17:39:14.860,0.77791,0.77808,2.25,2.40
2012.05.14 17:39:14.990,0.77791,0.77808,2.25,2.40
2012.05.14 17:39:15.061,0.77791,0.77808,2.25,2.40
2012.05.14 17:39:15.672,0.77793,0.77808,1.50,2.40
2012.05.14 17:39:18.792,0.77792,0.77808,1.50,3.90
2012.05.14 17:39:19.560,0.77793,0.77808,1.50,2.40
2012.05.14 17:39:20.066,0.77792,0.77808,1.50,3.90
2012.05.14 17:39:21.635,0.77792,0.77807,1.50,1.13
2012.05.14 17:39:23.050,0.77793,0.77807,1.50,1.13
2012.05.14 17:39:23.725,0.77792,0.77807,1.50,1.13
2012.05.14 17:39:24.253,0.77792,0.77808,1.50,4.65
2012.05.14 17:39:24.814,0.77793,0.77808,1.50,3.15
2012.05.14 17:39:25.369,0.77792,0.77808,1.50,3.15
2012.05.14 17:39:28.699,0.77792,0.77808,2.25,2.03
2012.05.14 17:39:36.438,0.77793,0.77808,2.25,1.50
2012.05.14 17:39:36.675,0.77794,0.77808,2.25,1.50
2012.05.14 17:39:36.746,0.77795,0.7781,2.25,1.50
2012.05.14 17:39:37.280,0.77795,0.77811,2.25,1.28
2012.05.14 17:39:41.321,0.77794,0.77812,2.25,2.44
2012.05.14 17:39:48.784,0.77799,0.77813,1.50,2.25
2012.05.14 17:39:49.131,0.77799,0.77813,1.50,3.94
2012.05.14 17:39:49.202,0.77795,0.77813,2.25,6.94
2012.05.14 17:39:50.542,0.77794,0.7781,2.25,1.50
2012.05.14 17:39:51.376,0.77794,0.77812,2.25,2.25
2012.05.14 17:39:52.023,0.77794,0.7781,2.25,1.50
2012.05.14 17:39:52.713,0.77794,0.77812,2.25,2.25
2012.05.14 17:39:53.651,0.77794,0.7781,2.25,1.50
2012.05.14 17:39:54.397,0.77794,0.77812,2.25,3.00
2012.05.14 17:39:59.125,0.77794,0.7781,2.25,1.50
2012.05.14 17:39:59.659,0.77793,0.77811,3.00,2.25
2012.05.14 17:40:07.310,0.77793,0.77811,2.25,3.00
2012.05.14 17:40:14.513,0.77793,0.77809,2.25,2.25
2012.05.14 17:40:18.961,0.77794,0.7781,2.25,1.50
2012.05.14 17:40:22.930,0.77796,0.77812,1.50,3.00
2012.05.14 17:40:23.470,0.77795,0.77811,2.25,2.25
2012.05.14 17:40:24.560,0.77796,0.77812,1.50,3.00
2012.05.14 17:40:25.382,0.77794,0.77812,2.25,3.00
2012.05.14 17:40:25.692,0.77795,0.77811,2.25,1.65
2012.05.14 17:40:25.953,0.77792,0.77807,1.50,1.65
2012.05.14 17:40:26.282,0.77787,0.77803,2.25,1.50
2012.05.14 17:40:26.873,0.77787,0.77805,2.25,2.40
2012.05.14 17:40:27.133,0.77787,0.77805,2.25,2.40
2012.05.14 17:40:30.627,0.77787,0.77805,2.25,3.15
2012.05.14 17:40:35.113,0.7779,0.77805,1.50,1.65
2012.05.14 17:40:35.738,0.77788,0.77806,2.25,2.40
2012.05.14 17:40:36.285,0.7779,0.77805,1.50,1.65
2012.05.14 17:40:36.787,0.77789,0.77805,2.25,1.65
2012.05.14 17:40:41.454,0.7779,0.77808,1.50,6.07
2012.05.14 17:40:42.134,0.77791,0.77807,1.50,2.40
2012.05.14 17:40:42.645,0.77789,0.77806,2.25,1.28
2012.05.14 17:40:51.116,0.7779,0.77806,1.50,1.28
2012.05.14 17:40:51.640,0.77789,0.77806,2.25,1.28
2012.05.14 17:40:54.823,0.77789,0.77806,2.25,1.28
2012.05.14 17:41:06.922,0.7779,0.77806,1.50,2.78
2012.05.14 17:41:17.725,0.77788,0.77806,2.25,2.78
2012.05.14 17:41:19.214,0.7779,0.77806,1.50,2.40
2012.05.14 17:41:23.299,0.7779,0.77806,2.25,2.40
2012.05.14 17:41:44.366,0.77791,0.77807,1.50,2.78
2012.05.14 17:41:44.937,0.7779,0.77806,2.25,2.40
2012.05.14 17:41:57.769,0.77792,0.77806,1.50,1.28
2012.05.14 17:41:58.334,0.77793,0.77806,1.50,1.28
2012.05.14 17:42:04.413,0.7779,0.77806,2.25,2.40
2012.05.14 17:42:04.986,0.77791,0.77807,1.50,2.40
2012.05.14 17:42:08.530,0.7779,0.77806,2.25,2.40
2012.05.14 17:42:16.153,0.77792,0.77808,1.50,3.15
2012.05.14 17:42:16.745,0.77791,0.77807,1.50,2.40
2012.05.14 17:42:17.771,0.7779,0.77806,2.25,1.65
2012.05.14 17:42:20.311,0.7779,0.77808,2.25,4.09
2012.05.14 17:42:31.520,0.77789,0.77807,1.50,1.65
2012.05.14 17:42:32.711,0.77788,0.77806,3.00,1.65
2012.05.14 17:42:33.327,0.77789,0.77807,1.50,1.65
2012.05.14 17:42:34.852,0.77791,0.77808,1.50,2.97
2012.05.14 17:42:36.567,0.7779,0.77806,1.50,1.65
2012.05.14 17:42:37.079,0.77791,0.77807,1.50,1.65
2012.05.14 17:42:37.210,0.77789,0.77807,1.50,1.65
2012.05.14 17:42:38.544,0.77791,0.77807,1.50,1.65
2012.05.14 17:42:38.615,0.77789,0.77807,1.50,1.65
2012.05.14 17:42:45.360,0.77789,0.77807,2.25,1.65
2012.05.14 17:42:52.943,0.7779,0.77808,2.25,5.97
2012.05.14 17:42:53.543,0.77791,0.77807,1.50,1.65
2012.05.14 17:42:54.053,0.77789,0.77805,2.25,1.58
2012.05.14 17:43:17.319,0.77789,0.77807,2.25,1.65
2012.05.14 17:43:18.081,0.7779,0.77808,3.00,4.77
2012.05.14 17:43:18.393,0.77796,0.77807,1.50,1.50
2012.05.14 17:43:18.749,0.77801,0.77812,1.13,2.63
2012.05.14 17:43:18.964,0.77804,0.77822,3.00,3.00
2012.05.14 17:43:19.555,0.77804,0.77818,1.50,2.25
2012.05.14 17:43:20.602,0.77804,0.77819,1.50,2.25
2012.05.14 17:43:20.949,0.77805,0.77817,1.50,1.50
2012.05.14 17:43:21.026,0.77805,0.77818,2.25,1.50
2012.05.14 17:43:21.567,0.77805,0.77818,1.50,4.50
2012.05.14 17:43:27.965,0.77805,0.7782,2.25,2.25
2012.05.14 17:43:28.213,0.77809,0.77823,1.35,7.13
2012.05.14 17:43:28.283,0.77812,0.77823,1.50,3.00
2012.05.14 17:43:28.633,0.77816,0.7783,1.50,2.25
2012.05.14 17:43:29.054,0.77818,0.77832,1.50,2.25
2012.05.14 17:43:29.564,0.77821,0.77836,2.25,2.25
2012.05.14 17:43:29.636,0.77822,0.77835,1.50,2.25
2012.05.14 17:43:29.915,0.77822,0.77837,2.63,4.50
2012.05.14 17:43:29.986,0.77825,0.77837,1.50,1.50
2012.05.14 17:43:30.542,0.77825,0.77841,2.25,2.25
2012.05.14 17:43:31.264,0.77825,0.77841,3.75,2.25
2012.05.14 17:43:32.170,0.77825,0.77841,3.75,1.50
2012.05.14 17:43:32.445,0.77829,0.77841,1.50,1.50
2012.05.14 17:43:32.784,0.77834,0.7785,1.50,2.40
2012.05.14 17:43:33.123,0.77833,0.77851,4.50,2.40
2012.05.14 17:43:33.564,0.77836,0.77851,1.50,2.40
2012.05.14 17:43:34.093,0.77836,0.77851,1.50,2.40
2012.05.14 17:43:34.763,0.77836,0.77851,2.25,2.40
2012.05.14 17:43:36.896,0.77836,0.77851,2.25,2.40
2012.05.14 17:43:37.311,0.77836,0.7785,2.25,2.40
2012.05.14 17:43:38.257,0.77837,0.7785,1.50,2.40
2012.05.14 17:43:38.811,0.77836,0.7785,3.00,2.40
2012.05.14 17:43:39.446,0.77836,0.7785,1.50,2.40
2012.05.14 17:44:18.211,0.77836,0.7785,1.50,3.15
2012.05.14 17:44:21.336,0.77832,0.7785,1.88,4.65
2012.05.14 17:44:21.406,0.77832,0.7785,2.63,4.65
2012.05.14 17:44:21.939,0.77832,0.7785,2.63,4.65
2012.05.14 17:44:22.451,0.77832,0.7785,2.63,4.65
2012.05.14 17:44:23.271,0.77834,0.7785,1.50,4.65
2012.05.14 17:44:26.153,0.77834,0.7785,1.50,4.65
2012.05.14 17:44:30.295,0.77834,0.77849,2.25,2.40
2012.05.14 17:44:30.505,0.77838,0.7785,1.50,3.15
2012.05.14 17:44:31.196,0.77838,0.77856,1.50,2.78
2012.05.14 17:44:31.711,0.77839,0.77857,1.50,4.09
2012.05.14 17:44:32.280,0.77839,0.77857,1.50,4.09
2012.05.14 17:44:32.844,0.77838,0.77856,1.50,2.40
2012.05.14 17:44:33.183,0.77838,0.77854,1.50,2.40
2012.05.14 17:44:33.742,0.77838,0.77854,1.50,2.40
2012.05.14 17:44:34.274,0.77839,0.77855,1.50,2.40
2012.05.14 17:44:34.777,0.77838,0.77856,1.50,2.40
2012.05.14 17:44:35.195,0.77836,0.77851,3.60,1.65
2012.05.14 17:44:35.854,0.77836,0.77851,3.60,1.65
2012.05.14 17:44:36.361,0.77836,0.77851,3.60,1.65
2012.05.14 17:44:36.512,0.77836,0.77851,2.10,1.65
2012.05.14 17:44:43.589,0.77837,0.77851,1.50,1.65
2012.05.14 17:44:49.584,0.77834,0.77848,1.88,2.25
2012.05.14 17:44:49.660,0.77834,0.77848,1.13,3.00
2012.05.14 17:44:49.927,0.77834,0.77845,1.13,2.25
2012.05.14 17:44:50.080,0.77831,0.77842,2.25,1.50
2012.05.14 17:44:50.159,0.77828,0.77842,1.13,1.50
2012.05.14 17:44:50.235,0.77827,0.77842,3.00,1.50
2012.05.14 17:44:50.304,0.7783,0.77842,2.25,3.00
2012.05.14 17:44:50.643,0.77826,0.77842,3.75,1.50
2012.05.14 17:44:53.031,0.77827,0.77842,1.50,1.50
2012.05.14 17:45:04.663,0.77827,0.77843,1.50,3.00
2012.05.14 17:45:05.102,0.77829,0.77844,1.50,1.50
2012.05.14 17:45:05.313,0.77827,0.77844,1.50,1.50
2012.05.14 17:45:05.887,0.77828,0.77844,1.50,1.50
2012.05.14 17:45:11.221,0.77827,0.77844,1.50,1.50
2012.05.14 17:45:12.339,0.77829,0.77844,1.50,1.50
2012.05.14 17:45:12.413,0.77827,0.77844,1.50,1.50
2012.05.14 17:45:12.553,0.77829,0.77844,1.50,1.50
2012.05.14 17:45:12.903,0.77832,0.77848,1.50,1.24
2012.05.14 17:45:13.173,0.77834,0.77848,3.00,1.24
2012.05.14 17:45:13.677,0.77835,0.77848,3.00,1.24
2012.05.14 17:45:14.025,0.77839,0.77853,1.50,3.64
2012.05.14 17:45:14.423,0.77837,0.77853,2.25,2.14
2012.05.14 17:45:15.384,0.77838,0.77855,1.50,1.50
2012.05.14 17:45:15.889,0.77837,0.77853,3.00,2.25
2012.05.14 17:45:17.098,0.77837,0.77853,3.00,2.25
2012.05.14 17:45:17.646,0.77838,0.77853,1.35,1.50
2012.05.14 17:45:18.078,0.77841,0.77853,1.50,1.50
2012.05.14 17:45:18.159,0.77843,0.77856,1.50,1.50
2012.05.14 17:45:18.379,0.77844,0.77861,2.25,2.25
2012.05.14 17:45:18.460,0.77848,0.77861,1.50,2.25
2012.05.14 17:45:18.816,0.77853,0.77863,1.50,1.24
2012.05.14 17:45:18.954,0.77847,0.7786,1.50,3.00
2012.05.14 17:45:22.634,0.77845,0.7786,3.75,3.00
2012.05.14 17:45:22.774,0.77847,0.7786,1.50,3.00
2012.05.14 17:45:24.715,0.77845,0.7786,4.50,3.00
2012.05.14 17:45:25.514,0.77843,0.77859,2.25,2.25
2012.05.14 17:45:28.462,0.77844,0.7786,2.25,5.25
2012.05.14 17:45:28.846,0.77841,0.77854,3.00,2.25
2012.05.14 17:45:29.058,0.77841,0.77857,3.75,2.25
2012.05.14 17:45:29.207,0.77841,0.77859,3.75,2.25
2012.05.14 17:45:33.922,0.77842,0.77858,2.25,1.50
2012.05.14 17:45:34.463,0.77842,0.77858,2.25,1.50
2012.05.14 17:45:36.125,0.77842,0.77858,2.25,1.50
2012.05.14 17:45:36.853,0.77842,0.77858,2.25,1.50
2012.05.14 17:45:38.684,0.77842,0.77858,2.25,1.50
2012.05.14 17:45:41.442,0.77842,0.77858,3.00,1.50
2012.05.14 17:45:41.652,0.77842,0.77858,2.25,3.00
2012.05.14 17:45:47.962,0.77843,0.77859,3.38,3.00
2012.05.14 17:45:48.504,0.77841,0.77859,3.38,3.00
2012.05.14 17:46:02.510,0.77841,0.77859,3.38,3.00
2012.05.14 17:46:07.033,0.77841,0.77857,3.00,1.50
2012.05.14 17:46:07.168,0.77841,0.77857,1.50,2.25
2012.05.14 17:46:07.515,0.7784,0.77853,3.00,1.50
2012.05.14 17:46:08.214,0.77838,0.77853,2.25,1.50
2012.05.14 17:46:09.646,0.77841,0.77854,1.50,1.50
2012.05.14 17:46:10.200,0.77838,0.77854,2.25,3.00
2012.05.14 17:46:29.487,0.77838,0.77854,2.25,2.25
2012.05.14 17:46:30.234,0.77837,0.77852,1.50,1.50
2012.05.14 17:46:48.513,0.77836,0.77854,4.50,2.25
2012.05.14 17:46:48.584,0.77837,0.77852,1.50,1.50
2012.05.14 17:46:48.863,0.77836,0.7785,2.25,1.50
2012.05.14 17:46:48.935,0.77836,0.77851,3.00,1.50
2012.05.14 17:46:49.144,0.77836,0.77854,3.00,2.25
2012.05.14 17:46:49.355,0.77837,0.77851,1.50,2.25
2012.05.14 17:46:49.884,0.77834,0.7785,2.10,1.50
2012.05.14 17:46:57.256,0.77837,0.77851,2.25,2.25
2012.05.14 17:46:57.393,0.77838,0.77853,1.50,1.50
2012.05.14 17:46:57.662,0.77836,0.77851,1.50,1.50
2012.05.14 17:47:02.823,0.77838,0.77853,1.50,1.50
2012.05.14 17:47:05.735,0.77836,0.77853,1.50,3.00
2012.05.14 17:47:05.804,0.77836,0.77853,1.50,3.00
2012.05.14 17:47:11.655,0.77836,0.77849,1.50,1.50
2012.05.14 17:47:13.685,0.77839,0.77849,1.35,1.50
2012.05.14 17:47:13.896,0.77845,0.77858,3.00,1.50
2012.05.14 17:47:17.193,0.77845,0.7786,3.00,2.25
2012.05.14 17:47:17.336,0.77841,0.77857,1.50,1.50
2012.05.14 17:47:17.612,0.7784,0.77855,3.75,1.50
2012.05.14 17:47:18.383,0.77842,0.77857,1.50,1.50
2012.05.14 17:47:18.923,0.7784,0.77857,3.75,1.50
2012.05.14 17:47:27.207,0.77842,0.77857,2.10,1.50
2012.05.14 17:47:27.509,0.77848,0.77862,2.48,1.50
2012.05.14 17:47:27.584,0.7785,0.77866,1.50,1.50
2012.05.14 17:47:27.654,0.77853,0.77866,1.50,1.50
2012.05.14 17:47:27.934,0.77856,0.77872,4.50,2.25
2012.05.14 17:47:28.004,0.77859,0.77872,1.50,2.25
2012.05.14 17:47:28.543,0.7786,0.77875,3.00,2.25
2012.05.14 17:47:30.194,0.7786,0.77875,3.00,2.25
2012.05.14 17:47:30.734,0.77861,0.77875,1.50,2.25
2012.05.14 17:47:31.854,0.77858,0.77872,1.50,1.50
2012.05.14 17:47:32.792,0.77858,0.77874,1.50,3.00
2012.05.14 17:48:07.183,0.77857,0.77874,2.25,1.50
2012.05.14 17:48:22.081,0.7786,0.77874,1.50,3.00
2012.05.14 17:48:22.356,0.77865,0.77881,3.75,4.50
2012.05.14 17:48:22.425,0.77866,0.77877,2.25,1.50
2012.05.14 17:48:22.568,0.77862,0.77874,1.50,1.50
2012.05.14 17:48:22.647,0.7786,0.77874,1.50,3.00
2012.05.14 17:48:22.865,0.77862,0.77877,1.50,3.00
2012.05.14 17:48:23.413,0.77864,0.77882,2.25,2.25
2012.05.14 17:48:24.183,0.77862,0.77876,1.13,1.50
2012.05.14 17:48:24.743,0.77862,0.77877,1.13,1.50
2012.05.14 17:48:25.253,0.77862,0.77876,1.13,1.50
2012.05.14 17:48:25.824,0.77862,0.77877,1.13,1.50
2012.05.14 17:48:34.663,0.77862,0.7788,2.63,4.50
2012.05.14 17:48:35.414,0.77872,0.77878,1.50,2.25
2012.05.14 17:48:35.629,0.77877,0.77888,3.00,1.50
2012.05.14 17:48:35.707,0.77882,0.7789,1.50,1.32
2012.05.14 17:48:35.927,0.7788,0.77891,1.50,1.50
2012.05.14 17:48:35.996,0.7788,0.77892,1.50,2.25
2012.05.14 17:48:36.207,0.77877,0.77894,1.50,2.63
2012.05.14 17:48:36.287,0.77877,0.77894,2.25,1.50
2012.05.14 17:48:36.506,0.77877,0.77893,1.50,1.50
2012.05.14 17:48:37.426,0.77877,0.77889,1.50,1.50
2012.05.14 17:48:37.496,0.77875,0.77886,2.25,1.50
2012.05.14 17:48:37.566,0.7787,0.77886,3.00,1.50
2012.05.14 17:48:37.635,0.7787,0.77886,2.25,3.00
2012.05.14 17:48:38.126,0.77868,0.77885,1.50,1.13
2012.05.14 17:48:38.632,0.77866,0.77884,2.25,2.63
2012.05.14 17:48:39.194,0.77868,0.77884,1.50,2.25
2012.05.14 17:48:39.724,0.77867,0.77885,2.25,2.25
2012.05.14 17:48:42.440,0.77867,0.77885,2.25,2.25
2012.05.14 17:48:44.584,0.77867,0.77883,2.25,1.50
2012.05.14 17:48:44.975,0.77867,0.77885,2.25,3.00
2012.05.14 17:48:45.188,0.77866,0.77884,2.25,2.63
2012.05.14 17:48:45.267,0.77866,0.77882,3.00,1.50
2012.05.14 17:48:45.700,0.77868,0.77885,2.25,1.13
2012.05.14 17:48:45.944,0.77867,0.77883,2.25,2.25
2012.05.14 17:48:46.224,0.77867,0.77885,2.25,2.63
2012.05.14 17:48:46.576,0.7787,0.77885,2.25,2.63
2012.05.14 17:48:46.913,0.77872,0.77886,1.50,1.50
2012.05.14 17:48:47.483,0.7787,0.77886,2.25,1.50
2012.05.14 17:48:48.056,0.77871,0.77887,1.50,3.00
2012.05.14 17:48:49.134,0.77871,0.77887,6.00,3.00
2012.05.14 17:48:49.203,0.77871,0.77887,6.00,2.25
2012.05.14 17:48:49.345,0.77876,0.77889,1.50,1.13
2012.05.14 17:48:49.684,0.77871,0.77887,6.38,3.75
2012.05.14 17:48:49.827,0.77875,0.77891,3.75,1.50
2012.05.14 17:48:50.317,0.77872,0.77888,1.50,1.50
2012.05.14 17:48:50.672,0.77871,0.77885,2.25,1.50
2012.05.14 17:48:51.704,0.77871,0.77887,3.75,2.25
2012.05.14 17:48:52.461,0.77876,0.77888,1.50,3.00
2012.05.14 17:48:52.537,0.77878,0.77888,1.50,1.50
2012.05.14 17:48:53.079,0.77878,0.7789,1.50,1.13
2012.05.14 17:48:53.613,0.77878,0.77892,1.50,1.50
2012.05.14 17:48:56.245,0.77876,0.77891,2.25,2.25
2012.05.14 17:48:59.012,0.77876,0.7789,3.75,1.50
2012.05.14 17:49:02.962,0.77876,0.77892,5.25,3.75
2012.05.14 17:49:03.473,0.77877,0.77892,1.50,2.25
2012.05.14 17:49:06.641,0.77876,0.77892,3.75,2.25
2012.05.14 17:49:06.787,0.77876,0.77887,1.50,1.50
2012.05.14 17:49:07.133,0.7788,0.77892,1.50,1.50
2012.05.14 17:49:07.673,0.77878,0.77892,1.50,1.50
2012.05.14 17:49:09.336,0.7788,0.77892,2.44,1.50
2012.05.14 17:49:09.688,0.7791,0.77926,2.25,2.25
2012.05.14 17:49:09.768,0.77911,0.77926,1.13,2.25
2012.05.14 17:49:09.988,0.77914,0.77926,1.50,1.34
2012.05.14 17:49:10.068,0.77914,0.77926,2.25,1.05
2012.05.14 17:49:10.424,0.77917,0.7793,1.50,1.41
2012.05.14 17:49:10.794,0.7792,0.77929,2.25,1.04
2012.05.14 17:49:11.009,0.77921,0.77936,1.50,1.86
2012.05.14 17:49:11.573,0.7792,0.77934,2.25,1.41
2012.05.14 17:49:11.787,0.77918,0.77934,1.50,2.40
2012.05.14 17:49:11.866,0.77916,0.7793,3.75,2.25
2012.05.14 17:49:12.424,0.77916,0.77931,1.50,2.55
2012.05.14 17:49:12.495,0.77915,0.77931,3.75,2.25
2012.05.14 17:49:12.777,0.77916,0.77928,1.50,2.25
2012.05.14 17:49:13.717,0.77915,0.77932,3.00,3.00
2012.05.14 17:49:13.926,0.77912,0.77928,3.00,2.25
2012.05.14 17:49:13.994,0.77912,0.77928,3.00,2.25
2012.05.14 17:49:15.668,0.77915,0.7793,3.00,1.13
2012.05.14 17:49:16.027,0.77907,0.77922,1.50,1.72
2012.05.14 17:49:16.110,0.7791,0.77922,2.25,1.50
2012.05.14 17:49:16.187,0.77916,0.77922,2.25,1.50
2012.05.14 17:49:16.258,0.77916,0.77926,3.00,1.50
2012.05.14 17:49:16.823,0.77915,0.77931,3.75,2.25
2012.05.14 17:49:17.716,0.77915,0.77929,3.00,2.25
2012.05.14 17:49:17.854,0.77911,0.77925,1.50,2.25
2012.05.14 17:49:17.994,0.77912,0.77928,3.00,2.25
2012.05.14 17:49:18.065,0.77915,0.77928,3.00,2.25
2012.05.14 17:49:19.383,0.77915,0.77928,3.00,1.20
2012.05.14 17:49:20.128,0.77915,0.77927,3.00,2.70
2012.05.14 17:49:20.206,0.77915,0.77927,3.00,2.25
2012.05.14 17:49:20.629,0.77915,0.77928,3.00,2.70
2012.05.14 17:49:20.778,0.77911,0.77926,1.50,2.25
2012.05.14 17:49:20.998,0.7791,0.77928,5.25,2.25
2012.05.14 17:49:21.074,0.77914,0.77928,1.50,2.70
2012.05.14 17:49:21.486,0.77914,0.77926,3.00,2.25
2012.05.14 17:49:21.623,0.77912,0.77926,1.50,2.25
2012.05.14 17:49:21.697,0.77912,0.77927,1.50,3.75
2012.05.14 17:49:22.269,0.77914,0.77929,3.75,2.25
2012.05.14 17:49:22.704,0.77914,0.77929,3.75,3.00
2012.05.14 17:49:22.844,0.77908,0.77921,3.00,1.50
2012.05.14 17:49:22.914,0.77909,0.7792,1.50,1.50
2012.05.14 17:49:23.054,0.77915,0.7792,3.00,1.50
2012.05.14 17:49:23.126,0.77915,0.77928,3.00,2.74
2012.05.14 17:49:25.273,0.77915,0.77929,3.00,2.25
2012.05.14 17:49:27.453,0.77915,0.77928,3.00,1.50
2012.05.14 17:49:27.524,0.7791,0.77927,1.50,3.00
2012.05.14 17:49:27.593,0.77909,0.77927,5.25,3.00
2012.05.14 17:49:27.734,0.77914,0.77927,2.25,2.25
2012.05.14 17:49:28.072,0.77914,0.7793,3.75,2.25
2012.05.14 17:49:28.526,0.7791,0.77927,2.25,2.70
2012.05.14 17:49:28.738,0.7791,0.77926,3.00,1.50
2012.05.14 17:49:28.885,0.77915,0.77929,3.00,2.25
2012.05.14 17:49:29.230,0.77915,0.77926,3.00,1.50
2012.05.14 17:49:29.588,0.77915,0.77923,3.00,1.50
2012.05.14 17:49:29.738,0.77915,0.77927,3.00,1.50
2012.05.14 17:49:29.886,0.77914,0.77929,1.50,2.25
2012.05.14 17:49:30.028,0.77913,0.77928,2.25,1.50
2012.05.14 17:49:30.109,0.77911,0.77926,1.50,2.25
2012.05.14 17:49:30.326,0.77914,0.77923,2.25,1.50
2012.05.14 17:49:30.465,0.77914,0.7793,2.25,3.30
2012.05.14 17:49:30.608,0.77914,0.7793,3.00,1.28
2012.05.14 17:49:30.957,0.77914,0.77928,3.00,1.50
2012.05.14 17:49:31.714,0.77914,0.77928,3.00,2.25
2012.05.14 17:49:31.856,0.7791,0.77923,2.25,2.25
2012.05.14 17:49:31.997,0.77911,0.77927,1.50,2.25
2012.05.14 17:49:32.485,0.77909,0.77924,3.75,3.00
2012.05.14 17:49:32.561,0.77913,0.77926,1.50,1.50
2012.05.14 17:49:33.084,0.77915,0.77929,3.00,3.00
2012.05.14 17:49:33.656,0.77915,0.77928,3.00,1.50
2012.05.14 17:49:33.854,0.77915,0.77926,3.00,1.50
2012.05.14 17:49:35.457,0.77915,0.77926,2.25,2.25
2012.05.14 17:49:35.610,0.7791,0.77924,3.00,2.25
2012.05.14 17:49:36.095,0.7791,0.77919,2.25,1.50
2012.05.14 17:49:36.165,0.77904,0.77919,3.00,1.50
2012.05.14 17:49:36.506,0.77904,0.77917,3.00,1.50
2012.05.14 17:49:36.962,0.77904,0.77919,3.00,1.50
2012.05.14 17:49:37.524,0.77904,0.77918,3.75,1.50
2012.05.14 17:49:37.593,0.77904,0.7792,3.75,3.00
2012.05.14 17:49:37.804,0.77904,0.77915,3.00,1.50
2012.05.14 17:49:37.944,0.779,0.77915,3.00,1.50
2012.05.14 17:49:38.454,0.779,0.77914,2.25,1.50
2012.05.14 17:49:38.795,0.779,0.77912,2.25,1.50
2012.05.14 17:49:39.004,0.77894,0.77909,3.75,1.50
2012.05.14 17:49:39.217,0.779,0.77909,2.25,1.50
2012.05.14 17:49:39.364,0.77893,0.77909,3.00,1.50
2012.05.14 17:49:39.716,0.77893,0.77907,2.25,1.50
2012.05.14 17:49:40.294,0.77891,0.77908,2.63,1.50
2012.05.14 17:49:46.166,0.77894,0.77908,1.13,1.50
2012.05.14 17:49:46.376,0.77896,0.77912,2.25,1.50
2012.05.14 17:49:46.516,0.779,0.77911,2.25,1.50
2012.05.14 17:49:46.586,0.779,0.77913,2.25,1.50
2012.05.14 17:49:47.103,0.779,0.77914,2.25,1.50
2012.05.14 17:49:47.642,0.779,0.77913,2.25,1.50
2012.05.14 17:49:48.167,0.779,0.77914,2.25,1.50
2012.05.14 17:49:51.313,0.779,0.77914,2.25,2.25
2012.05.14 17:49:53.873,0.779,0.77914,2.25,1.50
2012.05.14 17:49:58.141,0.779,0.77915,2.25,2.93
2012.05.14 17:50:01.641,0.779,0.77913,2.25,1.50
2012.05.14 17:50:01.714,0.779,0.77915,2.25,2.25
2012.05.14 17:50:02.282,0.779,0.77914,2.25,1.50
2012.05.14 17:50:03.044,0.779,0.77915,2.25,2.25
2012.05.14 17:50:03.574,0.779,0.77914,2.25,1.50
2012.05.14 17:50:07.692,0.779,0.77913,2.25,1.35
2012.05.14 17:50:08.037,0.77892,0.77909,3.75,1.50
2012.05.14 17:50:08.254,0.77895,0.77911,2.25,3.00
2012.05.14 17:50:08.592,0.77892,0.77909,2.63,2.25
2012.05.14 17:50:09.165,0.77892,0.77908,2.63,1.50
2012.05.14 17:50:09.734,0.77892,0.77907,1.13,1.50
2012.05.14 17:50:10.275,0.77892,0.77906,1.13,1.50
2012.05.14 17:50:11.848,0.7789,0.77906,5.63,1.50
2012.05.14 17:50:12.618,0.77892,0.77906,1.13,1.50
2012.05.14 17:50:15.148,0.77892,0.77906,1.13,1.50
2012.05.14 17:50:19.353,0.77893,0.77909,2.25,3.75
2012.05.14 17:50:21.247,0.77893,0.77909,2.25,3.75
2012.05.14 17:50:21.622,0.77893,0.77909,2.25,3.75
2012.05.14 17:50:22.249,0.77892,0.77908,2.63,1.50
2012.05.14 17:50:23.719,0.77893,0.77909,2.25,3.75
2012.05.14 17:50:24.278,0.77892,0.77908,2.63,1.50
2012.05.14 17:50:38.284,0.77893,0.77909,2.25,3.75
2012.05.14 17:50:41.483,0.77892,0.77908,3.38,1.50
2012.05.14 17:50:42.005,0.77892,0.77906,1.88,2.55
2012.05.14 17:50:42.567,0.77893,0.77909,1.50,1.50
2012.05.14 17:50:42.984,0.77891,0.77907,2.25,1.50
2012.05.14 17:50:43.323,0.7789,0.77905,3.00,1.50
2012.05.14 17:50:44.011,0.7789,0.77906,4.50,1.50
2012.05.14 17:50:44.144,0.7789,0.77908,4.50,2.25
2012.05.14 17:50:44.753,0.7789,0.77907,3.00,1.50
2012.05.14 17:50:48.397,0.7789,0.77907,2.25,1.50
2012.05.14 17:51:03.711,0.7789,0.77906,2.25,1.50
2012.05.14 17:51:15.163,0.7789,0.77906,4.50,1.50
2012.05.14 17:51:15.351,0.7789,0.77908,4.50,1.50
2012.05.14 17:51:15.943,0.77891,0.77907,2.25,1.50
2012.05.14 17:51:17.193,0.7789,0.77906,4.50,1.50
2012.05.14 17:51:18.278,0.77891,0.77907,2.25,1.50
2012.05.14 17:51:19.492,0.7789,0.77906,4.50,1.50
2012.05.14 17:51:30.383,0.77891,0.77907,3.00,1.50
2012.05.14 17:51:30.803,0.77891,0.77905,1.50,1.50
2012.05.14 17:51:30.972,0.77891,0.77907,1.50,1.50
2012.05.14 17:51:34.721,0.77891,0.77907,1.50,1.50
2012.05.14 17:51:37.247,0.77893,0.77909,1.50,3.00
2012.05.14 17:51:37.532,0.77899,0.7791,2.25,2.63
2012.05.14 17:51:37.612,0.77899,0.77915,3.38,1.99
2012.05.14 17:51:37.827,0.77901,0.77914,1.13,2.25
2012.05.14 17:51:37.894,0.77899,0.77914,1.13,2.25
2012.05.14 17:51:41.461,0.77899,0.77911,1.13,1.50
2012.05.14 17:51:42.148,0.77899,0.77913,1.13,2.25
2012.05.14 17:51:42.756,0.77899,0.77913,1.13,1.50
2012.05.14 17:51:42.826,0.77899,0.77914,1.13,1.50
2012.05.14 17:51:42.966,0.77901,0.77916,1.50,1.50
2012.05.14 17:51:43.105,0.77902,0.77916,3.00,1.50
2012.05.14 17:51:44.856,0.77902,0.77919,3.00,1.50
2012.05.14 17:51:45.045,0.77905,0.7792,1.50,3.75
2012.05.14 17:51:45.317,0.77903,0.7792,1.88,3.75
2012.05.14 17:51:45.823,0.77904,0.7792,2.25,5.25
2012.05.14 17:51:50.843,0.77903,0.77919,1.88,1.50
2012.05.14 17:51:51.575,0.77903,0.7792,1.88,6.75
2012.05.14 17:51:51.707,0.77904,0.7792,1.50,6.75
2012.05.14 17:51:52.135,0.77904,0.7792,3.00,3.00
2012.05.14 17:51:52.464,0.77909,0.7792,2.25,3.00
2012.05.14 17:51:52.815,0.77916,0.77927,3.00,2.25
2012.05.14 17:51:52.885,0.77916,0.77929,3.00,2.25
2012.05.14 17:51:53.027,0.77917,0.77929,3.00,2.25
2012.05.14 17:51:53.105,0.77917,0.77935,3.00,4.50
2012.05.14 17:51:53.733,0.77917,0.77933,3.00,1.50
2012.05.14 17:51:56.305,0.77925,0.77937,2.25,1.50
2012.05.14 17:51:56.374,0.77925,0.77938,3.75,1.99
2012.05.14 17:51:56.644,0.77925,0.77941,4.50,2.63
2012.05.14 17:52:02.053,0.77924,0.77942,2.25,2.25
2012.05.14 17:52:02.336,0.77921,0.77937,3.75,1.50
2012.05.14 17:52:02.475,0.77919,0.77937,2.25,1.50
2012.05.14 17:52:03.017,0.77919,0.77937,1.50,1.50
2012.05.14 17:52:07.542,0.77921,0.77938,1.50,1.88
2012.05.14 17:52:08.380,0.7792,0.77938,1.50,1.88
2012.05.14 17:52:08.702,0.77922,0.77938,1.50,1.88
2012.05.14 17:52:08.973,0.7792,0.77938,1.50,1.88
2012.05.14 17:52:09.173,0.77918,0.77934,3.75,1.50
2012.05.14 17:52:09.525,0.77916,0.77932,2.25,1.50
2012.05.14 17:52:10.265,0.77917,0.77933,1.50,1.50
2012.05.14 17:52:10.594,0.77917,0.77933,1.50,2.63
2012.05.14 17:52:10.666,0.77914,0.7793,1.50,1.88
2012.05.14 17:52:10.736,0.77912,0.77927,2.25,1.50
2012.05.14 17:52:10.946,0.77911,0.77929,2.25,1.50
2012.05.14 17:52:11.463,0.77912,0.7793,2.25,1.50
2012.05.14 17:52:12.605,0.77911,0.77929,2.25,1.50
2012.05.14 17:52:13.393,0.77912,0.7793,2.25,1.50
2012.05.14 17:52:16.183,0.77914,0.77931,1.50,1.50
2012.05.14 17:52:16.527,0.77917,0.77934,1.50,1.88
2012.05.14 17:52:17.536,0.77915,0.77933,2.25,1.88
2012.05.14 17:52:18.333,0.77916,0.77934,1.50,2.63
2012.05.14 17:52:18.875,0.77916,0.77932,1.50,1.50
2012.05.14 17:52:19.761,0.77916,0.77934,1.50,2.63
2012.05.14 17:52:20.487,0.77915,0.77933,2.25,1.88
2012.05.14 17:52:25.793,0.77917,0.77933,1.50,1.50
2012.05.14 17:52:27.151,0.77916,0.77932,1.50,1.50
2012.05.14 17:52:27.673,0.77915,0.77933,2.25,1.50
2012.05.14 17:52:28.211,0.77916,0.77932,1.50,1.50
2012.05.14 17:52:30.713,0.77917,0.77933,1.50,1.50
2012.05.14 17:52:36.421,0.77918,0.77934,1.50,2.63
2012.05.14 17:52:36.821,0.77916,0.77934,1.50,2.63
2012.05.14 17:52:38.384,0.77918,0.77934,1.50,2.63
2012.05.14 17:52:38.703,0.77916,0.77934,3.00,2.63
2012.05.14 17:52:44.684,0.77917,0.77933,1.50,1.50
2012.05.14 17:52:45.191,0.77916,0.77934,1.50,2.63
2012.05.14 17:52:46.002,0.77915,0.77933,2.25,1.50
2012.05.14 17:52:46.780,0.77916,0.77934,1.50,2.63
2012.05.14 17:52:49.178,0.77915,0.77933,2.25,1.50
2012.05.14 17:52:50.348,0.77917,0.77933,1.50,1.50
2012.05.14 17:52:50.709,0.77922,0.77938,2.25,3.60
2012.05.14 17:52:51.160,0.7792,0.77936,2.25,1.50
2012.05.14 17:52:51.884,0.77922,0.77938,2.25,2.10
2012.05.14 17:52:52.628,0.77921,0.77937,1.50,1.50
2012.05.14 17:52:52.845,0.77919,0.77934,2.25,1.50
2012.05.14 17:52:53.247,0.77917,0.77933,1.50,1.50
2012.05.14 17:52:56.015,0.77917,0.77935,1.50,1.88
2012.05.14 17:52:56.599,0.77918,0.77934,1.50,1.88
2012.05.14 17:53:00.638,0.77916,0.77934,3.00,1.88
2012.05.14 17:53:00.785,0.77917,0.77935,3.00,1.88
2012.05.14 17:53:00.996,0.77918,0.77936,2.25,3.75
2012.05.14 17:53:01.066,0.77922,0.77937,1.50,1.50
2012.05.14 17:53:01.569,0.77922,0.77938,1.50,2.10
2012.05.14 17:53:01.703,0.7792,0.77938,2.25,3.60
2012.05.14 17:53:03.226,0.77922,0.77938,1.50,3.60
2012.05.14 17:53:05.481,0.7792,0.77938,2.25,3.60
2012.05.14 17:53:07.487,0.77921,0.77938,1.50,2.10
2012.05.14 17:53:08.087,0.77921,0.77937,1.50,1.50
2012.05.14 17:53:27.056,0.7792,0.77937,2.25,1.13
2012.05.14 17:53:27.325,0.77922,0.77938,2.25,2.25
2012.05.14 17:53:27.654,0.77923,0.77939,2.25,2.25
2012.05.14 17:53:28.202,0.77922,0.77938,1.88,1.50
2012.05.14 17:53:28.743,0.77922,0.7794,3.38,3.00
2012.05.14 17:53:30.722,0.77921,0.77937,3.00,1.50
2012.05.14 17:53:30.867,0.77919,0.77936,3.19,1.50
2012.05.14 17:53:31.427,0.77919,0.77935,3.00,1.50
2012.05.14 17:53:45.703,0.7792,0.77936,1.50,1.50
2012.05.14 17:53:47.784,0.77919,0.77936,1.50,1.50
2012.05.14 17:53:48.867,0.77919,0.77937,3.00,1.50
2012.05.14 17:53:49.215,0.77922,0.77939,1.50,4.13
2012.05.14 17:53:49.578,0.77922,0.77939,1.88,1.50
2012.05.14 17:53:51.417,0.77922,0.77938,1.88,1.50
2012.05.14 17:53:53.214,0.77922,0.77937,1.13,1.50
2012.05.14 17:53:53.805,0.77922,0.77938,3.38,1.50
2012.05.14 17:54:00.832,0.77922,0.77937,1.88,1.50
2012.05.14 17:54:01.163,0.77922,0.77939,1.88,1.50
2012.05.14 17:54:04.220,0.77922,0.77937,1.13,1.50
2012.05.14 17:54:04.749,0.77922,0.77938,2.63,1.50
2012.05.14 17:54:06.207,0.77922,0.77935,1.13,1.50
2012.05.14 17:54:06.289,0.77918,0.77935,3.00,1.50
2012.05.14 17:54:06.575,0.77918,0.77933,1.50,1.50
2012.05.14 17:54:06.861,0.77917,0.77931,1.50,1.50
2012.05.14 17:54:07.082,0.77917,0.77928,1.50,1.50
2012.05.14 17:54:07.365,0.77914,0.77928,1.88,1.50
2012.05.14 17:54:07.648,0.77914,0.7793,2.63,3.00
2012.05.14 17:54:08.604,0.77914,0.77929,2.63,1.50
2012.05.14 17:54:11.748,0.77916,0.77932,1.50,1.80
2012.05.14 17:54:12.304,0.77916,0.77931,1.50,1.50
2012.05.14 17:54:12.625,0.77916,0.77928,1.50,1.50
2012.05.14 17:54:13.183,0.77912,0.7793,4.13,1.50
2012.05.14 17:54:16.323,0.77912,0.77928,3.38,1.50
2012.05.14 17:54:16.655,0.7791,0.77924,1.50,1.50
2012.05.14 17:54:16.866,0.77913,0.77928,1.50,1.50
2012.05.14 17:54:16.934,0.77913,0.77928,2.25,1.50
2012.05.14 17:54:17.463,0.77913,0.77929,2.25,1.50
2012.05.14 17:54:18.065,0.77912,0.7793,2.25,1.50
2012.05.14 17:54:18.585,0.77911,0.77929,4.50,1.50
2012.05.14 17:54:21.475,0.77916,0.77929,1.88,1.50
2012.05.14 17:54:21.544,0.77916,0.77934,3.38,3.34
2012.05.14 17:54:22.614,0.77916,0.77932,3.38,1.50
2012.05.14 17:54:23.147,0.77917,0.77933,2.25,2.10
2012.05.14 17:54:25.845,0.77916,0.77932,3.38,1.50
2012.05.14 17:54:26.407,0.77916,0.77931,1.13,1.50
2012.05.14 17:54:28.532,0.77916,0.77931,1.13,1.50
2012.05.14 17:54:29.675,0.77916,0.77931,1.13,1.50
2012.05.14 17:54:31.054,0.77917,0.77933,2.25,2.10
2012.05.14 17:54:35.143,0.77916,0.77932,3.38,1.50
2012.05.14 17:54:35.720,0.77917,0.77933,2.25,2.10
2012.05.14 17:54:37.459,0.77916,0.77932,3.38,1.50
2012.05.14 17:54:37.538,0.77916,0.7793,1.88,1.50
2012.05.14 17:54:37.896,0.77914,0.77925,1.13,1.50
2012.05.14 17:54:38.106,0.77909,0.77927,2.25,3.00
2012.05.14 17:54:48.006,0.77909,0.77927,1.50,1.50
2012.05.14 17:54:51.614,0.77908,0.77926,3.00,1.50
2012.05.14 17:54:52.045,0.77906,0.77922,2.25,1.50
2012.05.14 17:54:52.394,0.77908,0.77924,1.50,1.50
2012.05.14 17:54:52.534,0.77906,0.77924,1.50,1.50
2012.05.14 17:54:52.603,0.77906,0.77922,1.50,1.50
2012.05.14 17:54:53.133,0.77905,0.77921,3.00,1.50
2012.05.14 17:54:55.313,0.77905,0.77921,3.75,1.50
2012.05.14 17:54:57.724,0.77906,0.77924,2.25,1.50
2012.05.14 17:54:58.338,0.77905,0.77923,3.75,1.50
2012.05.14 17:54:59.010,0.77906,0.77922,2.25,1.50
2012.05.14 17:55:00.634,0.77907,0.77923,1.50,1.50
2012.05.14 17:55:01.293,0.77906,0.77922,2.25,1.50
2012.05.14 17:55:01.616,0.77906,0.77924,2.25,1.50
2012.05.14 17:55:01.895,0.77906,0.77922,2.25,1.50
2012.05.14 17:55:02.668,0.77907,0.77923,1.50,1.50
2012.05.14 17:55:04.416,0.77906,0.77922,2.25,1.50
2012.05.14 17:55:04.896,0.77905,0.7792,2.25,1.50
2012.05.14 17:55:05.240,0.77905,0.77918,2.25,1.50
2012.05.14 17:55:05.315,0.77905,0.7792,2.25,1.50
2012.05.14 17:55:05.589,0.77905,0.77918,2.25,1.50
2012.05.14 17:55:06.096,0.77905,0.77918,1.50,1.50
2012.05.14 17:55:06.618,0.77905,0.77919,1.50,1.50
2012.05.14 17:55:09.268,0.77905,0.7792,1.50,1.50
2012.05.14 17:55:11.434,0.77905,0.7792,2.25,1.50
2012.05.14 17:55:11.576,0.77906,0.77924,2.25,1.50
2012.05.14 17:55:12.085,0.77906,0.77923,1.50,1.50
2012.05.14 17:55:12.703,0.77906,0.77924,3.00,1.50
2012.05.14 17:55:13.147,0.77906,0.77924,2.25,2.25
2012.05.14 17:55:13.497,0.77905,0.77918,2.25,3.00
2012.05.14 17:55:13.988,0.77907,0.77918,3.00,1.50
2012.05.14 17:55:14.209,0.77912,0.77925,1.50,2.85
2012.05.14 17:55:14.289,0.77912,0.77925,1.50,2.85
2012.05.14 17:55:14.507,0.77915,0.77927,1.50,1.50
2012.05.14 17:55:14.575,0.77915,0.77931,1.50,2.74
2012.05.14 17:55:15.189,0.77913,0.77931,2.25,2.74
2012.05.14 17:55:18.173,0.77912,0.7793,2.25,1.99
2012.05.14 17:55:19.136,0.77911,0.77929,2.25,1.50
2012.05.14 17:55:19.656,0.7791,0.77928,4.13,1.50
2012.05.14 17:55:21.913,0.77911,0.77929,2.25,1.99
2012.05.14 17:55:22.056,0.7791,0.77928,2.25,1.50
2012.05.14 17:55:22.243,0.7791,0.77928,2.25,1.50
2012.05.14 17:55:22.374,0.7791,0.77928,2.25,1.50
2012.05.14 17:55:28.065,0.7791,0.77926,2.25,1.50
2012.05.14 17:55:28.414,0.77909,0.77924,1.88,1.50
2012.05.14 17:55:30.244,0.77912,0.77926,2.25,1.50
2012.05.14 17:55:30.314,0.77912,0.77928,2.25,1.99
2012.05.14 17:55:30.787,0.77909,0.77925,3.00,1.50
2012.05.14 17:55:30.856,0.77909,0.77925,3.00,1.50
2012.05.14 17:55:31.259,0.7791,0.77926,2.63,3.00
2012.05.14 17:55:31.605,0.77912,0.77928,2.25,3.00
2012.05.14 17:55:32.105,0.77911,0.77927,2.25,1.50
2012.05.14 17:55:32.319,0.7791,0.77926,1.13,1.50
2012.05.14 17:55:32.606,0.7791,0.77921,1.13,1.50
2012.05.14 17:55:32.885,0.77906,0.77921,1.88,1.50
2012.05.14 17:55:33.419,0.77906,0.77922,1.88,1.50
2012.05.14 17:55:37.246,0.77906,0.77919,1.50,1.27
2012.05.14 17:55:37.598,0.77903,0.77916,1.50,1.50
2012.05.14 17:55:37.815,0.77904,0.77922,2.25,1.50
2012.05.14 17:55:37.958,0.77904,0.77919,1.50,1.50
2012.05.14 17:55:38.162,0.77906,0.77921,2.25,1.50
2012.05.14 17:55:38.236,0.77906,0.77924,2.25,1.50
2012.05.14 17:55:38.303,0.77906,0.77922,2.25,1.50
2012.05.14 17:55:49.044,0.77905,0.7792,1.50,1.50
2012.05.14 17:55:49.385,0.77904,0.77918,1.50,1.50
2012.05.14 17:55:49.923,0.77903,0.77917,1.50,1.50
2012.05.14 17:55:54.292,0.77903,0.77918,1.50,1.50
2012.05.14 17:55:55.825,0.77903,0.77919,1.50,1.50
2012.05.14 17:55:56.156,0.77903,0.77917,1.50,1.50
2012.05.14 17:55:56.979,0.77903,0.77918,1.50,1.50
2012.05.14 17:55:57.485,0.77903,0.77917,1.50,1.50
2012.05.14 17:56:00.393,0.77903,0.77918,1.50,1.50
2012.05.14 17:56:01.324,0.77903,0.7792,1.50,1.50
2012.05.14 17:56:01.552,0.77903,0.77918,1.50,1.50
2012.05.14 17:56:10.612,0.77903,0.77917,1.50,1.50
2012.05.14 17:56:11.174,0.77903,0.77919,1.50,1.50
2012.05.14 17:56:11.677,0.77903,0.77918,1.50,1.50
