2014.04.17 16:00:00.437,0.85818,0.85826,1.88,1.00
2014.04.17 16:00:01.629,0.85819,0.85826,1.00,1.00
2014.04.17 16:00:04.599,0.85818,0.85826,1.13,1.00
2014.04.17 16:00:10.590,0.85817,0.85826,1.00,1.00
2014.04.17 16:00:10.742,0.85815,0.85826,2.33,1.00
2014.04.17 16:00:14.111,0.85815,0.85826,2.33,1.00
2014.04.17 16:00:21.870,0.85817,0.85826,1.00,1.00
2014.04.17 16:00:22.072,0.85815,0.85826,1.25,1.10
2014.04.17 16:00:22.615,0.85814,0.85825,1.77,1.00
2014.04.17 16:00:23.129,0.85814,0.85825,1.50,1.00
2014.04.17 16:00:30.707,0.85814,0.85825,1.00,1.15
2014.04.17 16:00:31.145,0.85811,0.85821,1.69,1.00
2014.04.17 16:00:31.197,0.85811,0.85821,1.00,1.00
2014.04.17 16:00:31.248,0.8581,0.85821,1.13,1.15
2014.04.17 16:00:31.653,0.85808,0.85819,1.00,1.58
2014.04.17 16:00:31.755,0.85808,0.85819,1.00,3.08
2014.04.17 16:00:32.260,0.85807,0.85818,1.00,1.15
2014.04.17 16:00:32.765,0.85808,0.85819,1.00,1.15
2014.04.17 16:00:34.879,0.8581,0.85821,1.00,1.34
2014.04.17 16:00:35.400,0.8581,0.85821,1.00,1.34
2014.04.17 16:00:35.958,0.85809,0.85819,1.00,1.10
2014.04.17 16:00:36.464,0.85809,0.8582,1.00,1.02
2014.04.17 16:00:36.767,0.85813,0.85823,1.38,1.25
2014.04.17 16:00:37.425,0.85815,0.85825,1.38,1.10
2014.04.17 16:00:41.217,0.85817,0.85827,1.38,1.19
2014.04.17 16:00:45.101,0.85817,0.85827,1.38,1.00
2014.04.17 16:00:45.607,0.8582,0.85827,1.38,1.00
2014.04.17 16:00:45.860,0.85822,0.85832,1.88,1.25
2014.04.17 16:00:46.062,0.85822,0.85834,1.88,2.52
2014.04.17 16:00:46.315,0.85827,0.85838,1.38,2.89
2014.04.17 16:00:46.416,0.85827,0.85838,1.88,1.95
2014.04.17 16:00:46.620,0.85829,0.85839,1.38,1.84
2014.04.17 16:00:46.772,0.85832,0.85841,1.38,1.25
2014.04.17 16:00:46.976,0.85832,0.85844,2.63,1.32
2014.04.17 16:00:47.612,0.85832,0.85844,1.32,1.35
2014.04.17 16:00:49.925,0.85834,0.85846,1.00,1.84
2014.04.17 16:00:51.015,0.85832,0.85844,1.25,1.84
2014.04.17 16:00:51.117,0.85832,0.85842,1.25,1.15
2014.04.17 16:00:51.622,0.85832,0.85841,1.00,1.10
2014.04.17 16:00:53.555,0.85831,0.85841,1.00,1.10
2014.04.17 16:01:00.956,0.85828,0.8584,1.25,1.00
2014.04.17 16:01:03.361,0.85825,0.85836,1.34,1.00
2014.04.17 16:01:03.614,0.85822,0.85834,2.14,1.00
2014.04.17 16:01:04.027,0.8582,0.85832,1.40,1.00
2014.04.17 16:01:04.179,0.8582,0.85832,1.02,1.00
2014.04.17 16:01:06.093,0.8582,0.85832,1.09,1.00
2014.04.17 16:01:06.783,0.8582,0.85832,1.02,1.00
2014.04.17 16:01:08.588,0.8582,0.85832,1.09,1.00
2014.04.17 16:01:08.791,0.8582,0.85832,1.09,1.00
2014.04.17 16:01:08.841,0.85829,0.8584,4.31,3.68
2014.04.17 16:01:08.892,0.85835,0.8584,1.38,2.18
2014.04.17 16:01:08.943,0.85838,0.85844,1.00,1.84
2014.04.17 16:01:09.096,0.85838,0.85847,1.00,1.00
2014.04.17 16:01:09.298,0.85838,0.8585,1.10,1.25
2014.04.17 16:01:09.450,0.85838,0.8585,1.15,1.00
2014.04.17 16:01:09.754,0.85842,0.85852,1.00,1.19
2014.04.17 16:01:10.058,0.85846,0.85854,1.00,1.00
2014.04.17 16:01:10.362,0.85849,0.85855,1.00,1.00
2014.04.17 16:01:10.513,0.85847,0.85855,1.58,1.00
2014.04.17 16:01:11.940,0.85846,0.85855,1.25,1.00
2014.04.17 16:01:12.395,0.85844,0.85853,1.00,1.00
2014.04.17 16:01:12.496,0.85841,0.85853,1.00,1.10
2014.04.17 16:01:12.597,0.85839,0.85851,1.00,1.10
2014.04.17 16:01:13.794,0.85846,0.85851,1.00,1.25
2014.04.17 16:01:14.047,0.85847,0.85854,1.00,1.00
2014.04.17 16:01:14.149,0.85847,0.85852,1.00,1.00
2014.04.17 16:01:14.250,0.85843,0.85852,4.69,1.00
2014.04.17 16:01:14.301,0.85841,0.85852,1.29,1.00
2014.04.17 16:01:15.731,0.8584,0.85852,1.25,1.10
2014.04.17 16:01:15.783,0.85838,0.8585,2.37,1.00
2014.04.17 16:01:16.087,0.85837,0.85847,1.77,1.00
2014.04.17 16:01:16.189,0.85837,0.85847,1.00,1.00
2014.04.17 16:01:16.239,0.85835,0.85846,1.00,1.00
2014.04.17 16:01:16.745,0.85835,0.85847,1.25,1.25
2014.04.17 16:01:17.401,0.85839,0.85847,1.00,1.25
2014.04.17 16:01:17.705,0.85844,0.85853,1.98,2.93
2014.04.17 16:01:17.756,0.85845,0.85854,1.05,1.00
2014.04.17 16:01:18.635,0.85844,0.85854,1.65,1.00
2014.04.17 16:01:19.144,0.85842,0.85852,1.10,1.00
2014.04.17 16:01:19.232,0.85842,0.8585,1.10,1.00
2014.04.17 16:01:19.765,0.85842,0.85852,1.10,1.00
2014.04.17 16:01:20.019,0.85842,0.85853,1.15,1.00
2014.04.17 16:01:20.536,0.85842,0.85854,1.15,1.00
2014.04.17 16:01:20.837,0.85845,0.85854,1.18,1.00
2014.04.17 16:01:21.190,0.85847,0.85856,1.50,1.00
2014.04.17 16:01:21.291,0.85847,0.85858,1.50,1.00
2014.04.17 16:01:25.322,0.85849,0.85858,2.48,1.00
2014.04.17 16:01:25.474,0.85852,0.85864,1.25,1.00
2014.04.17 16:01:26.850,0.85853,0.85864,1.29,1.00
2014.04.17 16:01:31.087,0.85856,0.85866,1.25,1.00
2014.04.17 16:01:32.215,0.85854,0.85866,2.52,1.00
2014.04.17 16:01:37.262,0.85854,0.85866,1.84,1.00
2014.04.17 16:01:43.516,0.85856,0.85868,1.69,1.25
2014.04.17 16:01:44.199,0.85856,0.85868,1.77,1.25
2014.04.17 16:01:48.101,0.85856,0.85868,2.52,1.25
2014.04.17 16:01:56.757,0.85857,0.85868,1.00,1.25
2014.04.17 16:01:58.876,0.85856,0.85868,1.77,1.25
2014.04.17 16:02:00.001,0.85856,0.85868,1.69,1.09
2014.04.17 16:02:02.623,0.85856,0.85868,1.69,1.09
2014.04.17 16:02:14.720,0.85856,0.85868,1.25,1.40
2014.04.17 16:02:15.384,0.85856,0.85868,1.25,1.09
2014.04.17 16:02:17.775,0.85856,0.85868,1.25,1.40
2014.04.17 16:02:18.405,0.85856,0.85868,1.25,1.09
2014.04.17 16:02:24.113,0.85856,0.85868,1.25,1.09
2014.04.17 16:02:27.287,0.85856,0.85868,1.25,1.09
2014.04.17 16:02:27.872,0.85856,0.85868,1.25,1.40
2014.04.17 16:02:28.492,0.85856,0.85868,1.25,1.09
2014.04.17 16:02:31.297,0.85856,0.85868,1.25,1.40
2014.04.17 16:02:31.929,0.85856,0.85868,1.25,1.09
2014.04.17 16:02:32.526,0.85857,0.85868,1.00,1.09
2014.04.17 16:02:36.175,0.85857,0.85868,1.00,1.09
2014.04.17 16:02:36.676,0.85857,0.85868,1.00,1.09
2014.04.17 16:02:37.481,0.85857,0.85868,1.00,1.40
2014.04.17 16:02:39.166,0.85857,0.85868,1.00,1.40
2014.04.17 16:02:56.555,0.85857,0.85869,2.22,1.33
2014.04.17 16:02:57.360,0.85858,0.85869,1.39,1.00
2014.04.17 16:02:57.934,0.85857,0.85869,1.29,1.38
2014.04.17 16:02:58.187,0.85853,0.85862,1.50,1.10
2014.04.17 16:02:59.898,0.85851,0.85862,1.25,1.00
2014.04.17 16:02:59.949,0.85849,0.8586,1.69,1.00
2014.04.17 16:03:00.484,0.85849,0.8586,1.00,1.18
2014.04.17 16:03:03.127,0.85849,0.8586,2.10,1.18
2014.04.17 16:03:03.650,0.8585,0.8586,1.00,1.00
2014.04.17 16:03:05.715,0.8585,0.8586,1.00,1.18
2014.04.17 16:03:06.274,0.85849,0.8586,1.50,1.18
2014.04.17 16:03:24.159,0.85849,0.8586,1.00,1.25
2014.04.17 16:03:32.864,0.85849,0.8586,1.00,1.19
2014.04.17 16:03:37.298,0.85849,0.8586,1.00,1.34
2014.04.17 16:03:51.950,0.85849,0.8586,1.25,1.18
2014.04.17 16:03:52.503,0.85849,0.8586,1.00,1.40
2014.04.17 16:03:59.957,0.85848,0.85863,1.25,3.27
2014.04.17 16:04:08.974,0.85847,0.85863,1.25,4.02
2014.04.17 16:04:14.885,0.85847,0.85862,1.19,1.34
2014.04.17 16:04:14.986,0.85847,0.85858,1.50,1.10
2014.04.17 16:04:15.189,0.85846,0.85856,1.25,1.00
2014.04.17 16:04:15.502,0.85842,0.85852,2.44,1.00
2014.04.17 16:04:16.044,0.85842,0.85852,1.94,1.00
2014.04.17 16:04:16.594,0.85841,0.85852,1.54,1.00
2014.04.17 16:04:16.898,0.85841,0.85852,1.00,1.00
2014.04.17 16:04:16.999,0.85841,0.85852,1.00,1.15
2014.04.17 16:04:17.533,0.85841,0.85852,1.00,1.15
2014.04.17 16:04:18.050,0.85841,0.85852,1.00,1.40
2014.04.17 16:04:25.353,0.85841,0.85852,1.00,1.40
2014.04.17 16:04:29.044,0.8584,0.85851,1.00,1.18
2014.04.17 16:04:31.230,0.8584,0.85851,1.10,1.00
2014.04.17 16:04:31.735,0.8584,0.85851,1.18,1.00
2014.04.17 16:04:32.041,0.8584,0.85851,1.15,1.00
2014.04.17 16:04:32.766,0.85841,0.85851,2.33,1.00
2014.04.17 16:04:32.968,0.85841,0.85852,1.15,1.25
2014.04.17 16:04:33.170,0.85841,0.85852,1.10,1.25
2014.04.17 16:04:37.448,0.85841,0.85852,1.10,1.19
2014.04.17 16:04:40.515,0.85841,0.85852,3.08,1.19
2014.04.17 16:04:40.667,0.85843,0.85854,1.15,1.25
2014.04.17 16:04:41.506,0.85842,0.85853,3.45,1.00
2014.04.17 16:04:42.173,0.85843,0.85853,2.33,1.00
2014.04.17 16:04:46.450,0.85842,0.85853,3.08,1.00
2014.04.17 16:04:46.933,0.85842,0.85853,1.15,1.00
2014.04.17 16:04:47.087,0.85842,0.85853,1.10,1.25
2014.04.17 16:04:48.000,0.85842,0.85853,1.15,1.69
2014.04.17 16:04:48.505,0.85842,0.85853,1.15,1.19
2014.04.17 16:04:52.943,0.85842,0.85853,1.15,1.19
2014.04.17 16:04:53.444,0.8584,0.85851,3.27,1.00
2014.04.17 16:04:54.335,0.85842,0.85853,1.18,1.19
2014.04.17 16:04:54.386,0.85842,0.85853,1.10,1.19
2014.04.17 16:04:54.875,0.8584,0.85851,3.27,1.00
2014.04.17 16:04:55.665,0.85843,0.85853,2.33,1.19
2014.04.17 16:04:56.170,0.85842,0.85853,3.08,1.19
2014.04.17 16:05:05.003,0.85842,0.85853,3.08,1.25
2014.04.17 16:05:08.525,0.85842,0.85853,1.15,1.25
2014.04.17 16:05:09.090,0.85842,0.85853,1.15,1.25
2014.04.17 16:05:10.156,0.85842,0.85851,1.15,1.00
2014.04.17 16:05:13.440,0.85842,0.85851,1.15,1.00
2014.04.17 16:05:13.961,0.85842,0.85851,1.15,1.00
2014.04.17 16:05:17.047,0.85842,0.85853,1.15,1.25
2014.04.17 16:05:23.944,0.85842,0.85853,1.15,1.25
2014.04.17 16:05:24.248,0.85844,0.85855,1.18,1.25
2014.04.17 16:05:26.823,0.85844,0.85858,1.09,1.19
2014.04.17 16:05:27.346,0.85844,0.85855,1.09,1.00
2014.04.17 16:05:28.352,0.85846,0.85857,1.00,1.25
2014.04.17 16:05:33.336,0.85846,0.85857,1.19,1.00
2014.04.17 16:05:41.388,0.85846,0.85852,1.00,1.13
2014.04.17 16:05:41.439,0.85844,0.85852,1.00,1.20
2014.04.17 16:05:41.490,0.85844,0.8585,1.00,1.00
2014.04.17 16:05:41.591,0.85839,0.85849,2.29,1.00
2014.04.17 16:05:41.692,0.85838,0.85849,1.00,1.00
2014.04.17 16:05:42.208,0.85837,0.85848,1.00,1.00
2014.04.17 16:05:43.443,0.85839,0.8585,1.00,1.77
2014.04.17 16:05:43.567,0.85839,0.8585,1.00,1.00
2014.04.17 16:05:43.669,0.8584,0.8585,1.08,1.00
2014.04.17 16:05:44.199,0.8584,0.85851,1.10,1.00
2014.04.17 16:05:44.662,0.85836,0.85847,1.27,1.00
2014.04.17 16:05:44.714,0.85836,0.85847,1.10,1.00
2014.04.17 16:05:45.219,0.85835,0.85846,1.10,1.00
2014.04.17 16:05:49.940,0.85835,0.85846,1.84,1.00
2014.04.17 16:05:50.041,0.85838,0.85849,1.00,1.19
2014.04.17 16:05:50.344,0.85839,0.85849,1.50,1.00
2014.04.17 16:05:50.648,0.8584,0.85851,1.15,1.00
2014.04.17 16:05:52.518,0.8584,0.85851,1.40,1.00
2014.04.17 16:05:52.873,0.85843,0.85853,2.93,1.00
2014.04.17 16:05:52.975,0.85845,0.85853,1.18,1.00
2014.04.17 16:05:53.431,0.85844,0.85851,1.23,1.00
2014.04.17 16:05:53.888,0.85844,0.85854,1.23,1.00
2014.04.17 16:05:54.435,0.85844,0.85854,1.69,1.00
2014.04.17 16:05:54.555,0.85845,0.85856,1.29,1.00
2014.04.17 16:05:56.667,0.85846,0.85856,1.09,1.00
2014.04.17 16:05:59.369,0.85846,0.85856,1.25,1.50
2014.04.17 16:05:59.875,0.85846,0.85856,1.09,1.00
2014.04.17 16:06:00.990,0.85846,0.85856,1.25,1.00
2014.04.17 16:06:02.682,0.85846,0.85855,1.00,1.00
2014.04.17 16:06:02.834,0.85844,0.85855,1.50,1.50
2014.04.17 16:06:03.036,0.85844,0.85855,2.44,1.00
2014.04.17 16:06:03.841,0.85846,0.85855,1.00,1.00
2014.04.17 16:06:04.194,0.85843,0.85853,3.19,1.00
2014.04.17 16:06:04.730,0.85842,0.85853,2.40,1.00
2014.04.17 16:06:04.781,0.85842,0.85853,2.33,1.00
2014.04.17 16:06:04.882,0.85842,0.85851,1.10,1.00
2014.04.17 16:06:05.414,0.8584,0.85851,1.84,1.00
2014.04.17 16:06:07.931,0.8584,0.85849,1.08,1.00
2014.04.17 16:06:07.982,0.85838,0.85849,1.84,1.00
2014.04.17 16:06:08.502,0.85839,0.85849,1.02,1.00
2014.04.17 16:06:10.040,0.85839,0.85849,1.18,1.00
2014.04.17 16:06:12.989,0.85839,0.85849,1.50,1.00
2014.04.17 16:06:13.502,0.85843,0.85849,1.10,1.00
2014.04.17 16:06:19.123,0.85842,0.85849,1.10,1.00
2014.04.17 16:06:20.524,0.85842,0.85849,1.08,1.00
2014.04.17 16:06:20.827,0.85842,0.85851,1.02,1.00
2014.04.17 16:06:21.338,0.85842,0.85851,1.09,1.00
2014.04.17 16:06:21.441,0.85842,0.85851,1.09,1.00
2014.04.17 16:06:23.423,0.85842,0.85851,1.09,1.00
2014.04.17 16:06:27.201,0.85842,0.85853,4.13,1.00
2014.04.17 16:06:27.707,0.85844,0.85853,1.10,1.00
2014.04.17 16:06:27.961,0.85844,0.85855,1.77,1.00
2014.04.17 16:06:28.466,0.85846,0.85855,1.00,1.00
2014.04.17 16:06:31.703,0.85846,0.85853,1.00,1.00
2014.04.17 16:06:31.753,0.85843,0.85853,1.18,1.00
2014.04.17 16:06:31.804,0.85843,0.85851,1.43,1.00
2014.04.17 16:06:32.310,0.85843,0.85851,1.50,1.00
2014.04.17 16:06:33.897,0.85843,0.85853,1.92,1.00
2014.04.17 16:06:35.505,0.85843,0.85853,1.25,1.00
2014.04.17 16:06:35.758,0.85843,0.8585,1.25,1.00
2014.04.17 16:06:36.064,0.85841,0.8585,1.25,1.00
2014.04.17 16:06:38.639,0.85842,0.8585,2.67,1.00
2014.04.17 16:06:38.841,0.85843,0.85855,2.25,1.19
2014.04.17 16:06:40.331,0.85843,0.85855,2.44,1.25
2014.04.17 16:06:42.558,0.85847,0.85855,1.00,1.00
2014.04.17 16:06:48.027,0.85847,0.85852,1.00,1.00
2014.04.17 16:06:48.286,0.85844,0.85852,1.19,1.00
2014.04.17 16:06:48.832,0.85844,0.85853,1.19,1.00
2014.04.17 16:06:49.356,0.85844,0.85853,1.25,1.00
2014.04.17 16:06:49.976,0.85844,0.85852,1.25,1.00
2014.04.17 16:06:51.389,0.85843,0.85852,1.00,1.00
2014.04.17 16:06:51.642,0.85842,0.8585,1.69,1.00
2014.04.17 16:06:53.505,0.85841,0.8585,1.00,1.00
2014.04.17 16:06:57.524,0.85841,0.8585,1.00,1.18
2014.04.17 16:06:59.414,0.85841,0.8585,1.00,1.10
2014.04.17 16:07:00.894,0.85841,0.8585,1.00,1.77
2014.04.17 16:07:01.047,0.85839,0.85848,1.00,1.10
2014.04.17 16:07:01.553,0.85839,0.85849,1.00,1.10
2014.04.17 16:07:02.187,0.85839,0.85849,1.25,1.18
2014.04.17 16:07:02.708,0.85839,0.85849,1.25,1.00
2014.04.17 16:07:05.610,0.85839,0.85844,1.25,1.00
2014.04.17 16:07:05.763,0.85836,0.85842,1.25,1.00
2014.04.17 16:07:06.503,0.85836,0.85841,1.25,1.00
2014.04.17 16:07:06.554,0.85831,0.85841,2.44,1.10
2014.04.17 16:07:06.605,0.85831,0.85839,2.44,1.00
2014.04.17 16:07:06.909,0.85831,0.85837,1.75,1.00
2014.04.17 16:07:07.061,0.85826,0.85837,4.88,1.00
2014.04.17 16:07:07.144,0.85829,0.8584,1.00,1.00
2014.04.17 16:07:07.658,0.8583,0.85841,1.00,1.10
2014.04.17 16:07:27.647,0.8583,0.85841,1.25,1.18
2014.04.17 16:07:28.346,0.8583,0.85841,1.00,1.40
2014.04.17 16:07:32.674,0.8583,0.85841,1.00,1.40
2014.04.17 16:07:33.214,0.85829,0.85841,1.25,1.09
2014.04.17 16:07:33.829,0.85826,0.85838,2.44,1.18
2014.04.17 16:07:34.376,0.85826,0.85837,1.69,1.18
2014.04.17 16:07:34.888,0.85828,0.85838,1.25,1.18
2014.04.17 16:07:36.944,0.85826,0.85838,1.69,1.18
2014.04.17 16:07:37.950,0.85826,0.85838,1.00,1.40
2014.04.17 16:07:40.823,0.85825,0.85836,1.00,1.09
2014.04.17 16:07:54.004,0.85825,0.85836,1.19,1.18
2014.04.17 16:07:56.618,0.85825,0.85836,1.19,1.10
2014.04.17 16:07:57.236,0.85825,0.85837,1.69,1.25
2014.04.17 16:08:06.815,0.85825,0.85837,1.69,1.09
2014.04.17 16:08:10.982,0.85825,0.85837,1.19,1.18
2014.04.17 16:08:11.620,0.85823,0.85834,1.54,1.00
2014.04.17 16:08:14.409,0.85823,0.85834,1.54,1.00
2014.04.17 16:08:17.808,0.85823,0.85833,1.54,1.00
2014.04.17 16:08:22.746,0.85822,0.85833,1.92,1.08
2014.04.17 16:08:23.279,0.85822,0.85833,1.92,1.08
2014.04.17 16:08:30.427,0.85822,0.85831,1.79,1.00
2014.04.17 16:08:52.221,0.85821,0.85831,4.54,1.00
2014.04.17 16:08:57.249,0.85821,0.85831,4.54,1.00
2014.04.17 16:09:06.998,0.85822,0.85832,1.49,1.00
2014.04.17 16:09:07.504,0.85826,0.85832,1.00,1.00
2014.04.17 16:09:08.139,0.85826,0.85833,1.50,1.00
2014.04.17 16:09:09.368,0.85826,0.85833,1.69,1.00
2014.04.17 16:09:09.878,0.85828,0.85833,1.00,1.00
2014.04.17 16:09:15.537,0.85825,0.85833,1.29,1.00
2014.04.17 16:09:16.056,0.85823,0.85832,1.92,1.00
2014.04.17 16:09:16.806,0.85823,0.85832,1.17,1.00
2014.04.17 16:09:19.349,0.85824,0.85832,1.05,1.00
2014.04.17 16:09:21.738,0.85824,0.85834,1.05,1.00
2014.04.17 16:09:22.748,0.85824,0.85832,1.05,1.00
2014.04.17 16:09:37.541,0.85822,0.85832,2.67,1.00
2014.04.17 16:09:38.512,0.85824,0.85832,1.05,1.00
2014.04.17 16:09:39.914,0.85824,0.8583,1.05,1.00
2014.04.17 16:09:40.657,0.8582,0.8583,1.69,1.00
2014.04.17 16:09:40.910,0.85818,0.85828,1.54,1.00
2014.04.17 16:09:41.364,0.85817,0.85826,1.79,1.00
2014.04.17 16:09:42.851,0.85817,0.85826,1.79,1.00
2014.04.17 16:09:43.858,0.85817,0.85826,1.79,1.00
2014.04.17 16:09:44.360,0.85817,0.85827,1.79,1.00
2014.04.17 16:09:45.151,0.85817,0.85827,1.79,1.00
2014.04.17 16:09:46.419,0.85817,0.85826,1.79,1.00
2014.04.17 16:09:48.834,0.85816,0.85827,3.79,1.00
2014.04.17 16:09:59.971,0.85817,0.85828,1.79,1.10
2014.04.17 16:10:01.491,0.85817,0.85828,1.79,1.10
2014.04.17 16:10:04.012,0.85817,0.85828,1.79,1.10
2014.04.17 16:10:06.431,0.8582,0.85828,1.00,1.10
2014.04.17 16:10:06.945,0.85819,0.85828,1.25,1.00
2014.04.17 16:10:08.468,0.85819,0.85828,1.19,1.00
2014.04.17 16:10:08.906,0.85823,0.85828,1.00,1.00
2014.04.17 16:10:09.439,0.85824,0.85828,1.00,1.00
2014.04.17 16:10:09.958,0.85824,0.85829,1.00,1.00
2014.04.17 16:10:14.145,0.85823,0.85829,1.50,1.00
2014.04.17 16:10:32.094,0.85822,0.85829,1.50,1.00
2014.04.17 16:10:32.600,0.85821,0.85828,1.00,1.00
2014.04.17 16:10:33.290,0.85821,0.85829,1.00,1.00
2014.04.17 16:10:40.366,0.8582,0.85829,1.25,1.00
2014.04.17 16:10:41.686,0.85819,0.85829,1.25,1.00
2014.04.17 16:10:42.014,0.85823,0.85829,1.00,1.00
2014.04.17 16:10:42.115,0.85823,0.85831,1.00,1.25
2014.04.17 16:10:42.166,0.85825,0.85831,1.00,1.25
2014.04.17 16:10:42.217,0.85826,0.85833,1.00,1.25
2014.04.17 16:10:42.420,0.85823,0.85833,1.50,1.25
2014.04.17 16:10:42.928,0.85823,0.85832,1.00,1.00
2014.04.17 16:10:43.232,0.85825,0.85832,1.00,1.00
2014.04.17 16:10:43.918,0.85825,0.85831,1.00,1.00
2014.04.17 16:10:45.200,0.85825,0.8583,1.00,1.00
2014.04.17 16:10:47.699,0.85828,0.85834,1.00,1.19
2014.04.17 16:10:47.801,0.85826,0.8583,1.00,1.00
2014.04.17 16:10:47.902,0.85828,0.85837,1.00,1.65
2014.04.17 16:10:48.104,0.85828,0.85837,1.00,1.00
2014.04.17 16:10:50.881,0.85832,0.85837,1.00,1.00
2014.04.17 16:10:50.983,0.8583,0.85838,1.00,1.00
2014.04.17 16:10:51.515,0.8583,0.85839,1.00,1.00
2014.04.17 16:10:52.039,0.85831,0.85839,1.00,1.00
2014.04.17 16:10:57.221,0.85832,0.85839,1.00,1.00
2014.04.17 16:10:57.764,0.85831,0.85839,1.00,1.00
2014.04.17 16:10:58.644,0.85829,0.85839,1.00,1.00
2014.04.17 16:10:58.745,0.85828,0.85836,1.50,1.00
2014.04.17 16:10:59.763,0.85831,0.85836,1.00,1.00
2014.04.17 16:11:00.189,0.85829,0.85836,1.50,1.00
2014.04.17 16:11:01.189,0.85828,0.85836,1.00,1.00
2014.04.17 16:11:01.711,0.85829,0.85836,1.00,1.00
2014.04.17 16:11:04.973,0.85829,0.85835,1.00,1.00
2014.04.17 16:11:05.704,0.85828,0.85835,1.00,1.00
2014.04.17 16:11:05.900,0.85825,0.85832,1.25,1.00
2014.04.17 16:11:06.205,0.8582,0.85827,1.18,1.00
2014.04.17 16:11:06.745,0.8582,0.85827,1.00,1.00
2014.04.17 16:11:07.254,0.8582,0.85828,1.00,1.00
2014.04.17 16:11:07.557,0.85822,0.85828,1.00,1.00
2014.04.17 16:11:07.912,0.85819,0.85827,1.10,1.00
2014.04.17 16:11:08.854,0.85819,0.85826,1.00,1.00
2014.04.17 16:11:09.209,0.85814,0.85825,2.07,1.08
2014.04.17 16:11:09.310,0.85814,0.85823,1.32,1.10
2014.04.17 16:11:09.614,0.85814,0.85821,1.25,1.00
2014.04.17 16:11:09.822,0.85812,0.8582,1.25,1.00
2014.04.17 16:11:09.974,0.85811,0.85817,1.00,1.00
2014.04.17 16:11:10.481,0.8581,0.85818,1.50,1.00
2014.04.17 16:11:10.784,0.85813,0.8582,1.00,1.00
2014.04.17 16:11:13.142,0.85814,0.8582,1.00,1.00
2014.04.17 16:11:16.042,0.85814,0.85821,1.00,1.00
2014.04.17 16:11:17.582,0.85814,0.85822,1.00,1.00
2014.04.17 16:11:18.096,0.85815,0.85823,1.00,1.50
2014.04.17 16:11:19.954,0.85814,0.85823,1.50,1.50
2014.04.17 16:11:20.421,0.85814,0.85821,1.00,1.00
2014.04.17 16:11:20.522,0.85814,0.85823,1.50,1.50
2014.04.17 16:11:20.929,0.85816,0.85823,1.00,1.50
2014.04.17 16:11:35.465,0.85815,0.85823,1.00,1.58
2014.04.17 16:11:35.770,0.85815,0.85821,1.00,1.00
2014.04.17 16:11:37.701,0.85813,0.85821,1.25,1.00
2014.04.17 16:11:38.207,0.85813,0.85822,1.00,1.58
2014.04.17 16:11:38.724,0.85813,0.85822,1.00,1.65
2014.04.17 16:11:39.230,0.85814,0.85822,1.00,1.65
2014.04.17 16:11:41.989,0.85812,0.85822,3.04,1.50
2014.04.17 16:11:42.242,0.85812,0.8582,3.04,1.00
2014.04.17 16:11:42.751,0.85814,0.8582,1.00,1.00
2014.04.17 16:11:43.336,0.85814,0.85821,1.00,1.00
2014.04.17 16:11:48.204,0.85815,0.85821,1.00,1.00
2014.04.17 16:11:48.305,0.85816,0.85823,1.00,1.00
2014.04.17 16:11:49.156,0.85816,0.85824,1.00,1.50
2014.04.17 16:11:59.660,0.85813,0.85824,1.54,1.58
2014.04.17 16:12:00.029,0.85814,0.85821,1.25,1.00
2014.04.17 16:12:00.764,0.85813,0.85821,1.05,1.00
2014.04.17 16:12:00.967,0.8581,0.8582,1.19,1.00
2014.04.17 16:12:01.473,0.8581,0.85819,1.19,1.00
2014.04.17 16:12:02.157,0.8581,0.85818,1.19,1.00
2014.04.17 16:12:02.642,0.85806,0.85818,1.19,1.18
2014.04.17 16:12:02.696,0.85805,0.85816,1.69,1.18
2014.04.17 16:12:03.000,0.85804,0.85813,1.25,1.65
2014.04.17 16:12:03.511,0.85803,0.85812,1.49,1.00
2014.04.17 16:12:04.043,0.85802,0.85812,3.12,1.00
2014.04.17 16:12:06.171,0.85806,0.85812,1.00,1.00
2014.04.17 16:12:06.431,0.85807,0.85814,1.00,1.00
2014.04.17 16:12:06.735,0.85807,0.85817,2.48,1.08
2014.04.17 16:12:06.786,0.85815,0.8582,1.00,1.08
2014.04.17 16:12:06.837,0.85815,0.85821,1.00,1.08
2014.04.17 16:12:06.888,0.85815,0.85821,1.00,1.00
2014.04.17 16:12:07.209,0.85817,0.85821,1.00,1.00
2014.04.17 16:12:07.419,0.85817,0.85823,1.00,1.00
2014.04.17 16:12:08.714,0.85816,0.85823,1.00,1.00
2014.04.17 16:12:08.989,0.85814,0.85823,1.00,1.00
2014.04.17 16:12:09.598,0.85813,0.85822,1.54,1.00
2014.04.17 16:12:10.108,0.85815,0.85822,1.00,1.00
2014.04.17 16:12:13.897,0.85813,0.85822,1.54,1.00
2014.04.17 16:12:22.466,0.85814,0.85822,1.00,1.10
2014.04.17 16:12:34.188,0.85815,0.85822,1.00,1.00
2014.04.17 16:12:51.340,0.85812,0.85822,1.85,1.00
2014.04.17 16:12:57.701,0.85814,0.85822,1.00,1.00
2014.04.17 16:13:03.580,0.85815,0.85822,1.00,1.00
2014.04.17 16:13:09.158,0.85815,0.85825,1.00,1.09
2014.04.17 16:13:14.699,0.85815,0.85825,1.00,1.20
2014.04.17 16:13:15.053,0.85816,0.85823,1.10,1.00
2014.04.17 16:13:31.007,0.85817,0.85823,1.00,1.00
2014.04.17 16:13:36.431,0.85815,0.85823,1.00,1.00
2014.04.17 16:13:36.942,0.85814,0.85823,1.50,1.00
2014.04.17 16:13:50.158,0.85815,0.85823,1.00,1.00
2014.04.17 16:13:57.985,0.85816,0.85823,1.00,1.00
2014.04.17 16:14:02.189,0.85815,0.85823,1.50,1.00
2014.04.17 16:14:06.390,0.85814,0.85823,1.00,1.00
2014.04.17 16:14:06.914,0.85813,0.85822,1.35,1.00
2014.04.17 16:14:09.209,0.85815,0.85822,1.00,1.00
2014.04.17 16:14:09.750,0.85815,0.85823,1.00,1.00
2014.04.17 16:14:13.617,0.85816,0.85823,1.00,1.00
2014.04.17 16:14:15.560,0.85817,0.85823,1.00,1.00
2014.04.17 16:14:24.771,0.85816,0.85823,1.00,1.00
2014.04.17 16:14:25.319,0.85815,0.85823,1.00,1.00
2014.04.17 16:14:27.281,0.85816,0.85823,1.00,1.00
2014.04.17 16:14:28.207,0.85815,0.85823,1.50,1.00
2014.04.17 16:14:28.721,0.85816,0.85824,1.00,1.00
2014.04.17 16:14:30.115,0.85812,0.85824,3.12,1.00
2014.04.17 16:14:43.666,0.85814,0.85824,1.19,1.00
2014.04.17 16:14:44.369,0.85814,0.85822,1.19,1.00
2014.04.17 16:14:45.677,0.85815,0.85824,1.25,1.00
2014.04.17 16:14:57.327,0.85815,0.85824,1.19,1.00
2014.04.17 16:15:10.752,0.85816,0.85825,1.25,1.00
2014.04.17 16:15:13.199,0.85816,0.85824,1.00,1.00
2014.04.17 16:15:16.027,0.85816,0.85823,1.00,1.00
2014.04.17 16:15:16.612,0.85816,0.85824,1.00,1.00
2014.04.17 16:15:17.343,0.85817,0.85824,1.00,1.00
2014.04.17 16:15:18.868,0.85818,0.85824,1.00,1.00
2014.04.17 16:15:19.131,0.85818,0.85827,1.00,1.25
2014.04.17 16:15:19.384,0.8582,0.85827,1.00,1.00
2014.04.17 16:15:19.569,0.8582,0.85829,1.00,1.00
2014.04.17 16:15:21.140,0.85817,0.85829,3.94,1.00
2014.04.17 16:15:21.342,0.85819,0.85831,1.09,1.25
2014.04.17 16:15:21.889,0.85819,0.85831,1.40,1.25
2014.04.17 16:15:22.420,0.8582,0.85832,1.09,1.25
2014.04.17 16:15:23.323,0.85819,0.85831,1.37,1.00
2014.04.17 16:15:26.924,0.85819,0.85831,1.37,1.00
2014.04.17 16:15:27.556,0.85819,0.85831,1.40,1.25
2014.04.17 16:15:28.140,0.85819,0.85831,1.09,1.25
2014.04.17 16:15:29.007,0.8582,0.85831,1.09,1.00
2014.04.17 16:15:32.875,0.8582,0.85831,1.09,1.00
2014.04.17 16:15:33.405,0.8582,0.85831,1.33,1.00
2014.04.17 16:15:36.576,0.8582,0.85831,1.02,1.00
2014.04.17 16:15:39.756,0.85819,0.8583,1.25,1.00
2014.04.17 16:15:42.458,0.85818,0.85828,1.05,1.00
2014.04.17 16:15:45.378,0.85817,0.85828,3.12,1.00
2014.04.17 16:15:45.783,0.85819,0.8583,1.25,1.00
2014.04.17 16:15:46.315,0.85818,0.85829,1.62,1.00
2014.04.17 16:15:46.824,0.85819,0.8583,1.09,1.00
2014.04.17 16:15:52.636,0.85819,0.8583,1.25,1.00
2014.04.17 16:15:53.768,0.85819,0.8583,1.25,1.38
2014.04.17 16:15:53.819,0.85816,0.85827,1.29,1.00
2014.04.17 16:15:54.123,0.85813,0.85824,3.04,1.00
2014.04.17 16:15:54.650,0.85813,0.85823,2.29,1.00
2014.04.17 16:15:55.170,0.85813,0.85823,1.54,1.00
2014.04.17 16:15:55.373,0.85814,0.85825,1.19,1.00
2014.04.17 16:15:56.260,0.85814,0.85825,1.19,1.00
2014.04.17 16:15:59.558,0.85816,0.85826,2.29,1.00
2014.04.17 16:16:00.106,0.85816,0.85827,3.79,1.00
2014.04.17 16:16:05.708,0.85817,0.85827,1.05,1.00
2014.04.17 16:16:10.312,0.85817,0.85828,1.54,1.00
2014.04.17 16:16:10.515,0.85816,0.85827,1.19,1.08
2014.04.17 16:16:10.617,0.85814,0.85825,1.25,1.10
2014.04.17 16:16:10.870,0.85812,0.85822,1.79,1.00
2014.04.17 16:16:11.412,0.85812,0.85823,2.29,1.00
2014.04.17 16:16:22.203,0.85813,0.85823,1.62,1.00
2014.04.17 16:16:23.634,0.85813,0.85823,1.62,1.00
2014.04.17 16:16:25.051,0.85816,0.85827,1.25,1.10
2014.04.17 16:16:25.557,0.85815,0.85826,1.29,1.00
2014.04.17 16:16:26.322,0.85815,0.85826,1.29,1.00
2014.04.17 16:16:27.455,0.85815,0.85826,1.25,1.10
2014.04.17 16:16:45.233,0.85814,0.85825,1.69,1.00
2014.04.17 16:16:47.217,0.85814,0.85825,1.69,1.00
2014.04.17 16:16:49.067,0.85814,0.85824,1.25,1.00
2014.04.17 16:16:49.422,0.85813,0.8582,1.54,1.00
2014.04.17 16:16:49.878,0.85813,0.85822,1.05,1.00
2014.04.17 16:16:50.182,0.85813,0.8582,1.05,1.00
2014.04.17 16:16:55.378,0.85812,0.85821,2.10,1.00
2014.04.17 16:16:58.325,0.85812,0.85822,2.10,1.58
2014.04.17 16:17:03.834,0.85812,0.85822,2.10,1.88
2014.04.17 16:17:03.885,0.85811,0.85817,1.00,1.13
2014.04.17 16:17:04.037,0.85808,0.85817,1.00,1.13
2014.04.17 16:17:04.088,0.85805,0.85816,1.60,1.00
2014.04.17 16:17:04.604,0.85808,0.85819,1.00,1.10
2014.04.17 16:17:05.270,0.85806,0.85817,1.54,1.00
2014.04.17 16:17:06.410,0.85806,0.85817,1.54,1.00
2014.04.17 16:17:10.469,0.85805,0.85816,2.52,1.00
2014.04.17 16:17:11.003,0.85806,0.85817,1.19,1.10
2014.04.17 16:17:11.511,0.85806,0.85817,1.25,1.00
2014.04.17 16:17:12.103,0.85807,0.85818,1.00,1.00
2014.04.17 16:17:17.276,0.85808,0.85819,1.00,1.00
2014.04.17 16:17:20.889,0.85807,0.85818,2.29,1.00
2014.04.17 16:17:25.791,0.85807,0.85818,2.29,1.00
2014.04.17 16:17:30.151,0.85807,0.85823,2.29,3.15
2014.04.17 16:17:30.908,0.85808,0.85819,1.00,1.08
2014.04.17 16:17:31.582,0.85808,0.85819,1.50,1.00
2014.04.17 16:17:35.362,0.85808,0.85819,1.69,1.00
2014.04.17 16:17:35.906,0.85809,0.8582,1.25,1.10
2014.04.17 16:17:38.080,0.85808,0.85819,1.69,1.00
2014.04.17 16:17:38.593,0.8581,0.85819,1.00,1.00
2014.04.17 16:17:40.375,0.85808,0.85819,2.52,1.00
2014.04.17 16:17:40.986,0.85808,0.85819,2.52,1.00
2014.04.17 16:17:41.502,0.85808,0.85819,2.52,1.00
2014.04.17 16:17:45.668,0.85807,0.85818,3.12,1.00
2014.04.17 16:17:46.192,0.85807,0.85817,1.54,1.00
2014.04.17 16:17:47.807,0.85807,0.85817,1.35,1.00
2014.04.17 16:17:48.318,0.85807,0.85816,1.00,1.50
2014.04.17 16:17:48.369,0.85807,0.85815,1.00,1.88
2014.04.17 16:17:48.875,0.85804,0.85814,2.93,1.00
2014.04.17 16:17:48.926,0.85803,0.85814,3.30,1.00
2014.04.17 16:17:49.078,0.85801,0.85812,1.58,1.00
2014.04.17 16:17:49.735,0.85802,0.85813,1.00,1.25
2014.04.17 16:17:52.476,0.85802,0.85813,1.09,1.00
2014.04.17 16:17:52.982,0.85802,0.85813,1.25,1.00
2014.04.17 16:17:57.605,0.85803,0.85813,1.10,1.00
2014.04.17 16:17:58.312,0.85803,0.85812,1.10,1.00
2014.04.17 16:17:58.817,0.85803,0.85813,1.10,1.00
2014.04.17 16:18:06.345,0.85802,0.85813,2.59,1.00
2014.04.17 16:18:06.800,0.85803,0.85814,1.65,1.25
2014.04.17 16:18:06.953,0.85805,0.85816,1.18,1.00
2014.04.17 16:18:07.459,0.85805,0.85816,1.10,1.00
2014.04.17 16:18:09.177,0.85805,0.85816,1.33,1.00
2014.04.17 16:18:09.632,0.85805,0.85814,1.02,1.00
2014.04.17 16:18:10.087,0.85803,0.85814,1.50,1.73
2014.04.17 16:18:10.391,0.85795,0.85801,1.00,1.00
2014.04.17 16:18:10.645,0.85791,0.85801,1.00,1.10
2014.04.17 16:18:11.185,0.8579,0.85801,1.25,1.65
2014.04.17 16:18:12.178,0.8579,0.85801,1.00,1.58
2014.04.17 16:18:12.866,0.8579,0.858,1.50,1.50
2014.04.17 16:18:12.916,0.85788,0.85795,1.58,1.75
2014.04.17 16:18:13.119,0.85777,0.85788,1.50,2.25
2014.04.17 16:18:13.322,0.85774,0.85784,1.00,1.18
2014.04.17 16:18:13.373,0.85774,0.85785,1.00,3.83
2014.04.17 16:18:13.575,0.85774,0.85785,1.00,1.40
2014.04.17 16:18:13.778,0.85773,0.8578,1.00,1.00
2014.04.17 16:18:13.980,0.8577,0.85782,1.00,1.40
2014.04.17 16:18:14.081,0.85774,0.85782,1.00,1.09
2014.04.17 16:18:14.653,0.85774,0.8578,1.00,1.00
2014.04.17 16:18:14.856,0.85769,0.8578,1.50,1.00
2014.04.17 16:18:15.059,0.85769,0.8578,1.25,1.65
2014.04.17 16:18:15.211,0.85767,0.85777,1.00,1.02
2014.04.17 16:18:15.313,0.85768,0.85775,1.00,1.00
2014.04.17 16:18:15.616,0.8577,0.85775,1.00,1.00
2014.04.17 16:18:17.527,0.8577,0.85776,1.00,1.00
2014.04.17 16:18:18.032,0.8577,0.85777,1.00,1.25
2014.04.17 16:18:19.577,0.85767,0.85777,1.00,1.00
2014.04.17 16:18:19.729,0.85767,0.85774,1.00,1.00
2014.04.17 16:18:19.830,0.85765,0.85774,1.31,1.00
2014.04.17 16:18:20.487,0.85762,0.85773,3.19,1.00
2014.04.17 16:18:21.083,0.85763,0.85773,1.00,1.10
2014.04.17 16:18:21.133,0.85762,0.8577,2.25,1.00
2014.04.17 16:18:21.652,0.85761,0.8577,1.69,1.00
2014.04.17 16:18:21.961,0.85763,0.85771,1.00,1.00
2014.04.17 16:18:22.408,0.85765,0.85771,1.00,1.10
2014.04.17 16:18:22.925,0.85764,0.85771,1.00,1.00
2014.04.17 16:18:24.220,0.85764,0.85776,1.00,2.59
2014.04.17 16:18:24.777,0.85764,0.85771,1.00,1.00
2014.04.17 16:18:25.291,0.85763,0.85771,1.00,1.00
2014.04.17 16:18:25.808,0.85764,0.85771,1.00,1.00
2014.04.17 16:18:26.364,0.85763,0.85771,1.00,1.00
2014.04.17 16:18:27.335,0.8576,0.8577,1.69,1.08
2014.04.17 16:18:27.386,0.8576,0.8577,1.50,1.08
2014.04.17 16:18:27.488,0.8575,0.85761,2.25,8.64
2014.04.17 16:18:27.640,0.85749,0.85755,1.00,2.70
2014.04.17 16:18:27.755,0.85744,0.85751,1.00,1.00
2014.04.17 16:18:27.857,0.85749,0.85757,1.00,2.25
2014.04.17 16:18:27.959,0.8575,0.85759,1.38,1.00
2014.04.17 16:18:28.010,0.8575,0.85759,1.38,1.50
2014.04.17 16:18:28.061,0.8575,0.85763,1.38,1.10
2014.04.17 16:18:28.617,0.85754,0.85761,1.10,1.00
2014.04.17 16:18:29.130,0.85754,0.85762,1.38,1.10
2014.04.17 16:18:29.282,0.85754,0.85763,1.38,1.10
2014.04.17 16:18:31.007,0.85757,0.85762,1.38,1.00
2014.04.17 16:18:32.144,0.85757,0.85761,1.00,1.00
2014.04.17 16:18:33.955,0.85757,0.85762,1.38,1.00
2014.04.17 16:18:34.473,0.85757,0.85763,1.38,1.00
2014.04.17 16:18:36.525,0.85757,0.85764,1.38,1.00
2014.04.17 16:18:36.626,0.85752,0.85758,1.38,1.00
2014.04.17 16:18:36.880,0.8575,0.85757,1.00,1.98
2014.04.17 16:18:37.083,0.8575,0.85757,1.00,1.58
2014.04.17 16:18:37.438,0.85753,0.85759,1.13,1.10
2014.04.17 16:18:37.851,0.85753,0.85763,1.38,1.29
2014.04.17 16:18:38.433,0.85754,0.8576,1.00,1.00
2014.04.17 16:18:42.346,0.85754,0.8576,1.00,1.00
2014.04.17 16:18:42.498,0.85752,0.85756,1.50,1.00
2014.04.17 16:18:42.779,0.85749,0.85753,1.00,1.10
2014.04.17 16:18:43.623,0.85747,0.85753,1.38,1.00
2014.04.17 16:18:44.468,0.85745,0.8575,1.38,1.00
2014.04.17 16:18:44.771,0.85735,0.85743,1.15,1.35
2014.04.17 16:18:44.822,0.85733,0.85742,2.78,1.00
2014.04.17 16:18:44.873,0.85732,0.85739,3.83,1.00
2014.04.17 16:18:45.025,0.85731,0.85741,1.69,1.50
2014.04.17 16:18:45.127,0.85731,0.8574,1.69,1.00
2014.04.17 16:18:45.178,0.85731,0.85737,1.25,1.00
2014.04.17 16:18:45.482,0.85727,0.85733,1.38,1.00
2014.04.17 16:18:45.786,0.85722,0.85729,3.19,1.00
2014.04.17 16:18:45.887,0.85723,0.85734,2.63,1.00
2014.04.17 16:18:45.938,0.85723,0.85734,3.57,1.00
2014.04.17 16:18:46.040,0.85723,0.85736,4.47,1.00
2014.04.17 16:18:46.394,0.85724,0.85734,1.29,1.00
2014.04.17 16:18:46.924,0.85723,0.85733,1.69,1.00
2014.04.17 16:18:47.228,0.85723,0.85736,1.69,1.18
2014.04.17 16:18:47.685,0.85727,0.85736,1.00,1.18
2014.04.17 16:18:47.836,0.85727,0.8574,1.25,1.40
2014.04.17 16:18:47.887,0.85729,0.8574,1.00,1.09
2014.04.17 16:18:48.393,0.85729,0.85742,1.48,1.19
2014.04.17 16:18:48.950,0.85732,0.85742,1.38,1.37
2014.04.17 16:18:49.609,0.85728,0.85742,1.69,1.37
2014.04.17 16:18:50.126,0.85729,0.85742,1.19,1.02
2014.04.17 16:18:51.154,0.85728,0.85742,1.77,1.29
2014.04.17 16:18:51.331,0.85728,0.85739,1.29,1.13
2014.04.17 16:18:51.636,0.8573,0.85737,1.00,1.65
2014.04.17 16:18:51.788,0.8573,0.85741,1.50,1.19
2014.04.17 16:18:52.294,0.85731,0.85742,1.00,1.09
2014.04.17 16:18:52.839,0.8573,0.85742,1.00,1.84
2014.04.17 16:18:53.591,0.8573,0.85741,2.18,1.00
2014.04.17 16:18:53.642,0.85737,0.85742,1.38,1.25
2014.04.17 16:18:53.744,0.85739,0.85743,1.00,1.00
2014.04.17 16:18:53.795,0.85743,0.85749,1.00,1.19
2014.04.17 16:18:53.846,0.85739,0.85749,1.00,1.19
2014.04.17 16:18:54.201,0.85751,0.85757,1.00,1.10
2014.04.17 16:18:54.303,0.85753,0.85758,1.00,1.25
2014.04.17 16:18:54.404,0.85749,0.85761,1.00,1.29
2014.04.17 16:18:55.164,0.8575,0.85759,1.00,1.19
2014.04.17 16:18:58.837,0.8575,0.8576,1.00,1.25
2014.04.17 16:18:59.413,0.85749,0.8576,1.00,1.19
2014.04.17 16:19:00.947,0.85749,0.8576,1.00,1.19
2014.04.17 16:19:01.471,0.8575,0.8576,1.00,1.19
2014.04.17 16:19:01.978,0.8575,0.8576,1.00,1.19
2014.04.17 16:19:04.424,0.85749,0.8576,1.00,1.19
2014.04.17 16:19:06.221,0.8575,0.8576,1.00,1.19
2014.04.17 16:19:07.422,0.85751,0.8576,1.00,1.19
2014.04.17 16:19:10.392,0.85754,0.85761,1.00,1.19
2014.04.17 16:19:11.989,0.85754,0.85761,1.00,1.19
2014.04.17 16:19:15.288,0.85754,0.85764,1.00,1.85
2014.04.17 16:19:15.339,0.85759,0.85765,1.00,1.79
2014.04.17 16:19:15.440,0.85759,0.85765,1.00,1.25
2014.04.17 16:19:15.542,0.85758,0.85766,1.10,1.19
2014.04.17 16:19:15.795,0.85763,0.8577,1.00,1.25
2014.04.17 16:19:15.896,0.8576,0.8577,1.50,1.25
2014.04.17 16:19:16.099,0.85767,0.85773,1.00,1.50
2014.04.17 16:19:16.150,0.85767,0.85774,1.00,1.00
2014.04.17 16:19:16.680,0.85763,0.85776,1.15,1.19
2014.04.17 16:19:16.933,0.85763,0.85776,1.18,1.19
2014.04.17 16:19:17.952,0.85763,0.85776,1.18,1.19
2014.04.17 16:19:18.371,0.85763,0.8577,1.18,3.10
2014.04.17 16:19:18.524,0.85758,0.85765,1.00,1.50
2014.04.17 16:19:18.625,0.85755,0.85765,1.88,1.50
2014.04.17 16:19:18.676,0.85755,0.85768,1.88,1.29
2014.04.17 16:19:18.727,0.85755,0.85768,1.88,1.67
2014.04.17 16:19:19.233,0.85756,0.85765,1.00,1.00
2014.04.17 16:19:19.768,0.85756,0.85764,1.00,1.10
2014.04.17 16:19:20.072,0.85756,0.85762,1.00,1.00
2014.04.17 16:19:22.341,0.85756,0.85762,1.38,1.00
2014.04.17 16:19:22.594,0.85757,0.85764,1.00,1.00
2014.04.17 16:19:23.124,0.85756,0.85764,1.00,1.00
2014.04.17 16:19:23.638,0.85755,0.85764,1.25,1.00
2014.04.17 16:19:24.580,0.85755,0.85764,1.47,1.00
2014.04.17 16:19:25.615,0.85758,0.85765,1.13,1.00
2014.04.17 16:19:27.123,0.85754,0.85765,2.59,1.00
2014.04.17 16:19:27.225,0.85754,0.85763,1.10,1.00
2014.04.17 16:19:31.417,0.85753,0.85763,1.00,1.10
2014.04.17 16:19:31.646,0.85749,0.85761,1.69,1.10
2014.04.17 16:19:31.849,0.85748,0.85758,2.44,1.00
2014.04.17 16:19:31.900,0.85746,0.85758,1.37,1.00
2014.04.17 16:19:32.001,0.85746,0.85758,1.00,1.15
2014.04.17 16:19:32.510,0.85746,0.85757,1.00,1.02
2014.04.17 16:19:33.312,0.85747,0.85757,1.00,1.02
2014.04.17 16:19:33.973,0.85748,0.85757,1.00,1.00
2014.04.17 16:19:34.551,0.85748,0.85758,1.00,1.25
2014.04.17 16:19:35.170,0.85748,0.85757,1.00,1.00
2014.04.17 16:19:35.625,0.85745,0.85754,1.19,1.00
2014.04.17 16:19:35.676,0.85745,0.85754,1.00,1.10
2014.04.17 16:19:36.215,0.85745,0.85753,1.00,1.00
2014.04.17 16:19:37.792,0.85743,0.85753,1.69,1.00
2014.04.17 16:19:43.720,0.85742,0.85753,1.19,1.00
2014.04.17 16:19:43.924,0.85742,0.85753,1.50,1.18
2014.04.17 16:19:44.431,0.85743,0.85755,1.00,1.34
2014.04.17 16:19:47.245,0.85743,0.85754,1.00,1.37
2014.04.17 16:19:47.753,0.85742,0.85751,1.69,1.00
2014.04.17 16:19:48.294,0.85742,0.85753,1.69,1.18
2014.04.17 16:19:49.117,0.85742,0.85753,1.69,1.18
2014.04.17 16:19:53.135,0.85744,0.85753,1.00,1.18
2014.04.17 16:19:53.668,0.85743,0.85753,1.25,1.10
2014.04.17 16:19:58.474,0.85743,0.85753,1.00,1.08
2014.04.17 16:19:58.676,0.85742,0.85753,1.00,1.02
2014.04.17 16:19:59.182,0.85743,0.85754,1.00,1.09
2014.04.17 16:19:59.684,0.85743,0.85754,1.00,1.09
2014.04.17 16:20:00.233,0.85744,0.85754,1.00,1.08
2014.04.17 16:20:00.777,0.85743,0.85754,1.25,1.10
2014.04.17 16:20:01.286,0.85743,0.85753,1.25,1.00
2014.04.17 16:20:02.799,0.85743,0.85752,1.00,1.00
2014.04.17 16:20:02.850,0.8574,0.85752,4.02,1.10
2014.04.17 16:20:03.052,0.8574,0.8575,1.69,1.00
2014.04.17 16:20:03.357,0.85736,0.85743,1.50,1.43
2014.04.17 16:20:03.458,0.8573,0.85739,1.00,1.00
2014.04.17 16:20:03.976,0.8573,0.85741,1.00,2.03
2014.04.17 16:20:07.993,0.85729,0.85735,1.00,1.50
2014.04.17 16:20:08.095,0.85726,0.85735,1.00,1.50
2014.04.17 16:20:08.651,0.85725,0.85735,1.00,1.58
2014.04.17 16:20:13.109,0.85725,0.85735,1.00,1.25
2014.04.17 16:20:14.235,0.85724,0.85734,1.00,1.00
2014.04.17 16:20:20.122,0.85723,0.85734,1.10,1.25
2014.04.17 16:20:20.325,0.85722,0.85731,1.00,1.00
2014.04.17 16:20:20.649,0.8572,0.85731,1.95,1.00
2014.04.17 16:20:20.750,0.8572,0.85729,1.13,1.00
2014.04.17 16:20:23.162,0.85719,0.85729,1.10,1.00
2014.04.17 16:20:26.350,0.85718,0.85729,1.47,1.98
2014.04.17 16:20:26.654,0.85715,0.8572,1.00,1.50
2014.04.17 16:20:26.755,0.85714,0.85723,1.00,1.10
2014.04.17 16:20:26.806,0.85712,0.85723,1.69,1.10
2014.04.17 16:20:26.907,0.85709,0.8572,1.77,1.00
2014.04.17 16:20:27.372,0.85709,0.8572,2.59,1.00
2014.04.17 16:20:28.031,0.8571,0.85721,2.59,1.00
2014.04.17 16:20:29.014,0.8571,0.85721,2.52,1.00
2014.04.17 16:20:30.546,0.85711,0.85722,1.47,1.00
2014.04.17 16:20:32.105,0.85711,0.85722,1.47,1.00
2014.04.17 16:20:32.999,0.85713,0.85722,1.09,1.00
2014.04.17 16:20:33.306,0.85715,0.85725,1.18,1.00
2014.04.17 16:20:33.408,0.85717,0.85728,1.08,1.50
2014.04.17 16:20:33.711,0.8572,0.85728,1.00,1.00
2014.04.17 16:20:33.965,0.85726,0.85737,1.18,1.00
2014.04.17 16:20:34.419,0.85729,0.85739,1.00,1.00
2014.04.17 16:20:34.723,0.85727,0.85737,1.00,1.00
2014.04.17 16:20:35.052,0.85725,0.85736,1.58,1.00
2014.04.17 16:20:37.150,0.85727,0.85736,1.00,1.00
2014.04.17 16:20:37.655,0.85727,0.85736,1.08,1.00
2014.04.17 16:20:38.642,0.85727,0.85736,1.20,1.00
2014.04.17 16:20:41.541,0.85727,0.85736,1.33,1.00
2014.04.17 16:20:41.692,0.85727,0.85738,1.84,1.00
2014.04.17 16:20:42.198,0.85729,0.85738,1.00,1.00
2014.04.17 16:20:43.344,0.85729,0.85737,1.25,1.00
2014.04.17 16:20:43.872,0.85728,0.85737,1.02,1.00
2014.04.17 16:20:46.616,0.85725,0.85735,2.97,1.00
2014.04.17 16:20:46.718,0.85725,0.85735,1.84,1.00
2014.04.17 16:20:46.972,0.85725,0.85733,1.10,1.00
2014.04.17 16:20:47.498,0.85724,0.85733,1.25,1.00
2014.04.17 16:20:52.845,0.85725,0.85733,1.00,1.00
2014.04.17 16:20:53.414,0.85726,0.85733,1.00,1.00
2014.04.17 16:20:55.040,0.85728,0.85733,1.00,1.00
2014.04.17 16:20:55.614,0.85728,0.85735,1.00,1.00
2014.04.17 16:20:56.161,0.85729,0.85735,1.00,1.00
2014.04.17 16:20:58.561,0.85727,0.85735,1.00,1.00
2014.04.17 16:20:58.831,0.85729,0.85735,1.00,1.00
2014.04.17 16:21:00.538,0.85728,0.85735,1.00,1.00
2014.04.17 16:21:01.836,0.85728,0.85737,1.00,1.00
2014.04.17 16:21:04.839,0.85726,0.85737,1.77,1.00
2014.04.17 16:21:05.355,0.85726,0.85736,1.50,1.00
2014.04.17 16:21:09.067,0.85726,0.85733,1.00,1.00
2014.04.17 16:21:16.859,0.85724,0.85733,1.09,1.00
2014.04.17 16:21:17.417,0.85724,0.85733,1.25,1.50
2014.04.17 16:21:20.538,0.85724,0.85733,1.18,1.50
2014.04.17 16:21:21.041,0.85726,0.85733,1.10,1.00
2014.04.17 16:21:21.535,0.85726,0.85735,1.10,1.69
2014.04.17 16:21:22.186,0.85725,0.85735,1.02,1.50
2014.04.17 16:21:22.709,0.85725,0.85734,1.02,1.00
2014.04.17 16:21:23.231,0.85726,0.85735,1.10,1.50
2014.04.17 16:21:27.204,0.85725,0.85735,1.02,1.50
2014.04.17 16:21:28.738,0.85726,0.85735,1.00,1.50
2014.04.17 16:21:30.085,0.85725,0.85735,1.10,1.50
2014.04.17 16:21:33.194,0.85725,0.85735,1.10,1.69
2014.04.17 16:21:33.396,0.85722,0.85733,1.47,1.00
2014.04.17 16:21:33.902,0.85721,0.85732,2.44,1.50
2014.04.17 16:21:35.235,0.85721,0.85732,1.10,1.69
2014.04.17 16:21:36.905,0.85721,0.85732,1.10,1.69
2014.04.17 16:21:52.550,0.8572,0.85731,1.00,1.25
2014.04.17 16:21:53.006,0.85717,0.85728,2.07,1.00
2014.04.17 16:21:53.309,0.85718,0.85729,1.18,1.00
2014.04.17 16:21:53.844,0.85718,0.85729,1.10,1.00
2014.04.17 16:21:54.432,0.85719,0.8573,1.00,1.25
2014.04.17 16:21:55.518,0.85718,0.85729,1.02,1.00
2014.04.17 16:21:55.821,0.85717,0.85727,1.29,1.00
2014.04.17 16:21:56.727,0.85716,0.85727,1.84,1.00
2014.04.17 16:22:05.868,0.85716,0.85727,1.65,1.00
2014.04.17 16:22:07.909,0.85717,0.85727,1.18,1.00
2014.04.17 16:22:09.019,0.85718,0.85727,1.18,1.00
2014.04.17 16:22:09.323,0.85721,0.85731,1.15,1.25
2014.04.17 16:22:09.576,0.85723,0.85733,1.10,1.00
2014.04.17 16:22:09.741,0.85724,0.85734,1.08,1.00
2014.04.17 16:22:10.045,0.85728,0.85738,1.20,1.00
2014.04.17 16:22:10.551,0.85728,0.85739,1.13,1.25
2014.04.17 16:22:11.308,0.85729,0.85739,1.00,1.00
2014.04.17 16:22:11.410,0.85729,0.8574,2.40,1.25
2014.04.17 16:22:11.713,0.85732,0.85742,3.08,1.13
2014.04.17 16:22:12.168,0.85735,0.85745,3.08,1.25
2014.04.17 16:22:12.624,0.85735,0.85746,4.58,1.00
2014.04.17 16:22:12.827,0.85738,0.85748,5.18,1.00
2014.04.17 16:22:13.029,0.85744,0.85755,1.50,1.00
2014.04.17 16:22:13.138,0.85744,0.85755,1.65,1.00
2014.04.17 16:22:13.652,0.85744,0.85755,1.65,1.00
2014.04.17 16:22:14.338,0.85744,0.85754,1.15,1.00
2014.04.17 16:22:25.959,0.85744,0.85754,1.09,1.00
2014.04.17 16:22:27.837,0.85745,0.85754,2.33,1.00
2014.04.17 16:22:28.343,0.85745,0.85755,1.50,1.00
2014.04.17 16:22:29.934,0.85744,0.85755,1.10,1.00
2014.04.17 16:22:30.530,0.85744,0.85755,1.18,1.00
2014.04.17 16:22:30.632,0.85748,0.85758,1.00,1.19
2014.04.17 16:22:30.683,0.85748,0.85759,1.50,1.88
2014.04.17 16:22:30.986,0.85745,0.85756,1.00,1.50
2014.04.17 16:22:31.290,0.85743,0.85754,1.13,1.00
2014.04.17 16:22:37.357,0.85744,0.85754,1.00,1.00
2014.04.17 16:22:44.079,0.85746,0.85754,1.00,1.00
2014.04.17 16:22:44.848,0.85746,0.85755,1.00,1.00
2014.04.17 16:22:54.017,0.85747,0.85755,1.00,1.00
2014.04.17 16:22:54.986,0.85747,0.85756,1.00,1.00
2014.04.17 16:23:02.041,0.85747,0.85756,1.18,1.00
2014.04.17 16:23:02.547,0.85747,0.85756,1.20,1.00
2014.04.17 16:23:03.002,0.85745,0.85756,1.10,1.25
2014.04.17 16:23:19.152,0.85745,0.85759,1.02,1.29
2014.04.17 16:23:19.672,0.85745,0.85759,1.02,2.02
2014.04.17 16:23:26.203,0.85745,0.85756,1.29,1.00
2014.04.17 16:23:27.521,0.85745,0.85756,1.84,1.00
2014.04.17 16:23:28.085,0.85746,0.85756,1.37,1.00
2014.04.17 16:23:30.927,0.85745,0.85756,1.84,1.00
2014.04.17 16:23:31.440,0.85746,0.85756,1.09,1.00
2014.04.17 16:23:32.974,0.85746,0.85756,1.84,1.00
2014.04.17 16:23:33.495,0.85746,0.85756,1.09,1.00
2014.04.17 16:23:57.859,0.85748,0.85756,1.00,1.00
2014.04.17 16:23:58.433,0.85747,0.85756,1.02,1.00
2014.04.17 16:24:00.633,0.85748,0.85756,1.00,1.00
2014.04.17 16:24:01.149,0.85746,0.85756,1.19,1.00
2014.04.17 16:24:01.659,0.85748,0.85756,1.00,1.00
2014.04.17 16:24:02.193,0.85746,0.85756,1.09,1.00
2014.04.17 16:24:05.465,0.85746,0.85755,1.09,1.00
2014.04.17 16:24:09.570,0.85747,0.85755,1.38,1.00
2014.04.17 16:24:10.076,0.85747,0.85757,1.88,1.25
2014.04.17 16:24:30.366,0.85747,0.85757,1.00,1.25
2014.04.17 16:24:30.568,0.85745,0.85757,1.25,1.09
2014.04.17 16:24:31.074,0.85743,0.85754,1.50,1.00
2014.04.17 16:24:31.637,0.85743,0.85755,2.40,1.25
2014.04.17 16:24:32.571,0.85743,0.85755,2.40,1.19
2014.04.17 16:24:33.203,0.85743,0.85755,1.00,1.19
2014.04.17 16:24:33.681,0.85741,0.85753,1.00,1.00
2014.04.17 16:24:34.850,0.85743,0.85755,1.00,1.29
2014.04.17 16:24:35.367,0.85743,0.85755,1.18,1.19
2014.04.17 16:24:36.222,0.85743,0.85755,1.18,1.25
2014.04.17 16:24:38.842,0.85743,0.85755,1.00,1.25
2014.04.17 16:24:39.256,0.8574,0.85752,1.84,1.00
2014.04.17 16:24:39.468,0.85743,0.85755,1.10,1.25
2014.04.17 16:24:40.283,0.85743,0.85755,1.00,1.09
2014.04.17 16:24:41.919,0.85743,0.85755,1.00,1.37
2014.04.17 16:24:48.690,0.85742,0.85754,1.00,1.29
2014.04.17 16:24:58.559,0.85742,0.85754,1.00,1.27
2014.04.17 16:24:59.870,0.85742,0.85754,1.00,1.29
2014.04.17 16:25:00.454,0.85744,0.85756,1.00,1.84
2014.04.17 16:25:07.685,0.85744,0.85756,1.00,1.19
2014.04.17 16:25:11.247,0.85744,0.85756,1.00,1.19
2014.04.17 16:25:17.037,0.85744,0.85756,1.00,1.19
2014.04.17 16:25:21.196,0.85744,0.85752,1.00,1.13
2014.04.17 16:25:21.449,0.8574,0.85752,1.28,2.07
2014.04.17 16:25:21.500,0.8574,0.85752,1.20,3.57
2014.04.17 16:25:21.932,0.8574,0.85752,1.00,6.64
2014.04.17 16:25:22.236,0.85733,0.85741,2.33,2.10
2014.04.17 16:25:22.338,0.8573,0.85741,1.10,2.10
2014.04.17 16:25:22.540,0.85728,0.8574,1.32,1.35
2014.04.17 16:25:24.066,0.8573,0.8574,1.00,1.35
2014.04.17 16:25:24.572,0.85729,0.8574,1.40,1.35
2014.04.17 16:25:25.110,0.85729,0.8574,1.09,1.35
2014.04.17 16:25:26.754,0.8573,0.8574,1.18,1.35
2014.04.17 16:25:27.058,0.85733,0.85743,1.15,1.00
2014.04.17 16:25:27.109,0.85735,0.85747,1.18,1.25
2014.04.17 16:25:27.619,0.85735,0.85747,1.00,1.19
2014.04.17 16:25:29.460,0.85735,0.85747,1.18,1.19
2014.04.17 16:25:30.021,0.85735,0.85747,1.10,1.19
2014.04.17 16:25:30.545,0.85735,0.85747,1.84,1.00
2014.04.17 16:25:37.869,0.85735,0.85747,1.18,1.19
2014.04.17 16:25:41.644,0.85735,0.85747,1.10,1.19
2014.04.17 16:25:42.149,0.85733,0.85745,1.34,1.00
2014.04.17 16:25:44.495,0.85733,0.85745,1.02,1.25
2014.04.17 16:25:49.415,0.85733,0.85744,1.10,1.19
2014.04.17 16:25:49.940,0.85732,0.85744,1.15,1.69
2014.04.17 16:25:50.275,0.85732,0.85744,1.15,1.19
2014.04.17 16:25:51.184,0.85732,0.85744,1.15,1.19
2014.04.17 16:25:52.257,0.85734,0.85746,1.20,1.19
2014.04.17 16:25:52.781,0.85734,0.85746,1.18,1.19
2014.04.17 16:25:53.484,0.85734,0.85746,1.10,1.19
2014.04.17 16:25:54.033,0.85734,0.85746,1.18,1.19
2014.04.17 16:25:57.686,0.85734,0.85744,1.10,1.25
2014.04.17 16:25:58.098,0.85736,0.85744,1.20,1.25
2014.04.17 16:25:58.251,0.85736,0.85747,1.58,1.25
2014.04.17 16:26:08.362,0.85736,0.85746,1.58,1.00
2014.04.17 16:26:10.525,0.85737,0.85746,1.00,1.00
2014.04.17 16:26:11.051,0.85738,0.85746,1.00,1.00
2014.04.17 16:26:13.273,0.85737,0.85746,1.00,1.00
2014.04.17 16:26:13.425,0.85737,0.85743,1.00,1.00
2014.04.17 16:26:13.526,0.85735,0.85743,1.58,1.00
2014.04.17 16:26:13.729,0.85735,0.85745,1.50,1.00
2014.04.17 16:26:15.768,0.85735,0.85745,1.58,1.19
2014.04.17 16:26:16.345,0.85735,0.85745,1.65,1.19
2014.04.17 16:26:16.396,0.85735,0.85747,1.84,1.69
2014.04.17 16:26:18.554,0.85738,0.85747,1.00,1.69
2014.04.17 16:26:19.700,0.85739,0.85747,1.00,1.69
2014.04.17 16:26:19.802,0.85737,0.85747,1.00,1.69
2014.04.17 16:26:20.304,0.85738,0.85747,1.10,1.25
2014.04.17 16:26:21.677,0.85738,0.85747,1.08,1.25
2014.04.17 16:26:21.879,0.8574,0.85752,2.40,1.69
2014.04.17 16:26:21.930,0.8574,0.85752,2.40,1.69
2014.04.17 16:26:22.082,0.85747,0.85752,1.00,1.25
2014.04.17 16:26:22.184,0.85747,0.85754,1.00,1.00
2014.04.17 16:26:22.235,0.85747,0.85757,1.08,1.25
2014.04.17 16:26:23.137,0.85747,0.85759,1.65,1.19
2014.04.17 16:26:23.670,0.85747,0.85757,1.18,1.00
2014.04.17 16:26:24.488,0.85747,0.85757,2.40,1.00
2014.04.17 16:26:24.539,0.85748,0.85759,1.08,1.00
2014.04.17 16:26:24.641,0.8575,0.85762,1.18,1.19
2014.04.17 16:26:24.692,0.8575,0.85762,1.18,1.19
2014.04.17 16:26:25.197,0.85752,0.85764,1.10,1.69
2014.04.17 16:26:25.703,0.85752,0.85763,1.10,1.19
2014.04.17 16:26:26.227,0.85752,0.85764,1.18,1.77
2014.04.17 16:26:26.733,0.8575,0.85762,1.10,1.25
2014.04.17 16:26:53.458,0.8575,0.85762,1.00,2.14
2014.04.17 16:26:53.611,0.85748,0.8576,1.00,1.50
2014.04.17 16:26:53.661,0.85748,0.85758,1.00,1.00
2014.04.17 16:26:54.191,0.85747,0.85758,1.00,1.00
2014.04.17 16:26:54.936,0.85747,0.85758,1.00,1.19
2014.04.17 16:26:59.096,0.85747,0.85758,1.00,1.00
2014.04.17 16:26:59.604,0.85747,0.85759,1.00,1.58
2014.04.17 16:26:59.933,0.8575,0.85761,1.00,1.00
2014.04.17 16:27:01.299,0.85751,0.85761,1.00,1.00
2014.04.17 16:27:03.807,0.8575,0.85761,1.00,1.00
2014.04.17 16:27:04.345,0.8575,0.85762,1.00,1.58
2014.04.17 16:27:05.170,0.85748,0.8576,1.02,1.00
2014.04.17 16:27:05.575,0.85748,0.8576,1.40,1.00
2014.04.17 16:27:07.308,0.85748,0.8576,1.29,1.00
2014.04.17 16:27:13.002,0.85748,0.8576,1.34,1.00
2014.04.17 16:27:13.053,0.8575,0.85762,1.02,1.50
2014.04.17 16:27:13.377,0.85752,0.85762,1.00,1.50
2014.04.17 16:27:13.478,0.85754,0.85766,1.47,1.00
2014.04.17 16:27:13.580,0.85758,0.85767,1.00,1.00
2014.04.17 16:27:13.681,0.85758,0.85769,1.10,1.00
2014.04.17 16:27:13.985,0.85759,0.85769,1.18,1.00
2014.04.17 16:27:14.137,0.85759,0.85771,1.18,1.00
2014.04.17 16:27:14.695,0.85761,0.85773,1.00,1.63
2014.04.17 16:27:17.613,0.85761,0.85773,1.00,1.57
2014.04.17 16:27:21.024,0.85761,0.85773,1.00,1.57
2014.04.17 16:27:28.997,0.85761,0.85773,1.18,1.57
2014.04.17 16:27:35.494,0.85762,0.85773,1.18,1.63
2014.04.17 16:27:36.115,0.85762,0.85773,2.40,1.25
2014.04.17 16:27:36.216,0.85762,0.85773,2.40,1.25
2014.04.17 16:27:36.823,0.85764,0.85774,1.10,1.25
2014.04.17 16:27:39.471,0.85764,0.85774,1.10,1.19
2014.04.17 16:27:39.774,0.85761,0.8577,1.00,1.00
2014.04.17 16:27:40.476,0.85761,0.85771,1.00,1.00
2014.04.17 16:27:41.196,0.85761,0.85771,1.00,1.19
2014.04.17 16:27:42.338,0.85761,0.85771,1.00,1.19
2014.04.17 16:27:46.622,0.85761,0.85771,1.00,2.44
2014.04.17 16:27:46.724,0.85759,0.8577,1.10,1.19
2014.04.17 16:27:48.869,0.85759,0.8577,1.00,1.19
2014.04.17 16:28:00.231,0.85759,0.8577,1.00,1.00
2014.04.17 16:28:00.282,0.85761,0.85772,1.00,1.09
2014.04.17 16:28:00.737,0.85759,0.8577,1.00,1.58
2014.04.17 16:28:00.839,0.85759,0.8577,1.00,1.65
2014.04.17 16:28:00.940,0.85757,0.85768,1.00,1.00
2014.04.17 16:28:01.193,0.85756,0.85765,1.00,1.00
2014.04.17 16:28:01.244,0.85754,0.85764,1.00,1.00
2014.04.17 16:28:01.754,0.85754,0.85764,1.00,1.09
2014.04.17 16:28:01.936,0.85754,0.85762,1.00,1.08
2014.04.17 16:28:02.039,0.85749,0.8576,1.00,1.00
2014.04.17 16:28:02.242,0.85746,0.85757,1.18,1.00
2014.04.17 16:28:02.778,0.85746,0.85757,1.00,1.00
2014.04.17 16:28:03.364,0.85745,0.85756,1.25,1.00
2014.04.17 16:28:10.266,0.85746,0.85757,1.00,1.25
2014.04.17 16:28:12.197,0.85746,0.85757,1.00,1.19
2014.04.17 16:28:13.976,0.85746,0.85757,1.00,1.25
2014.04.17 16:28:20.082,0.85746,0.85757,1.00,1.19
2014.04.17 16:28:24.519,0.85746,0.85754,1.00,1.00
2014.04.17 16:28:24.823,0.85739,0.85745,1.00,1.00
2014.04.17 16:28:24.874,0.85735,0.85745,2.25,1.00
2014.04.17 16:28:25.384,0.85735,0.85744,1.50,1.00
2014.04.17 16:28:25.978,0.85733,0.85744,1.15,1.00
2014.04.17 16:28:26.486,0.85733,0.85744,1.18,1.00
2014.04.17 16:28:27.128,0.85735,0.85743,1.00,1.00
2014.04.17 16:28:28.516,0.85735,0.85745,1.00,1.00
2014.04.17 16:28:28.567,0.85737,0.85745,1.00,1.00
2014.04.17 16:28:38.489,0.85735,0.85745,1.00,1.00
2014.04.17 16:28:38.540,0.85735,0.85743,1.00,1.00
2014.04.17 16:28:38.592,0.85733,0.85743,1.20,1.00
2014.04.17 16:28:39.643,0.85735,0.85743,1.00,1.00
2014.04.17 16:28:39.746,0.85735,0.85745,1.58,1.00
2014.04.17 16:28:39.897,0.85737,0.85745,1.00,1.00
2014.04.17 16:28:43.986,0.85735,0.85745,1.58,1.00
2014.04.17 16:28:45.724,0.85733,0.85744,1.28,1.00
2014.04.17 16:28:46.276,0.85733,0.85744,1.28,1.00
2014.04.17 16:28:47.583,0.85731,0.85742,1.65,1.00
2014.04.17 16:28:48.109,0.85734,0.85744,1.00,1.29
2014.04.17 16:28:50.386,0.85734,0.85742,1.00,1.00
2014.04.17 16:28:50.762,0.85731,0.85742,2.44,1.50
2014.04.17 16:28:51.351,0.85732,0.85742,1.00,1.00
2014.04.17 16:28:51.775,0.85731,0.85742,1.00,2.14
2014.04.17 16:28:51.927,0.85728,0.85737,1.50,1.00
2014.04.17 16:28:52.028,0.85728,0.85735,1.00,1.00
2014.04.17 16:28:52.697,0.85725,0.85735,1.10,1.00
2014.04.17 16:28:56.880,0.85723,0.85734,1.39,1.00
2014.04.17 16:28:57.082,0.85725,0.85734,1.00,1.00
2014.04.17 16:28:57.184,0.85725,0.85736,1.00,1.69
2014.04.17 16:28:58.273,0.85725,0.85737,1.58,1.00
2014.04.17 16:29:02.477,0.85724,0.85735,1.00,1.00
2014.04.17 16:29:02.995,0.85724,0.85736,1.50,1.00
2014.04.17 16:29:04.332,0.85724,0.85734,1.50,2.25
2014.04.17 16:29:04.636,0.85718,0.85729,1.58,1.00
2014.04.17 16:29:04.940,0.85718,0.85726,1.50,1.00
2014.04.17 16:29:05.496,0.85714,0.85726,2.22,1.00
2014.04.17 16:29:06.052,0.85716,0.85726,1.00,1.00
2014.04.17 16:29:07.009,0.85715,0.85726,1.02,1.00
2014.04.17 16:29:08.182,0.85715,0.85724,1.02,1.00
2014.04.17 16:29:08.486,0.85715,0.85722,1.00,1.47
2014.04.17 16:29:08.638,0.85714,0.85724,1.00,1.25
2014.04.17 16:29:08.840,0.85715,0.85721,1.00,1.00
2014.04.17 16:29:09.044,0.85715,0.85723,1.00,1.00
2014.04.17 16:29:09.145,0.85718,0.85723,1.00,1.00
2014.04.17 16:29:09.398,0.85716,0.85724,1.00,1.25
2014.04.17 16:29:11.072,0.85716,0.85725,1.00,1.25
2014.04.17 16:29:12.591,0.85714,0.85725,1.50,1.25
2014.04.17 16:29:13.404,0.85713,0.85723,1.39,1.00
2014.04.17 16:29:13.506,0.85713,0.85725,2.14,1.69
2014.04.17 16:29:14.269,0.85713,0.85725,1.88,1.77
2014.04.17 16:29:14.624,0.85711,0.85723,1.69,1.18
2014.04.17 16:29:14.725,0.85709,0.85721,2.07,1.10
2014.04.17 16:29:14.878,0.85708,0.8572,1.69,1.18
2014.04.17 16:29:15.407,0.85708,0.85718,1.69,1.00
2014.04.17 16:29:17.294,0.85708,0.85718,1.69,1.00
2014.04.17 16:29:17.496,0.85712,0.85721,1.00,1.00
2014.04.17 16:29:17.547,0.85712,0.85723,1.00,1.02
2014.04.17 16:29:18.114,0.85715,0.85725,1.00,1.19
2014.04.17 16:29:18.706,0.85715,0.85725,1.00,1.40
2014.04.17 16:29:19.213,0.85715,0.85725,1.00,1.33
2014.04.17 16:29:19.264,0.85715,0.85725,1.00,1.25
2014.04.17 16:29:19.568,0.85717,0.85725,1.00,1.00
2014.04.17 16:29:19.720,0.85719,0.85728,1.00,1.00
2014.04.17 16:29:20.257,0.85719,0.85731,1.50,1.62
2014.04.17 16:29:20.762,0.8572,0.85732,1.00,1.89
2014.04.17 16:29:21.456,0.8572,0.85732,1.00,1.02
2014.04.17 16:29:23.227,0.8572,0.85732,1.69,1.00
2014.04.17 16:29:25.039,0.85722,0.85734,1.00,1.37
2014.04.17 16:29:29.062,0.85722,0.85734,1.02,1.00
2014.04.17 16:29:29.416,0.85724,0.85735,1.00,1.69
2014.04.17 16:29:30.007,0.85725,0.85735,1.00,1.25
2014.04.17 16:29:31.640,0.85725,0.85737,1.50,1.77
2014.04.17 16:29:32.404,0.85727,0.85737,1.00,1.77
2014.04.17 16:29:36.595,0.85727,0.85737,1.00,1.58
2014.04.17 16:29:37.100,0.85726,0.85737,1.00,1.58
2014.04.17 16:29:37.709,0.85727,0.85737,1.00,1.10
2014.04.17 16:29:41.294,0.85727,0.85737,1.50,1.29
2014.04.17 16:29:46.401,0.85727,0.85737,1.00,1.29
2014.04.17 16:29:48.493,0.85723,0.85735,2.33,1.50
2014.04.17 16:29:49.197,0.85724,0.85736,1.13,1.69
2014.04.17 16:29:49.349,0.85726,0.85736,1.00,1.69
2014.04.17 16:29:49.502,0.85728,0.8574,1.00,1.77
2014.04.17 16:29:52.911,0.85728,0.8574,1.10,1.25
2014.04.17 16:29:56.404,0.8573,0.8574,1.00,1.00
2014.04.17 16:29:56.455,0.85731,0.85743,1.00,1.24
2014.04.17 16:29:56.607,0.85733,0.85743,1.00,1.00
2014.04.17 16:29:57.112,0.85733,0.85744,1.65,1.00
2014.04.17 16:30:04.044,0.85733,0.85744,1.18,1.60
2014.04.17 16:30:04.146,0.85732,0.85744,1.10,1.73
2014.04.17 16:30:04.601,0.8573,0.85741,1.00,1.00
2014.04.17 16:30:05.400,0.85729,0.85741,1.50,1.00
2014.04.17 16:30:06.087,0.8573,0.85742,1.00,1.29
2014.04.17 16:30:07.343,0.85728,0.8574,1.77,1.25
2014.04.17 16:30:07.697,0.8573,0.85742,1.00,1.29
2014.04.17 16:30:11.545,0.8573,0.85742,1.00,1.39
2014.04.17 16:30:14.612,0.85728,0.8574,1.29,1.00
2014.04.17 16:30:14.967,0.85727,0.85739,1.00,1.00
2014.04.17 16:30:16.272,0.85727,0.85739,1.00,1.77
2014.04.17 16:30:17.293,0.85727,0.85739,1.00,1.77
2014.04.17 16:30:18.324,0.85727,0.85739,1.00,1.77
2014.04.17 16:30:19.288,0.85727,0.85739,1.00,1.77
2014.04.17 16:30:23.585,0.85727,0.85739,1.00,1.02
2014.04.17 16:30:23.838,0.85728,0.8574,1.18,1.19
2014.04.17 16:30:26.544,0.85728,0.8574,1.10,3.19
2014.04.17 16:30:28.436,0.85728,0.85738,1.00,2.33
2014.04.17 16:30:28.486,0.85726,0.85738,1.00,3.08
2014.04.17 16:30:28.638,0.85725,0.85736,1.00,2.33
2014.04.17 16:30:28.942,0.85722,0.85734,1.13,3.83
2014.04.17 16:30:28.993,0.85722,0.85732,1.13,2.33
2014.04.17 16:30:29.520,0.85722,0.85731,1.13,2.33
2014.04.17 16:30:33.973,0.85718,0.85729,1.19,2.33
2014.04.17 16:30:34.126,0.8572,0.8573,1.00,2.33
2014.04.17 16:30:34.177,0.85718,0.85728,1.19,2.33
2014.04.17 16:30:34.757,0.85719,0.85728,1.00,2.33
2014.04.17 16:30:35.535,0.85715,0.85727,1.94,2.33
2014.04.17 16:30:35.891,0.85717,0.85727,1.25,2.33
2014.04.17 16:30:36.398,0.85717,0.85728,1.25,2.33
2014.04.17 16:30:40.208,0.85717,0.85729,1.25,1.40
2014.04.17 16:30:42.227,0.85716,0.85727,1.19,1.15
2014.04.17 16:30:47.574,0.85715,0.85727,1.69,1.15
2014.04.17 16:30:48.578,0.85716,0.85727,1.19,1.10
2014.04.17 16:30:51.841,0.85717,0.85729,1.00,1.84
2014.04.17 16:30:52.610,0.85717,0.85729,1.00,1.84
2014.04.17 16:30:53.176,0.85717,0.85729,1.00,1.84
2014.04.17 16:30:55.136,0.85717,0.85729,1.00,1.84
2014.04.17 16:31:11.687,0.85719,0.8573,1.00,3.94
2014.04.17 16:31:12.202,0.85718,0.8573,1.00,4.69
2014.04.17 16:31:16.103,0.85718,0.85728,1.00,1.05
2014.04.17 16:31:18.862,0.85715,0.85727,1.77,1.00
2014.04.17 16:31:25.985,0.85717,0.85728,1.00,1.15
2014.04.17 16:31:26.409,0.85717,0.85729,1.00,1.94
2014.04.17 16:31:35.853,0.85717,0.85729,1.25,1.09
2014.04.17 16:31:39.700,0.85717,0.85729,1.00,1.37
2014.04.17 16:31:39.953,0.85717,0.85729,2.63,1.25
2014.04.17 16:31:40.054,0.85717,0.85729,2.78,1.25
2014.04.17 16:31:40.206,0.85721,0.85733,1.00,1.02
2014.04.17 16:31:40.459,0.85726,0.85737,1.00,2.70
2014.04.17 16:31:40.510,0.85726,0.85737,1.00,1.58
2014.04.17 16:31:40.763,0.85724,0.85736,1.10,1.20
2014.04.17 16:31:41.067,0.85724,0.85736,1.00,1.28
2014.04.17 16:31:41.218,0.85721,0.85733,1.00,1.10
2014.04.17 16:31:42.356,0.85721,0.85733,1.00,1.19
2014.04.17 16:31:43.460,0.85721,0.85733,1.00,1.19
2014.04.17 16:31:46.724,0.85721,0.85733,1.10,1.19
2014.04.17 16:31:49.865,0.85725,0.85733,3.38,1.19
2014.04.17 16:31:49.915,0.85725,0.85737,4.13,2.44
2014.04.17 16:31:49.967,0.85728,0.85737,1.65,1.54
2014.04.17 16:31:50.271,0.85732,0.85744,1.08,1.77
2014.04.17 16:31:50.333,0.85734,0.85746,1.38,1.25
2014.04.17 16:31:50.636,0.85736,0.85748,1.53,1.00
2014.04.17 16:31:50.687,0.85739,0.85751,1.58,1.19
2014.04.17 16:31:50.738,0.85739,0.85751,1.58,1.19
2014.04.17 16:31:50.941,0.8574,0.85751,1.00,1.00
2014.04.17 16:31:50.992,0.8574,0.85748,1.10,1.00
2014.04.17 16:31:51.093,0.8574,0.85751,1.00,1.00
2014.04.17 16:31:51.195,0.85739,0.85748,1.18,1.00
2014.04.17 16:31:51.346,0.85738,0.85748,1.13,1.00
2014.04.17 16:31:51.599,0.85738,0.8575,1.13,1.58
2014.04.17 16:31:52.143,0.85738,0.85748,1.13,1.00
2014.04.17 16:31:52.447,0.85736,0.85747,1.00,1.50
2014.04.17 16:31:52.750,0.85732,0.85738,1.00,1.00
2014.04.17 16:31:52.852,0.8573,0.85738,1.00,1.10
2014.04.17 16:31:53.519,0.85728,0.85738,1.32,1.10
2014.04.17 16:31:56.057,0.85728,0.85734,1.00,2.18
2014.04.17 16:31:56.158,0.85722,0.85728,1.50,1.00
2014.04.17 16:31:56.260,0.85718,0.85729,1.69,1.18
2014.04.17 16:31:56.311,0.85718,0.85729,1.25,3.08
2014.04.17 16:31:56.413,0.85718,0.85729,1.25,1.75
2014.04.17 16:31:56.514,0.85716,0.85728,1.69,1.50
2014.04.17 16:31:56.616,0.85716,0.85728,1.69,1.10
2014.04.17 16:31:57.134,0.85717,0.85729,1.00,1.65
2014.04.17 16:31:59.659,0.85717,0.85729,1.19,1.65
2014.04.17 16:32:00.563,0.85718,0.85729,1.69,1.00
2014.04.17 16:32:00.614,0.8572,0.85729,1.00,1.00
2014.04.17 16:32:00.867,0.85722,0.85732,1.00,1.00
2014.04.17 16:32:01.384,0.85723,0.85733,1.00,1.00
2014.04.17 16:32:01.738,0.85723,0.85731,1.00,1.00
2014.04.17 16:32:01.789,0.85721,0.85731,1.00,1.00
2014.04.17 16:32:02.625,0.85721,0.85732,1.50,1.10
2014.04.17 16:32:04.331,0.85721,0.85732,1.69,2.33
2014.04.17 16:32:04.533,0.85716,0.85726,1.50,1.00
2014.04.17 16:32:05.057,0.85715,0.85727,1.50,1.65
2014.04.17 16:32:06.775,0.85716,0.85728,1.00,1.34
2014.04.17 16:32:07.341,0.85716,0.85728,1.00,1.37
2014.04.17 16:32:07.825,0.85716,0.85728,1.19,1.15
2014.04.17 16:32:08.565,0.85716,0.85728,1.19,1.18
2014.04.17 16:32:11.121,0.85718,0.85728,1.00,1.23
2014.04.17 16:32:11.172,0.85715,0.85727,1.00,1.09
2014.04.17 16:32:11.223,0.85715,0.85727,1.00,1.09
2014.04.17 16:32:11.729,0.85713,0.85725,1.19,1.15
2014.04.17 16:32:12.415,0.85713,0.85725,1.19,1.18
2014.04.17 16:32:12.975,0.85715,0.85727,1.00,1.84
2014.04.17 16:32:20.104,0.85715,0.85727,1.19,1.65
2014.04.17 16:32:21.167,0.85718,0.85727,1.00,1.15
2014.04.17 16:32:22.592,0.85719,0.8573,1.00,4.02
2014.04.17 16:32:22.693,0.85721,0.8573,1.00,1.40
2014.04.17 16:32:22.794,0.85721,0.85733,1.00,1.62
2014.04.17 16:32:22.946,0.85723,0.85734,1.00,1.37
2014.04.17 16:32:23.470,0.85723,0.85735,1.25,1.40
2014.04.17 16:32:24.042,0.85724,0.85736,1.00,2.59
2014.04.17 16:32:25.066,0.85724,0.85734,1.00,1.18
2014.04.17 16:32:26.581,0.85723,0.85734,1.00,1.40
2014.04.17 16:32:28.521,0.85723,0.85734,1.00,1.09
2014.04.17 16:32:35.340,0.85723,0.85734,1.25,1.15
2014.04.17 16:32:40.296,0.85723,0.85734,1.00,1.40
2014.04.17 16:32:44.198,0.85723,0.85735,1.00,1.84
2014.04.17 16:32:51.507,0.85723,0.85735,1.00,2.59
2014.04.17 16:32:56.536,0.85721,0.85726,1.00,2.10
2014.04.17 16:32:56.638,0.85721,0.85726,1.00,2.10
2014.04.17 16:32:56.689,0.85719,0.85726,1.00,2.10
2014.04.17 16:32:56.790,0.85715,0.85726,1.00,2.25
2014.04.17 16:32:56.942,0.85713,0.85725,1.00,1.88
2014.04.17 16:32:57.144,0.85715,0.85725,1.00,1.18
2014.04.17 16:32:57.347,0.85715,0.85726,1.00,1.00
2014.04.17 16:32:59.711,0.85715,0.85726,1.19,1.00
2014.04.17 16:33:02.480,0.85714,0.85726,2.44,1.10
2014.04.17 16:33:09.165,0.85714,0.85726,2.44,1.10
2014.04.17 16:33:11.534,0.85714,0.85726,1.69,1.10
2014.04.17 16:33:12.722,0.85714,0.85726,1.69,1.10
2014.04.17 16:33:13.206,0.85718,0.85729,1.25,1.65
2014.04.17 16:33:13.307,0.8572,0.85729,1.00,1.00
2014.04.17 16:33:13.358,0.8572,0.85732,1.50,1.18
2014.04.17 16:33:13.510,0.8572,0.8573,1.50,1.58
2014.04.17 16:33:13.699,0.85718,0.85728,1.00,1.43
2014.04.17 16:33:13.750,0.85718,0.85728,1.00,1.43
2014.04.17 16:33:13.902,0.85715,0.85727,1.00,1.18
2014.04.17 16:33:14.540,0.85715,0.85725,1.00,1.00
2014.04.17 16:33:15.045,0.85714,0.85725,1.00,1.10
2014.04.17 16:33:29.473,0.85714,0.85725,2.52,1.00
2014.04.17 16:33:29.983,0.85713,0.85724,1.19,1.00
2014.04.17 16:33:30.715,0.85714,0.85725,1.00,1.25
2014.04.17 16:33:30.917,0.85716,0.85727,1.00,1.10
2014.04.17 16:33:39.237,0.85716,0.85727,1.65,1.25
2014.04.17 16:33:39.540,0.85718,0.85729,1.40,1.00
2014.04.17 16:33:40.049,0.8572,0.85731,1.10,1.19
2014.04.17 16:33:40.596,0.8572,0.85731,1.10,1.25
2014.04.17 16:34:07.247,0.8572,0.85731,1.00,1.19
2014.04.17 16:34:08.831,0.8572,0.85731,1.00,1.19
2014.04.17 16:34:09.739,0.8572,0.8573,1.00,1.19
2014.04.17 16:34:10.012,0.85716,0.85726,1.50,1.00
2014.04.17 16:34:10.218,0.85714,0.85725,1.00,1.10
2014.04.17 16:34:18.837,0.85714,0.85724,1.25,1.58
2014.04.17 16:34:19.048,0.85711,0.85722,1.69,1.18
2014.04.17 16:34:24.080,0.85712,0.85722,1.00,1.09
2014.04.17 16:34:24.619,0.85711,0.85722,1.69,1.18
2014.04.17 16:34:26.601,0.85712,0.85722,1.00,1.18
2014.04.17 16:34:29.440,0.85712,0.85722,1.00,1.10
2014.04.17 16:34:34.956,0.85712,0.85722,1.00,1.19
2014.04.17 16:34:35.108,0.85713,0.85724,1.50,1.25
2014.04.17 16:34:35.613,0.85714,0.85725,1.00,1.19
2014.04.17 16:34:36.425,0.85714,0.85723,1.00,1.00
2014.04.17 16:34:36.578,0.85712,0.85723,1.69,1.00
2014.04.17 16:34:37.084,0.85712,0.85722,1.25,1.00
2014.04.17 16:34:37.592,0.85711,0.85722,1.25,1.00
2014.04.17 16:34:46.913,0.85711,0.85722,1.69,1.00
2014.04.17 16:34:52.219,0.85711,0.85722,1.50,1.00
2014.04.17 16:34:53.831,0.85711,0.85722,1.58,1.19
2014.04.17 16:34:54.338,0.85711,0.85722,1.69,1.00
2014.04.17 16:34:55.874,0.85711,0.85722,1.69,1.00
2014.04.17 16:35:00.596,0.85712,0.85723,1.25,1.00
2014.04.17 16:35:01.329,0.85712,0.85723,1.25,1.08
2014.04.17 16:35:01.633,0.8571,0.8572,1.00,1.00
2014.04.17 16:35:02.384,0.85711,0.85722,1.00,1.00
2014.04.17 16:35:05.715,0.85713,0.85724,1.00,1.29
2014.04.17 16:35:07.461,0.85713,0.85724,1.25,1.00
2014.04.17 16:35:09.680,0.85713,0.85724,1.00,1.09
2014.04.17 16:35:09.986,0.8571,0.85721,1.50,1.88
2014.04.17 16:35:10.037,0.8571,0.85718,1.00,1.00
2014.04.17 16:35:16.616,0.85708,0.85718,1.10,1.00
2014.04.17 16:35:20.258,0.85708,0.85719,1.02,1.00
2014.04.17 16:35:30.156,0.85708,0.85719,1.10,1.19
2014.04.17 16:35:31.949,0.85708,0.85719,1.10,1.19
2014.04.17 16:35:32.486,0.85708,0.85719,1.18,1.19
2014.04.17 16:35:33.076,0.85708,0.85719,1.10,1.19
2014.04.17 16:35:33.645,0.85708,0.85719,1.18,1.19
2014.04.17 16:35:35.032,0.85708,0.85719,1.10,1.19
2014.04.17 16:35:37.781,0.85708,0.85719,1.08,1.19
2014.04.17 16:35:38.692,0.85708,0.85719,1.18,1.00
2014.04.17 16:35:39.814,0.8571,0.85721,1.00,1.19
2014.04.17 16:35:39.915,0.8571,0.85721,1.00,1.25
2014.04.17 16:35:40.066,0.8571,0.85721,1.08,1.25
2014.04.17 16:35:40.689,0.85712,0.85723,1.10,1.50
2014.04.17 16:35:44.811,0.8571,0.85721,1.29,1.00
2014.04.17 16:35:45.317,0.8571,0.85721,1.10,1.00
2014.04.17 16:35:46.099,0.8571,0.85721,1.28,1.00
2014.04.17 16:35:46.201,0.85715,0.85726,1.00,2.82
2014.04.17 16:35:46.353,0.85711,0.85722,1.69,1.00
2014.04.17 16:35:47.457,0.85711,0.85722,1.77,1.00
2014.04.17 16:35:58.183,0.85711,0.85722,1.69,1.00
2014.04.17 16:35:59.404,0.85711,0.85722,1.69,1.00
2014.04.17 16:36:00.435,0.85711,0.85722,2.52,1.00
2014.04.17 16:36:00.536,0.85713,0.85724,1.25,1.00
2014.04.17 16:36:05.564,0.85713,0.85724,1.00,1.29
2014.04.17 16:36:08.795,0.85711,0.85722,2.44,1.00
2014.04.17 16:36:08.947,0.85711,0.85722,2.52,1.00
2014.04.17 16:36:13.467,0.85711,0.85722,2.44,1.00
2014.04.17 16:36:16.406,0.85711,0.85722,2.52,1.00
2014.04.17 16:36:18.239,0.85713,0.85724,1.00,1.28
2014.04.17 16:36:19.198,0.8571,0.85722,2.44,1.02
2014.04.17 16:36:20.383,0.8571,0.85722,1.69,1.00
2014.04.17 16:36:24.473,0.8571,0.85722,1.69,1.45
2014.04.17 16:36:24.983,0.8571,0.85722,1.50,1.54
2014.04.17 16:36:27.144,0.8571,0.85722,1.50,1.37
2014.04.17 16:36:27.717,0.85711,0.85722,1.00,1.37
2014.04.17 16:36:28.230,0.85711,0.85722,1.00,1.37
2014.04.17 16:36:28.432,0.85711,0.85722,1.00,1.18
2014.04.17 16:36:31.265,0.85711,0.85719,1.00,1.00
2014.04.17 16:36:31.770,0.8571,0.85719,1.00,1.00
2014.04.17 16:36:39.920,0.8571,0.85719,1.00,1.40
2014.04.17 16:36:40.021,0.8571,0.85719,1.00,1.25
2014.04.17 16:36:40.123,0.85709,0.85721,1.00,1.02
2014.04.17 16:36:40.533,0.85711,0.85723,1.00,1.78
2014.04.17 16:36:43.453,0.85711,0.85723,1.19,1.15
2014.04.17 16:36:44.933,0.85711,0.85723,1.25,1.40
2014.04.17 16:37:01.262,0.85711,0.85722,1.00,1.40
2014.04.17 16:37:02.023,0.85711,0.85722,1.00,1.40
2014.04.17 16:37:10.935,0.85711,0.85722,1.00,1.40
2014.04.17 16:37:11.577,0.85711,0.85722,1.00,1.40
2014.04.17 16:37:12.100,0.85711,0.85722,1.00,1.40
2014.04.17 16:37:16.186,0.8571,0.8572,1.25,1.28
2014.04.17 16:37:17.773,0.8571,0.8572,1.00,1.50
2014.04.17 16:37:18.329,0.8571,0.8572,1.00,1.09
2014.04.17 16:37:32.985,0.8571,0.85722,1.00,3.27
2014.04.17 16:37:34.060,0.8571,0.85722,1.00,1.34
2014.04.17 16:37:37.781,0.8571,0.85722,1.00,3.27
2014.04.17 16:37:38.438,0.8571,0.85722,1.00,1.34
2014.04.17 16:37:40.040,0.8571,0.85722,1.00,1.34
2014.04.17 16:37:44.750,0.8571,0.85722,1.00,1.34
2014.04.17 16:37:45.649,0.8571,0.85722,1.00,1.34
2014.04.17 16:37:46.227,0.8571,0.85722,1.00,1.34
2014.04.17 16:37:46.768,0.8571,0.85722,1.00,1.34
2014.04.17 16:37:47.274,0.8571,0.85722,1.00,1.34
2014.04.17 16:37:50.228,0.8571,0.85722,1.00,3.27
2014.04.17 16:37:50.532,0.85709,0.8572,1.00,4.62
2014.04.17 16:37:50.734,0.85709,0.8572,1.00,1.34
2014.04.17 16:37:51.493,0.85709,0.8572,1.00,1.34
2014.04.17 16:37:52.070,0.85709,0.8572,1.00,1.34
2014.04.17 16:37:58.024,0.85709,0.8572,1.25,1.15
2014.04.17 16:38:02.799,0.85709,0.8572,1.25,2.40
2014.04.17 16:38:03.317,0.85709,0.8572,1.25,2.40
2014.04.17 16:38:06.726,0.85709,0.8572,1.25,2.40
2014.04.17 16:38:13.417,0.85709,0.8572,1.00,2.40
2014.04.17 16:38:13.822,0.85712,0.8572,1.00,1.28
2014.04.17 16:38:13.923,0.85712,0.85723,1.50,1.00
2014.04.17 16:38:13.974,0.85716,0.85726,1.00,1.10
2014.04.17 16:38:14.503,0.85716,0.85727,1.00,1.20
2014.04.17 16:38:15.046,0.85716,0.85727,1.00,1.18
2014.04.17 16:38:15.634,0.85716,0.85725,1.00,1.00
2014.04.17 16:38:21.219,0.85716,0.85726,1.00,1.10
2014.04.17 16:38:26.034,0.85716,0.85725,1.00,1.00
2014.04.17 16:38:26.344,0.85712,0.85723,1.25,1.15
2014.04.17 16:38:45.387,0.85712,0.85723,1.00,1.34
2014.04.17 16:38:53.050,0.85712,0.85723,1.00,1.84
2014.04.17 16:39:00.416,0.85712,0.85723,1.00,1.34
2014.04.17 16:39:04.428,0.85712,0.85722,1.00,1.37
2014.04.17 16:39:05.721,0.85712,0.85723,1.00,1.34
2014.04.17 16:39:07.118,0.85712,0.85723,1.00,1.39
2014.04.17 16:39:14.863,0.85712,0.85723,1.00,1.37
2014.04.17 16:39:17.271,0.85714,0.85724,1.00,1.77
2014.04.17 16:39:17.322,0.85714,0.85725,1.00,1.25
2014.04.17 16:39:17.424,0.85716,0.85726,1.00,1.02
2014.04.17 16:39:17.732,0.85718,0.85727,1.00,1.27
2014.04.17 16:39:18.926,0.85719,0.8573,1.00,3.12
2014.04.17 16:39:26.456,0.85719,0.8573,1.02,1.00
2014.04.17 16:39:26.728,0.85719,0.8573,2.97,1.00
2014.04.17 16:39:26.880,0.85723,0.85734,1.00,1.25
2014.04.17 16:39:26.981,0.85728,0.85736,1.00,1.25
2014.04.17 16:39:29.601,0.85726,0.85736,1.00,1.25
2014.04.17 16:39:29.754,0.85724,0.85735,1.00,1.09
2014.04.17 16:39:29.855,0.85721,0.85732,1.00,1.00
2014.04.17 16:39:35.243,0.85721,0.85732,1.00,1.19
2014.04.17 16:40:09.201,0.85721,0.85732,1.00,1.00
2014.04.17 16:40:09.252,0.85723,0.85734,1.10,1.50
2014.04.17 16:40:09.758,0.85724,0.85735,1.10,1.69
2014.04.17 16:40:10.067,0.85726,0.85735,1.00,1.25
2014.04.17 16:40:11.813,0.85726,0.85737,1.00,1.69
2014.04.17 16:40:12.315,0.85727,0.85737,1.00,1.19
2014.04.17 16:40:15.163,0.85727,0.85737,1.08,1.19
2014.04.17 16:40:15.681,0.85729,0.85738,1.00,1.19
2014.04.17 16:40:25.249,0.85729,0.85739,1.00,1.19
2014.04.17 16:40:40.407,0.85729,0.8574,1.00,1.84
2014.04.17 16:40:40.762,0.85727,0.85738,1.00,1.29
2014.04.17 16:40:41.217,0.85724,0.85735,1.00,1.25
2014.04.17 16:40:41.520,0.85721,0.85732,1.38,1.00
2014.04.17 16:40:42.760,0.85721,0.85732,1.00,1.00
2014.04.17 16:40:45.936,0.85721,0.85732,1.00,1.15
2014.04.17 16:40:46.139,0.85719,0.8573,1.00,1.18
2014.04.17 16:40:46.682,0.85719,0.8573,1.00,1.18
2014.04.17 16:40:46.935,0.85716,0.85725,1.00,1.10
2014.04.17 16:40:47.037,0.85714,0.85724,1.00,1.18
2014.04.17 16:40:47.341,0.85716,0.85724,1.00,1.10
2014.04.17 16:40:50.674,0.85716,0.85725,1.00,1.00
2014.04.17 16:40:51.194,0.85717,0.85725,1.00,1.00
2014.04.17 16:40:58.719,0.85717,0.85726,1.00,1.10
2014.04.17 16:40:59.666,0.85719,0.85726,1.00,1.00
2014.04.17 16:41:02.834,0.85719,0.85725,1.00,1.00
2014.04.17 16:41:03.338,0.85719,0.85724,1.00,1.00
2014.04.17 16:41:03.862,0.85719,0.85723,1.00,1.00
2014.04.17 16:41:04.558,0.85719,0.85724,1.00,1.00
2014.04.17 16:41:05.194,0.85718,0.85724,1.00,1.00
2014.04.17 16:41:11.164,0.85718,0.85723,1.00,1.00
2014.04.17 16:41:28.159,0.85718,0.85724,1.00,1.00
2014.04.17 16:41:38.199,0.85718,0.85726,1.00,1.69
2014.04.17 16:41:38.300,0.85716,0.85726,1.00,1.00
2014.04.17 16:41:39.526,0.85716,0.85727,1.50,2.44
2014.04.17 16:41:40.040,0.85717,0.85727,1.00,1.50
2014.04.17 16:41:44.912,0.85717,0.85726,1.00,1.00
2014.04.17 16:41:45.732,0.85717,0.85727,1.25,1.50
2014.04.17 16:41:46.726,0.85717,0.85726,1.25,1.00
2014.04.17 16:41:47.241,0.85718,0.85726,1.00,1.00
2014.04.17 16:41:53.964,0.8572,0.85726,1.00,1.00
2014.04.17 16:41:57.019,0.8572,0.8573,1.00,2.85
2014.04.17 16:41:57.070,0.85722,0.8573,1.00,2.33
2014.04.17 16:41:57.222,0.85724,0.85734,1.69,1.00
2014.04.17 16:41:57.323,0.85726,0.85734,1.00,1.00
2014.04.17 16:41:57.525,0.85726,0.85736,1.00,1.25
2014.04.17 16:42:05.323,0.8573,0.85737,1.38,1.69
2014.04.17 16:42:05.475,0.85733,0.8574,1.30,1.10
2014.04.17 16:42:05.577,0.85732,0.85742,1.00,1.00
2014.04.17 16:42:06.086,0.85732,0.85741,1.00,1.00
2014.04.17 16:42:07.236,0.85731,0.85741,1.00,1.00
2014.04.17 16:42:08.442,0.85731,0.8574,1.00,1.00
2014.04.17 16:42:08.544,0.85729,0.85739,1.25,1.00
2014.04.17 16:42:22.930,0.85729,0.85737,1.25,1.00
2014.04.17 16:42:24.298,0.85729,0.85739,1.00,1.00
2014.04.17 16:42:28.205,0.85729,0.85737,1.00,1.00
2014.04.17 16:42:28.407,0.85727,0.85736,1.00,1.00
2014.04.17 16:42:31.426,0.85727,0.85737,1.00,1.10
2014.04.17 16:42:31.781,0.85729,0.85739,1.00,1.00
2014.04.17 16:42:33.764,0.85729,0.8574,1.88,1.25
2014.04.17 16:42:34.382,0.8573,0.8574,1.00,1.25
2014.04.17 16:42:35.486,0.8573,0.85739,1.00,1.00
2014.04.17 16:42:35.789,0.85727,0.85738,1.00,1.00
2014.04.17 16:42:41.239,0.85728,0.8574,1.00,1.29
2014.04.17 16:42:43.125,0.85728,0.8574,1.00,1.29
2014.04.17 16:42:48.966,0.85727,0.85739,1.69,1.25
2014.04.17 16:42:51.815,0.85727,0.85739,1.77,1.25
2014.04.17 16:42:54.003,0.85729,0.85741,1.10,1.19
2014.04.17 16:43:15.640,0.85729,0.85741,1.25,1.02
2014.04.17 16:43:17.692,0.85729,0.85741,1.25,1.40
2014.04.17 16:43:18.199,0.85729,0.85741,1.25,1.09
2014.04.17 16:43:19.769,0.85729,0.85741,1.25,1.25
2014.04.17 16:43:33.536,0.85729,0.8574,1.25,1.00
2014.04.17 16:43:41.677,0.8573,0.8574,1.00,1.25
2014.04.17 16:43:42.201,0.85729,0.8574,1.10,1.25
2014.04.17 16:43:58.134,0.85733,0.8574,1.00,1.00
2014.04.17 16:43:58.655,0.85735,0.8574,1.00,1.00
2014.04.17 16:43:59.166,0.85736,0.8574,1.00,1.00
2014.04.17 16:43:59.692,0.85735,0.8574,1.00,1.00
2014.04.17 16:44:01.675,0.85733,0.8574,1.00,1.00
2014.04.17 16:44:01.978,0.85737,0.85742,1.00,1.19
2014.04.17 16:44:02.497,0.85738,0.85744,1.00,1.25
2014.04.17 16:44:04.928,0.85736,0.8574,1.00,1.00
2014.04.17 16:44:05.428,0.85734,0.8574,1.00,1.00
2014.04.17 16:44:11.643,0.85734,0.8574,1.00,1.19
2014.04.17 16:44:16.529,0.85734,0.8574,1.00,1.25
2014.04.17 16:44:27.374,0.85734,0.8574,1.00,1.19
2014.04.17 16:44:27.476,0.85732,0.8574,1.00,1.19
2014.04.17 16:44:28.365,0.85732,0.8574,1.00,1.19
2014.04.17 16:44:28.517,0.8573,0.8574,1.00,1.69
2014.04.17 16:44:29.153,0.85731,0.8574,1.00,1.69
2014.04.17 16:44:29.965,0.8573,0.8574,1.00,1.69
2014.04.17 16:44:30.774,0.85731,0.8574,1.00,1.69
2014.04.17 16:44:31.283,0.85729,0.8574,1.50,1.19
2014.04.17 16:44:31.791,0.85728,0.85738,1.00,1.19
2014.04.17 16:44:34.409,0.85731,0.85738,1.08,1.19
2014.04.17 16:44:34.935,0.85731,0.85738,1.15,1.00
2014.04.17 16:44:35.531,0.85731,0.85738,1.15,1.00
2014.04.17 16:44:36.499,0.85731,0.85738,1.15,1.19
2014.04.17 16:44:38.929,0.85733,0.85738,1.08,1.00
2014.04.17 16:44:39.031,0.85735,0.8574,1.08,1.00
2014.04.17 16:44:39.542,0.85735,0.85741,1.15,1.05
2014.04.17 16:44:41.030,0.85736,0.85742,1.15,1.50
2014.04.17 16:44:43.433,0.85736,0.85741,1.18,1.54
2014.04.17 16:45:06.653,0.85736,0.85741,1.18,1.54
2014.04.17 16:45:07.315,0.85736,0.85742,1.15,1.50
2014.04.17 16:45:08.519,0.85736,0.85741,1.18,1.05
2014.04.17 16:45:09.033,0.85735,0.85742,1.15,1.69
2014.04.17 16:45:09.563,0.85735,0.85743,1.15,1.19
2014.04.17 16:45:10.732,0.85735,0.85744,1.15,1.19
2014.04.17 16:45:11.522,0.85735,0.85744,1.15,1.19
2014.04.17 16:45:11.623,0.85735,0.85744,1.10,1.19
2014.04.17 16:45:13.632,0.85735,0.85744,1.18,1.19
2014.04.17 16:45:17.550,0.85736,0.85744,1.10,1.25
2014.04.17 16:45:17.601,0.85736,0.85744,1.65,1.25
2014.04.17 16:45:17.753,0.85737,0.85746,1.15,1.50
2014.04.17 16:45:17.956,0.85736,0.85746,1.65,1.69
2014.04.17 16:45:18.259,0.85741,0.85749,1.15,1.00
2014.04.17 16:45:18.360,0.85741,0.8575,1.15,1.00
2014.04.17 16:45:18.462,0.85741,0.85749,1.65,1.00
2014.04.17 16:45:19.235,0.85741,0.8575,1.65,1.69
2014.04.17 16:45:19.439,0.85744,0.85751,1.18,1.00
2014.04.17 16:45:19.591,0.85744,0.85752,1.15,1.25
2014.04.17 16:45:21.285,0.85744,0.85753,1.15,1.25
2014.04.17 16:45:21.949,0.85748,0.85753,1.00,1.00
2014.04.17 16:45:22.253,0.85751,0.8576,1.15,1.19
2014.04.17 16:45:22.456,0.85754,0.85764,1.08,1.77
2014.04.17 16:45:22.958,0.85754,0.85764,1.18,3.27
2014.04.17 16:45:24.812,0.85755,0.85764,1.08,1.00
2014.04.17 16:45:24.964,0.85755,0.85764,1.18,1.19
2014.04.17 16:45:27.067,0.85755,0.85764,1.18,1.19
2014.04.17 16:45:27.915,0.85754,0.85763,2.40,1.19
2014.04.17 16:45:28.017,0.85754,0.85762,1.10,1.19
2014.04.17 16:45:28.168,0.85755,0.85763,1.08,1.19
2014.04.17 16:45:28.741,0.85755,0.85763,1.15,1.00
2014.04.17 16:45:29.197,0.85755,0.85764,1.18,1.69
2014.04.17 16:45:30.442,0.85755,0.85764,1.18,1.69
2014.04.17 16:45:30.746,0.85755,0.85762,1.00,1.19
2014.04.17 16:45:30.797,0.85753,0.85762,1.10,1.19
2014.04.17 16:45:31.897,0.85753,0.85762,1.10,1.50
2014.04.17 16:45:31.948,0.85753,0.85762,1.15,1.50
2014.04.17 16:45:32.544,0.85753,0.85764,1.65,1.69
2014.04.17 16:45:33.113,0.85755,0.85766,1.00,3.19
2014.04.17 16:45:33.418,0.85759,0.85768,1.65,1.19
2014.04.17 16:45:33.829,0.8576,0.8577,1.15,1.25
2014.04.17 16:45:33.930,0.85763,0.85773,1.18,2.44
2014.04.17 16:45:34.700,0.85764,0.85773,1.18,1.19
2014.04.17 16:45:35.208,0.85765,0.85773,1.10,1.19
2014.04.17 16:45:35.979,0.85766,0.85773,1.00,1.19
2014.04.17 16:45:36.283,0.8577,0.85776,1.00,1.19
2014.04.17 16:45:36.334,0.8577,0.85778,1.00,1.19
2014.04.17 16:45:36.838,0.85769,0.85778,1.10,1.19
2014.04.17 16:45:36.939,0.8577,0.85779,1.00,1.19
2014.04.17 16:45:39.129,0.8577,0.85779,1.00,1.19
2014.04.17 16:45:43.143,0.85769,0.85779,1.00,1.19
2014.04.17 16:45:43.824,0.85769,0.85779,1.00,1.19
2014.04.17 16:45:45.164,0.85769,0.85779,1.00,1.19
2014.04.17 16:45:46.765,0.85769,0.85779,1.00,1.19
2014.04.17 16:45:47.312,0.85769,0.85777,1.00,1.00
2014.04.17 16:45:48.029,0.85768,0.85777,1.00,1.00
2014.04.17 16:45:48.569,0.85768,0.85777,1.00,1.19
2014.04.17 16:45:56.546,0.85769,0.85777,1.00,1.19
2014.04.17 16:45:56.699,0.8577,0.85777,1.08,1.19
2014.04.17 16:45:57.990,0.8577,0.85779,1.10,1.19
2014.04.17 16:45:58.041,0.8577,0.85779,1.10,1.19
2014.04.17 16:45:58.986,0.85771,0.85779,1.00,1.19
2014.04.17 16:45:59.547,0.85771,0.85779,1.00,1.25
2014.04.17 16:45:59.851,0.85769,0.85779,1.50,1.25
2014.04.17 16:46:00.358,0.85769,0.85779,1.00,1.19
2014.04.17 16:46:03.266,0.85769,0.85779,1.00,1.19
2014.04.17 16:46:05.381,0.85769,0.85779,1.00,1.19
2014.04.17 16:46:06.380,0.85768,0.85779,1.50,1.19
2014.04.17 16:46:06.881,0.85769,0.85779,1.00,1.19
2014.04.17 16:46:08.409,0.85769,0.85779,1.00,1.19
2014.04.17 16:46:12.175,0.85768,0.85779,2.25,1.19
2014.04.17 16:46:15.838,0.85768,0.85775,1.50,1.00
2014.04.17 16:46:17.921,0.85769,0.85775,1.00,1.00
2014.04.17 16:46:33.772,0.8577,0.85775,1.00,1.00
2014.04.17 16:46:39.505,0.8577,0.85779,1.00,1.19
2014.04.17 16:46:49.208,0.8577,0.85781,1.00,1.19
2014.04.17 16:46:49.724,0.85769,0.85781,1.58,1.19
2014.04.17 16:46:53.106,0.85769,0.85781,1.50,1.29
2014.04.17 16:46:56.424,0.8577,0.85781,1.00,1.29
2014.04.17 16:46:56.934,0.85769,0.85781,1.50,1.29
2014.04.17 16:46:59.640,0.85769,0.85781,1.50,1.29
2014.04.17 16:47:08.710,0.85769,0.85781,1.00,1.39
2014.04.17 16:47:08.964,0.85767,0.85779,1.10,1.29
2014.04.17 16:47:09.117,0.85767,0.85779,1.00,1.34
2014.04.17 16:47:13.633,0.85767,0.85779,1.00,1.84
2014.04.17 16:47:13.735,0.85765,0.85777,1.00,1.34
2014.04.17 16:47:14.325,0.85765,0.85775,1.00,1.40
2014.04.17 16:47:15.327,0.85772,0.85778,1.30,2.37
2014.04.17 16:47:15.580,0.85782,0.85787,1.00,1.00
2014.04.17 16:47:15.731,0.85782,0.85791,1.00,1.10
2014.04.17 16:47:16.236,0.85785,0.85794,1.00,2.37
2014.04.17 16:47:17.021,0.85785,0.85794,1.00,2.37
2014.04.17 16:47:17.545,0.85782,0.85794,2.25,2.37
2014.04.17 16:47:18.051,0.85782,0.8579,1.00,2.33
2014.04.17 16:47:18.101,0.85782,0.85788,1.00,1.00
2014.04.17 16:47:18.253,0.85778,0.85786,1.69,1.00
2014.04.17 16:47:18.355,0.8578,0.85786,1.00,1.00
2014.04.17 16:47:18.456,0.85774,0.85786,1.50,1.95
2014.04.17 16:47:18.659,0.85769,0.8578,2.63,1.08
2014.04.17 16:47:18.962,0.85769,0.85778,1.50,1.15
2014.04.17 16:47:19.611,0.85769,0.85778,1.50,1.65
2014.04.17 16:47:19.662,0.85766,0.85778,1.69,1.65
2014.04.17 16:47:20.208,0.85766,0.85778,1.00,1.65
2014.04.17 16:47:26.419,0.85766,0.85777,1.00,1.37
2014.04.17 16:47:28.285,0.85768,0.85779,1.00,1.34
2014.04.17 16:47:28.690,0.85768,0.8578,1.69,1.40
2014.04.17 16:47:28.842,0.85769,0.85781,1.00,1.37
2014.04.17 16:47:31.809,0.85771,0.85781,1.00,1.29
2014.04.17 16:47:32.114,0.85778,0.85786,1.00,1.19
2014.04.17 16:47:32.266,0.85778,0.85788,1.00,1.19
2014.04.17 16:47:34.422,0.85779,0.85789,1.00,1.29
2014.04.17 16:47:34.937,0.8578,0.85789,1.00,1.19
2014.04.17 16:47:35.741,0.8578,0.85789,1.00,1.25
2014.04.17 16:47:37.926,0.85779,0.85789,1.00,1.19
2014.04.17 16:47:38.028,0.85777,0.85789,1.00,1.27
2014.04.17 16:47:38.231,0.8578,0.85788,1.50,1.25
2014.04.17 16:47:39.273,0.8578,0.85789,1.50,1.02
2014.04.17 16:47:45.904,0.8578,0.85789,1.50,1.29
2014.04.17 16:47:46.055,0.85778,0.85788,1.00,1.25
2014.04.17 16:47:47.655,0.85777,0.85788,1.50,1.25
2014.04.17 16:47:48.264,0.85776,0.85788,2.25,1.29
2014.04.17 16:47:51.073,0.85776,0.85786,1.50,1.00
2014.04.17 16:47:57.969,0.85778,0.85786,1.00,1.25
2014.04.17 16:47:58.071,0.85776,0.85786,1.50,1.25
2014.04.17 16:48:01.518,0.85775,0.85786,1.50,1.84
2014.04.17 16:48:02.063,0.85775,0.85786,1.50,1.77
2014.04.17 16:48:02.577,0.85776,0.85786,1.00,1.77
2014.04.17 16:48:04.311,0.85774,0.85783,1.25,1.00
2014.04.17 16:48:04.766,0.85773,0.85779,1.00,1.00
2014.04.17 16:48:05.069,0.85769,0.85777,1.19,1.00
2014.04.17 16:48:05.120,0.85768,0.85777,1.00,1.00
2014.04.17 16:48:05.171,0.85768,0.85775,1.00,1.00
2014.04.17 16:48:05.221,0.85766,0.85775,3.00,1.00
2014.04.17 16:48:07.917,0.85765,0.85775,1.50,1.00
2014.04.17 16:48:09.133,0.85766,0.85775,1.00,1.00
2014.04.17 16:48:58.215,0.85768,0.85777,1.00,1.00
2014.04.17 16:48:58.727,0.85769,0.85777,1.00,1.00
2014.04.17 16:49:05.225,0.85768,0.85777,1.50,1.00
2014.04.17 16:49:20.677,0.85772,0.85777,1.00,1.25
2014.04.17 16:49:20.881,0.85773,0.8578,1.00,1.00
2014.04.17 16:49:20.983,0.85775,0.85781,1.00,1.00
2014.04.17 16:49:21.084,0.85775,0.85783,1.00,1.00
2014.04.17 16:49:27.144,0.85775,0.85785,1.00,1.25
2014.04.17 16:49:27.659,0.85776,0.85785,1.50,1.25
2014.04.17 16:49:28.217,0.85779,0.85785,1.00,1.00
2014.04.17 16:49:28.732,0.85779,0.85786,1.00,1.00
2014.04.17 16:49:30.536,0.8578,0.85786,1.50,1.00
2014.04.17 16:49:30.688,0.8578,0.85789,1.50,1.19
2014.04.17 16:49:31.221,0.85779,0.85789,1.00,1.19
2014.04.17 16:49:31.761,0.85779,0.85789,1.00,1.00
2014.04.17 16:49:37.731,0.85779,0.85787,1.00,1.00
2014.04.17 16:49:38.559,0.85779,0.85789,1.00,1.00
2014.04.17 16:49:41.148,0.8578,0.85789,1.00,1.00
2014.04.17 16:49:41.664,0.8578,0.85791,1.50,1.18
2014.04.17 16:49:51.462,0.85781,0.85791,1.00,1.09
2014.04.17 16:50:03.024,0.8578,0.85791,1.00,1.09
2014.04.17 16:50:04.164,0.8578,0.85791,1.00,1.02
2014.04.17 16:50:04.692,0.8578,0.85791,1.00,1.09
2014.04.17 16:50:06.182,0.85782,0.85791,1.00,1.18
2014.04.17 16:50:06.486,0.85784,0.85792,1.00,1.18
2014.04.17 16:50:12.224,0.85784,0.85792,1.00,1.10
2014.04.17 16:50:17.748,0.85782,0.85792,1.25,1.10
2014.04.17 16:50:17.850,0.8578,0.85792,1.50,1.10
2014.04.17 16:50:18.025,0.8578,0.85792,1.50,1.15
2014.04.17 16:50:20.101,0.85782,0.85792,1.00,1.18
2014.04.17 16:50:20.507,0.8578,0.85792,1.69,1.15
2014.04.17 16:50:20.557,0.85782,0.85794,1.00,1.34
2014.04.17 16:50:20.659,0.8578,0.85792,1.69,1.15
2014.04.17 16:50:21.201,0.8578,0.85792,1.69,1.15
2014.04.17 16:50:25.402,0.8578,0.85789,1.19,1.00
2014.04.17 16:50:26.399,0.8578,0.85789,1.25,1.00
2014.04.17 16:50:28.481,0.85779,0.85789,1.32,1.00
2014.04.17 16:50:28.582,0.85779,0.85786,1.25,1.00
2014.04.17 16:50:32.007,0.85779,0.85784,1.00,1.00
2014.04.17 16:50:34.948,0.85779,0.85785,1.00,1.00
2014.04.17 16:50:36.572,0.8578,0.85785,1.00,1.00
2014.04.17 16:50:37.125,0.85781,0.85785,1.00,1.00
2014.04.17 16:50:39.713,0.85779,0.85785,1.69,1.00
2014.04.17 16:50:39.815,0.85779,0.85787,1.50,1.00
2014.04.17 16:50:52.377,0.85778,0.85787,1.50,1.10
2014.04.17 16:50:52.579,0.85778,0.85785,1.00,1.00
2014.04.17 16:50:53.098,0.85777,0.85785,1.00,1.00
2014.04.17 16:50:53.419,0.85777,0.85783,1.00,1.00
2014.04.17 16:50:54.350,0.85777,0.85783,1.00,1.38
2014.04.17 16:50:54.452,0.85775,0.85781,1.50,1.00
2014.04.17 16:50:54.553,0.85773,0.85781,1.00,1.10
2014.04.17 16:50:54.655,0.85773,0.85779,1.00,1.38
2014.04.17 16:50:54.757,0.85769,0.85776,1.50,1.00
2014.04.17 16:50:55.682,0.85768,0.85776,1.00,1.10
2014.04.17 16:50:58.941,0.85769,0.85776,1.00,1.00
2014.04.17 16:50:59.153,0.85767,0.85776,1.25,1.00
2014.04.17 16:51:00.240,0.85766,0.85777,1.69,1.00
2014.04.17 16:51:00.750,0.85766,0.85777,1.69,1.00
2014.04.17 16:51:06.153,0.85766,0.85777,1.69,1.00
2014.04.17 16:51:08.659,0.85768,0.85777,1.00,1.00
2014.04.17 16:51:09.268,0.85769,0.85777,1.00,1.00
2014.04.17 16:51:13.110,0.85769,0.85778,1.00,1.13
2014.04.17 16:51:17.340,0.85768,0.85778,1.00,1.88
2014.04.17 16:51:17.492,0.85767,0.85776,1.00,1.10
2014.04.17 16:51:18.059,0.85766,0.85776,1.00,1.58
2014.04.17 16:51:20.324,0.8577,0.85776,1.00,1.50
2014.04.17 16:51:20.526,0.85768,0.85776,1.10,1.00
2014.04.17 16:51:20.913,0.85768,0.85778,1.00,1.50
2014.04.17 16:51:21.179,0.85768,0.85776,1.00,1.00
2014.04.17 16:51:23.207,0.85767,0.85776,1.50,1.00
2014.04.17 16:51:28.059,0.85767,0.85775,1.00,1.00
2014.04.17 16:51:31.775,0.85772,0.85776,1.00,1.00
2014.04.17 16:51:31.876,0.85768,0.85775,1.13,1.00
2014.04.17 16:51:34.332,0.85767,0.85775,1.00,1.00
2014.04.17 16:51:48.780,0.85766,0.85775,1.00,1.00
2014.04.17 16:51:49.084,0.85765,0.85773,1.13,1.00
2014.04.17 16:51:52.219,0.85766,0.85773,1.00,1.00
2014.04.17 16:51:52.270,0.85766,0.85775,1.00,1.25
2014.04.17 16:51:54.596,0.85766,0.85774,1.00,1.00
2014.04.17 16:51:57.429,0.85766,0.85775,1.00,1.25
2014.04.17 16:51:57.732,0.85768,0.85775,1.00,1.25
2014.04.17 16:52:01.930,0.85766,0.85775,1.50,1.00
2014.04.17 16:52:02.051,0.85764,0.85774,1.69,1.50
2014.04.17 16:52:04.183,0.85764,0.85774,1.69,1.65
2014.04.17 16:52:05.949,0.85764,0.85774,1.32,1.65
2014.04.17 16:52:07.018,0.85764,0.85774,2.07,1.15
2014.04.17 16:52:07.644,0.85768,0.85774,1.00,1.00
2014.04.17 16:52:07.695,0.85768,0.85774,1.00,1.10
2014.04.17 16:52:07.847,0.85766,0.85775,1.50,1.08
2014.04.17 16:52:07.999,0.85766,0.85773,1.00,1.15
2014.04.17 16:52:08.201,0.85767,0.85773,1.00,1.00
2014.04.17 16:52:08.555,0.85766,0.85773,1.00,1.15
2014.04.17 16:52:09.945,0.85764,0.85773,1.00,1.15
2014.04.17 16:52:10.522,0.85764,0.85773,1.00,1.18
2014.04.17 16:52:11.714,0.85764,0.85773,1.00,1.00
2014.04.17 16:52:11.916,0.85765,0.85773,2.25,1.00
2014.04.17 16:52:12.452,0.85765,0.85774,1.75,1.00
2014.04.17 16:52:12.767,0.85765,0.85774,1.75,1.15
2014.04.17 16:52:14.651,0.85764,0.85774,1.88,1.15
2014.04.17 16:52:15.163,0.85764,0.85774,1.88,1.15
2014.04.17 16:52:15.709,0.85764,0.85774,1.88,1.15
2014.04.17 16:52:16.063,0.85766,0.85774,1.00,1.15
2014.04.17 16:52:31.125,0.85764,0.85772,1.88,1.10
2014.04.17 16:52:38.129,0.85764,0.85772,1.13,1.50
2014.04.17 16:52:38.180,0.85764,0.85772,1.13,1.50
2014.04.17 16:52:38.281,0.85762,0.8577,1.00,1.65
2014.04.17 16:52:38.433,0.8576,0.8577,1.00,1.65
2014.04.17 16:52:38.967,0.85759,0.85768,1.00,1.18
2014.04.17 16:52:39.018,0.85762,0.85768,1.00,1.18
2014.04.17 16:52:39.524,0.85762,0.85768,1.00,1.00
2014.04.17 16:52:40.039,0.85762,0.8577,1.00,1.18
2014.04.17 16:52:42.516,0.85762,0.8577,1.00,1.15
2014.04.17 16:52:43.061,0.85762,0.8577,1.00,1.18
2014.04.17 16:52:43.568,0.85762,0.8577,1.00,1.15
2014.04.17 16:52:44.078,0.85762,0.8577,1.00,1.18
2014.04.17 16:52:44.587,0.85762,0.8577,1.00,1.15
2014.04.17 16:52:45.113,0.85762,0.8577,1.00,1.18
2014.04.17 16:52:45.416,0.8576,0.8577,1.50,1.18
2014.04.17 16:52:45.517,0.85762,0.8577,1.00,1.15
2014.04.17 16:52:46.144,0.85762,0.8577,1.00,1.18
2014.04.17 16:52:48.035,0.8576,0.8577,1.50,1.15
2014.04.17 16:52:48.136,0.85759,0.8577,1.50,1.15
2014.04.17 16:52:48.710,0.8576,0.8577,1.00,1.15
2014.04.17 16:52:49.045,0.85762,0.8577,1.00,1.18
2014.04.17 16:52:49.580,0.85762,0.8577,1.00,1.15
2014.04.17 16:52:50.001,0.8576,0.8577,1.13,1.15
2014.04.17 16:52:51.101,0.8576,0.8577,1.13,1.18
2014.04.17 16:52:51.810,0.8576,0.8577,1.13,1.15
2014.04.17 16:52:52.327,0.85761,0.8577,1.00,1.15
2014.04.17 16:52:52.869,0.85761,0.8577,1.00,1.18
2014.04.17 16:52:53.403,0.8576,0.8577,1.00,1.10
2014.04.17 16:52:54.578,0.8576,0.8577,1.13,1.15
2014.04.17 16:53:05.368,0.85759,0.8577,1.00,1.15
2014.04.17 16:53:22.257,0.85759,0.8577,1.00,3.08
2014.04.17 16:53:22.905,0.85757,0.85768,1.69,1.15
2014.04.17 16:53:23.521,0.85757,0.85768,1.50,1.15
2014.04.17 16:53:24.458,0.85757,0.85768,1.50,1.18
2014.04.17 16:53:24.785,0.85759,0.8577,1.00,1.40
2014.04.17 16:53:29.587,0.85759,0.8577,1.00,3.27
2014.04.17 16:53:30.959,0.85759,0.8577,1.00,1.40
2014.04.17 16:53:33.629,0.85759,0.8577,1.00,3.27
2014.04.17 16:53:34.130,0.85759,0.8577,1.00,1.34
2014.04.17 16:53:39.539,0.85759,0.8577,1.00,3.27
2014.04.17 16:53:40.180,0.85759,0.8577,1.00,1.34
2014.04.17 16:53:42.236,0.85759,0.8577,1.00,1.34
2014.04.17 16:53:42.750,0.85759,0.8577,1.00,1.34
2014.04.17 16:53:43.256,0.85759,0.8577,1.00,1.34
2014.04.17 16:53:43.410,0.85757,0.85768,1.50,1.09
2014.04.17 16:53:56.840,0.85758,0.85768,1.00,1.18
2014.04.17 16:53:56.941,0.85761,0.8577,1.00,1.65
2014.04.17 16:53:57.000,0.85761,0.8577,1.00,1.65
2014.04.17 16:53:57.354,0.85761,0.85772,1.69,1.65
2014.04.17 16:53:58.877,0.85761,0.85769,1.25,1.00
2014.04.17 16:54:00.234,0.85761,0.85769,1.19,1.00
2014.04.17 16:54:02.441,0.85761,0.85769,1.19,1.00
2014.04.17 16:54:06.791,0.85761,0.85769,1.00,1.00
2014.04.17 16:54:12.977,0.85761,0.8577,1.00,1.10
2014.04.17 16:54:14.098,0.85761,0.85772,1.00,1.84
2014.04.17 16:54:14.718,0.85761,0.85772,1.00,1.84
2014.04.17 16:54:17.416,0.85761,0.85772,1.25,1.65
2014.04.17 16:54:25.515,0.85762,0.85772,1.00,1.37
2014.04.17 16:54:29.070,0.85763,0.85772,1.00,1.18
2014.04.17 16:54:31.007,0.85763,0.85772,1.00,1.10
2014.04.17 16:54:32.959,0.85763,0.85772,1.00,1.18
2014.04.17 16:54:35.549,0.85763,0.85772,1.00,1.15
2014.04.17 16:54:36.190,0.85763,0.85772,1.00,1.18
2014.04.17 16:54:36.835,0.85763,0.85772,1.00,1.18
2014.04.17 16:54:40.588,0.85762,0.85772,3.19,1.15
2014.04.17 16:54:52.762,0.85762,0.85772,1.25,1.18
2014.04.17 16:54:59.165,0.85762,0.85772,1.50,1.10
2014.04.17 16:54:59.700,0.85762,0.85772,1.50,1.18
2014.04.17 16:55:01.419,0.85762,0.85772,1.50,1.20
2014.04.17 16:55:03.622,0.85762,0.85772,1.50,1.08
2014.04.17 16:55:04.242,0.85762,0.85772,1.50,1.10
2014.04.17 16:55:05.411,0.85762,0.85772,1.00,1.65
2014.04.17 16:55:10.667,0.85762,0.85772,1.00,1.58
2014.04.17 16:55:11.227,0.85762,0.85772,1.00,1.65
2014.04.17 16:55:13.308,0.85762,0.85772,1.00,1.58
2014.04.17 16:55:15.268,0.85762,0.85772,1.00,1.65
2014.04.17 16:55:17.996,0.85761,0.85772,1.69,1.65
2014.04.17 16:55:20.062,0.85761,0.85772,1.50,1.84
2014.04.17 16:55:22.428,0.85761,0.85772,1.50,1.77
2014.04.17 16:55:22.987,0.85761,0.85772,1.50,1.84
2014.04.17 16:55:27.296,0.85761,0.85772,1.69,1.65
2014.04.17 16:55:28.301,0.85761,0.85772,1.69,1.65
2014.04.17 16:55:30.679,0.85763,0.85772,1.25,1.58
2014.04.17 16:55:31.182,0.85763,0.85772,1.25,1.65
2014.04.17 16:55:33.126,0.85761,0.85772,1.50,1.08
2014.04.17 16:55:33.278,0.85761,0.85771,1.50,1.15
2014.04.17 16:55:33.800,0.8576,0.85771,1.32,1.15
2014.04.17 16:55:34.979,0.8576,0.85771,2.07,1.15
2014.04.17 16:55:38.170,0.85762,0.85772,1.25,1.18
2014.04.17 16:55:38.726,0.85762,0.85772,1.25,1.10
2014.04.17 16:55:39.241,0.85762,0.85772,1.25,1.08
2014.04.17 16:55:40.048,0.85762,0.85772,1.25,1.10
2014.04.17 16:55:40.557,0.85762,0.85772,1.25,1.18
2014.04.17 16:55:41.233,0.85762,0.85772,1.25,1.10
2014.04.17 16:55:42.505,0.85762,0.85772,1.25,1.18
2014.04.17 16:55:43.007,0.85762,0.85772,1.25,1.10
2014.04.17 16:55:43.521,0.85761,0.85772,1.25,1.18
2014.04.17 16:55:44.028,0.85761,0.85772,1.25,1.15
2014.04.17 16:55:44.569,0.85761,0.85772,1.25,1.18
2014.04.17 16:55:45.394,0.8576,0.8577,1.32,1.00
2014.04.17 16:55:46.272,0.85761,0.85772,1.25,1.18
2014.04.17 16:55:47.634,0.85761,0.85772,1.69,1.10
2014.04.17 16:55:48.244,0.85761,0.85772,1.69,1.18
2014.04.17 16:55:48.782,0.85761,0.85772,2.44,1.10
2014.04.17 16:55:48.935,0.85763,0.85774,1.00,1.34
2014.04.17 16:55:49.473,0.85763,0.85774,1.00,1.37
2014.04.17 16:55:51.996,0.85763,0.85774,1.00,1.37
2014.04.17 16:55:52.048,0.85761,0.85772,2.44,1.18
2014.04.17 16:55:55.269,0.85763,0.85772,1.00,1.18
2014.04.17 16:55:57.007,0.85761,0.85772,2.25,1.09
2014.04.17 16:55:57.543,0.85761,0.85772,1.50,1.40
2014.04.17 16:55:58.057,0.85761,0.85772,1.50,1.09
2014.04.17 16:56:01.942,0.85761,0.85772,1.50,1.09
2014.04.17 16:56:02.455,0.85761,0.85772,1.50,1.09
2014.04.17 16:56:03.121,0.85761,0.85772,1.50,1.40
2014.04.17 16:56:03.959,0.85761,0.85772,1.50,1.09
2014.04.17 16:56:12.789,0.85761,0.85772,1.50,1.09
2014.04.17 16:56:13.390,0.85761,0.85772,1.50,1.09
2014.04.17 16:56:46.338,0.85761,0.85772,1.00,1.15
2014.04.17 16:56:48.724,0.85761,0.85772,1.25,1.18
2014.04.17 16:56:49.241,0.85761,0.85772,1.00,1.15
2014.04.17 16:56:51.124,0.85761,0.85772,1.00,1.09
2014.04.17 16:56:52.045,0.8576,0.85775,1.50,1.84
2014.04.17 16:56:52.578,0.8576,0.85774,1.50,1.34
2014.04.17 16:57:56.335,0.85759,0.85773,1.50,1.34
2014.04.17 16:57:58.635,0.85759,0.85769,1.50,1.00
2014.04.17 16:58:01.640,0.85759,0.85769,1.69,1.00
2014.04.17 16:58:03.718,0.8576,0.85771,1.25,1.10
2014.04.17 16:58:04.488,0.85761,0.85771,1.25,1.10
2014.04.17 16:58:12.724,0.85761,0.85771,1.00,1.29
2014.04.17 16:58:27.898,0.8576,0.85771,1.50,1.29
2014.04.17 16:58:28.401,0.8576,0.85771,1.00,1.34
2014.04.17 16:58:30.508,0.85758,0.85769,2.25,1.02
2014.04.17 16:58:33.232,0.85758,0.85769,1.50,1.39
2014.04.17 16:58:33.537,0.8576,0.85771,1.00,1.72
2014.04.17 16:58:33.949,0.8576,0.85771,1.50,1.29
2014.04.17 16:58:34.495,0.85761,0.85772,1.00,1.09
2014.04.17 16:58:38.246,0.85761,0.85772,1.00,1.02
2014.04.17 16:58:39.326,0.85761,0.85772,1.00,1.09
2014.04.17 16:58:39.845,0.85761,0.85772,1.00,1.25
2014.04.17 16:58:42.668,0.85761,0.85772,1.00,1.09
2014.04.17 16:58:46.952,0.85762,0.85772,1.00,1.37
2014.04.17 16:58:47.055,0.85764,0.85772,1.00,1.00
2014.04.17 16:58:47.158,0.85765,0.85775,1.00,1.18
2014.04.17 16:58:47.259,0.85765,0.85776,1.50,1.02
2014.04.17 16:58:47.310,0.85767,0.85777,1.00,1.84
2014.04.17 16:58:53.482,0.85766,0.85776,1.00,1.02
2014.04.17 16:58:53.786,0.85764,0.85775,1.00,1.40
2014.04.17 16:58:55.185,0.85764,0.85775,1.00,1.09
2014.04.17 16:58:55.487,0.8577,0.85777,1.00,1.34
2014.04.17 16:58:56.017,0.8577,0.85777,1.00,1.37
2014.04.17 16:58:57.994,0.8577,0.85777,1.00,1.37
2014.04.17 16:58:58.323,0.85766,0.85778,1.00,1.34
2014.04.17 16:58:59.969,0.85772,0.85777,1.00,1.00
2014.04.17 16:59:00.070,0.85771,0.85777,1.00,1.37
2014.04.17 16:59:00.825,0.85771,0.85777,1.38,1.10
2014.04.17 16:59:01.028,0.85776,0.85785,1.50,1.00
2014.04.17 16:59:01.078,0.85781,0.85787,1.00,1.39
2014.04.17 16:59:01.621,0.85781,0.85789,1.00,1.84
2014.04.17 16:59:02.125,0.85781,0.85789,1.00,1.84
2014.04.17 16:59:02.631,0.85781,0.85787,1.00,1.34
2014.04.17 16:59:05.313,0.85781,0.85787,1.00,1.84
2014.04.17 16:59:11.575,0.8578,0.85785,1.00,1.00
2014.04.17 16:59:17.305,0.85781,0.85787,1.00,1.09
2014.04.17 16:59:28.147,0.85782,0.85787,1.00,1.10
2014.04.17 16:59:28.248,0.85781,0.85787,1.00,1.00
2014.04.17 16:59:28.750,0.85782,0.85789,1.00,2.82
2014.04.17 16:59:29.256,0.85782,0.85789,1.00,2.82
2014.04.17 16:59:31.611,0.85783,0.85788,1.00,1.13
2014.04.17 16:59:32.586,0.85782,0.85788,1.00,1.32
2014.04.17 16:59:34.254,0.85782,0.85788,1.00,1.13
2014.04.17 16:59:35.332,0.85782,0.85788,1.00,1.32
2014.04.17 16:59:44.366,0.85776,0.85786,1.02,1.00
2014.04.17 16:59:45.591,0.85783,0.85788,1.00,1.32
2014.04.17 16:59:48.395,0.85782,0.85789,1.00,2.82
2014.04.17 16:59:49.224,0.85782,0.85787,1.00,1.00
2014.04.17 16:59:52.180,0.85782,0.85789,1.00,1.19
2014.04.17 16:59:52.231,0.85782,0.8579,1.00,1.10
2014.04.17 16:59:52.696,0.85784,0.8579,1.00,1.10
2014.04.17 16:59:53.528,0.85784,0.85791,1.00,1.28
2014.04.17 16:59:54.745,0.85786,0.85793,1.00,1.54
2014.04.17 16:59:55.290,0.85786,0.85793,1.00,1.39
2014.04.17 16:59:57.956,0.85785,0.8579,1.00,1.43
2014.04.17 16:59:58.261,0.85783,0.85789,1.00,1.95
2014.04.17 16:59:58.620,0.85776,0.85786,1.19,1.00
2014.04.17 16:59:58.721,0.8578,0.85786,1.00,1.00
