2013.07.24 17:00:00.139,0.79255,0.79273,1.58,2.44
2013.07.24 17:00:01.057,0.79255,0.79275,2.33,2.44
2013.07.24 17:00:03.659,0.79255,0.79274,1.58,1.69
2013.07.24 17:00:05.400,0.79255,0.79274,1.58,1.69
2013.07.24 17:00:05.528,0.79255,0.79274,1.58,1.69
2013.07.24 17:00:06.059,0.79255,0.79274,1.58,1.69
2013.07.24 17:00:06.617,0.79255,0.79273,1.58,1.50
2013.07.24 17:00:07.447,0.79255,0.79275,2.33,2.70
2013.07.24 17:00:17.557,0.79255,0.79275,1.58,3.45
2013.07.24 17:00:17.916,0.79258,0.79277,1.13,1.72
2013.07.24 17:00:17.977,0.7926,0.79277,1.50,1.69
2013.07.24 17:00:19.759,0.7926,0.79278,1.88,1.13
2013.07.24 17:00:20.096,0.7926,0.79278,1.88,1.13
2013.07.24 17:00:21.748,0.7926,0.79278,1.88,1.16
2013.07.24 17:00:27.767,0.7926,0.79278,1.88,1.16
2013.07.24 17:00:29.393,0.7926,0.79278,1.88,1.16
2013.07.24 17:00:31.458,0.79262,0.79279,1.13,1.53
2013.07.24 17:00:31.517,0.79262,0.79279,1.73,1.50
2013.07.24 17:00:31.577,0.79266,0.79279,1.13,1.50
2013.07.24 17:00:31.759,0.79266,0.79282,3.00,1.50
2013.07.24 17:00:32.848,0.79265,0.79282,3.75,1.16
2013.07.24 17:00:33.089,0.7926,0.79278,1.13,1.13
2013.07.24 17:00:33.327,0.79255,0.79275,2.25,1.13
2013.07.24 17:00:33.907,0.79255,0.79275,2.25,1.13
2013.07.24 17:00:35.071,0.79255,0.79275,1.50,1.53
2013.07.24 17:00:35.379,0.79254,0.7927,1.50,1.13
2013.07.24 17:00:35.509,0.79249,0.79268,1.69,2.25
2013.07.24 17:00:35.627,0.79249,0.79268,1.69,1.50
2013.07.24 17:00:37.647,0.7925,0.79268,2.25,1.50
2013.07.24 17:00:37.947,0.79255,0.7927,1.50,1.91
2013.07.24 17:00:38.495,0.79255,0.79269,1.50,1.50
2013.07.24 17:00:39.987,0.79255,0.79269,1.50,1.72
2013.07.24 17:00:41.007,0.79254,0.7927,2.25,2.85
2013.07.24 17:00:41.650,0.79255,0.79269,1.50,1.50
2013.07.24 17:00:41.888,0.79255,0.79273,1.50,1.69
2013.07.24 17:00:42.580,0.79255,0.79273,1.50,1.69
2013.07.24 17:00:43.255,0.79255,0.79273,1.50,1.69
2013.07.24 17:00:43.987,0.79255,0.79273,1.50,1.69
2013.07.24 17:00:44.606,0.79255,0.79275,1.50,2.82
2013.07.24 17:00:45.489,0.79254,0.79275,3.00,2.44
2013.07.24 17:00:45.558,0.79259,0.79275,1.50,2.44
2013.07.24 17:00:47.048,0.79259,0.79276,1.50,1.69
2013.07.24 17:00:50.387,0.79259,0.79274,1.50,1.50
2013.07.24 17:00:50.687,0.79253,0.79272,1.50,4.32
2013.07.24 17:00:51.503,0.79252,0.79272,1.50,4.32
2013.07.24 17:00:51.987,0.79255,0.79272,1.50,2.07
2013.07.24 17:00:52.347,0.79256,0.79273,1.50,1.72
2013.07.24 17:00:53.063,0.79255,0.79274,1.50,1.72
2013.07.24 17:00:57.237,0.79255,0.79274,1.50,1.69
2013.07.24 17:00:57.536,0.79257,0.79276,1.50,1.35
2013.07.24 17:00:59.747,0.79257,0.79277,1.50,2.85
2013.07.24 17:01:03.477,0.79257,0.79272,1.50,1.88
2013.07.24 17:01:03.598,0.79255,0.79272,1.50,1.88
2013.07.24 17:01:05.088,0.79252,0.79272,2.03,2.82
2013.07.24 17:01:05.149,0.7925,0.7927,3.38,2.07
2013.07.24 17:01:05.217,0.7925,0.79268,3.00,1.13
2013.07.24 17:01:05.578,0.79254,0.79268,1.50,1.50
2013.07.24 17:01:05.887,0.79255,0.79271,1.50,1.35
2013.07.24 17:01:06.249,0.79255,0.79275,2.25,2.10
2013.07.24 17:01:06.307,0.79255,0.79275,2.25,2.10
2013.07.24 17:01:08.499,0.79255,0.79275,2.25,2.07
2013.07.24 17:01:10.807,0.79255,0.79275,3.00,1.13
2013.07.24 17:01:11.079,0.79256,0.79276,1.50,1.35
2013.07.24 17:01:11.399,0.79256,0.79275,1.50,1.16
2013.07.24 17:01:11.457,0.79255,0.7927,2.25,1.13
2013.07.24 17:01:11.697,0.79252,0.79267,1.13,1.50
2013.07.24 17:01:11.997,0.79248,0.79264,1.50,1.50
2013.07.24 17:01:12.497,0.79246,0.79264,1.50,2.25
2013.07.24 17:01:13.017,0.79246,0.79264,1.50,1.50
2013.07.24 17:01:13.077,0.79247,0.79264,1.50,1.50
2013.07.24 17:01:13.437,0.7925,0.79265,1.13,1.88
2013.07.24 17:01:13.497,0.79249,0.79265,1.50,1.88
2013.07.24 17:01:13.997,0.79247,0.79264,1.50,2.63
2013.07.24 17:01:14.417,0.79248,0.79264,2.25,1.13
2013.07.24 17:01:14.597,0.79252,0.79268,1.13,2.25
2013.07.24 17:01:14.716,0.79252,0.79272,1.88,1.13
2013.07.24 17:01:14.897,0.79255,0.79275,1.50,4.32
2013.07.24 17:01:14.957,0.79256,0.79275,1.50,2.07
2013.07.24 17:01:15.696,0.79255,0.79275,1.50,2.82
2013.07.24 17:01:16.274,0.79255,0.79275,1.50,2.85
2013.07.24 17:01:17.498,0.79255,0.79275,1.50,2.85
2013.07.24 17:01:22.328,0.79256,0.79275,1.50,2.07
2013.07.24 17:01:22.387,0.79256,0.79275,1.50,1.32
2013.07.24 17:01:23.128,0.79257,0.79275,1.50,1.35
2013.07.24 17:01:23.738,0.79258,0.79275,1.50,1.32
2013.07.24 17:01:24.897,0.79258,0.79275,1.50,1.35
2013.07.24 17:01:25.427,0.79258,0.79275,1.50,1.32
2013.07.24 17:01:26.748,0.79258,0.79275,1.50,1.32
2013.07.24 17:01:27.618,0.79258,0.79275,1.50,1.13
2013.07.24 17:01:28.338,0.79261,0.7928,1.50,3.19
2013.07.24 17:01:29.667,0.79262,0.7928,1.50,2.07
2013.07.24 17:01:30.228,0.79263,0.7928,1.50,2.07
2013.07.24 17:01:31.438,0.79263,0.7928,1.50,1.13
2013.07.24 17:01:33.688,0.79263,0.79282,1.50,3.22
2013.07.24 17:01:35.428,0.79263,0.79277,1.50,1.69
2013.07.24 17:01:35.607,0.79258,0.79275,1.35,1.13
2013.07.24 17:01:35.787,0.79258,0.79276,1.35,1.50
2013.07.24 17:01:38.367,0.79257,0.79276,1.88,1.13
2013.07.24 17:01:39.627,0.79258,0.79276,1.50,1.32
2013.07.24 17:01:41.160,0.79258,0.79276,1.50,1.32
2013.07.24 17:01:41.349,0.79265,0.79278,2.25,2.25
2013.07.24 17:01:41.408,0.79265,0.79284,3.00,2.10
2013.07.24 17:01:42.997,0.79266,0.79284,1.50,1.32
2013.07.24 17:01:44.787,0.79266,0.79285,2.25,1.35
2013.07.24 17:01:46.817,0.79266,0.79285,2.63,1.35
2013.07.24 17:01:49.730,0.79266,0.79285,1.88,2.10
2013.07.24 17:01:49.859,0.79266,0.79285,1.88,2.92
2013.07.24 17:01:50.399,0.79265,0.7928,1.50,1.13
2013.07.24 17:01:51.576,0.79261,0.79274,1.50,1.50
2013.07.24 17:01:52.101,0.79262,0.79275,1.13,1.50
2013.07.24 17:01:52.527,0.79261,0.79277,1.50,1.50
2013.07.24 17:01:53.577,0.79262,0.79277,1.13,1.50
2013.07.24 17:01:53.817,0.79262,0.79278,1.13,1.53
2013.07.24 17:01:54.408,0.79262,0.79278,1.13,2.28
2013.07.24 17:01:54.947,0.79262,0.79278,1.13,1.53
2013.07.24 17:01:55.478,0.79262,0.79278,1.50,1.50
2013.07.24 17:01:59.967,0.79262,0.7928,2.25,1.53
2013.07.24 17:02:03.647,0.79262,0.79281,1.50,1.35
2013.07.24 17:02:03.948,0.79262,0.79277,1.50,1.50
2013.07.24 17:02:05.209,0.79262,0.79277,1.50,1.50
2013.07.24 17:02:06.617,0.79262,0.79277,1.50,1.53
2013.07.24 17:02:10.479,0.79262,0.79277,1.50,1.53
2013.07.24 17:02:11.200,0.79262,0.79277,1.50,1.53
2013.07.24 17:02:15.058,0.79261,0.79277,1.50,1.53
2013.07.24 17:02:17.510,0.7926,0.79273,1.13,1.50
2013.07.24 17:02:17.758,0.79258,0.79272,2.44,1.50
2013.07.24 17:02:19.179,0.79259,0.79273,1.13,1.53
2013.07.24 17:02:23.300,0.79258,0.79273,1.88,1.53
2013.07.24 17:02:29.019,0.79257,0.79273,1.50,1.53
2013.07.24 17:02:34.166,0.79257,0.79273,1.50,1.61
2013.07.24 17:02:34.350,0.79254,0.79271,2.25,1.53
2013.07.24 17:02:34.419,0.79254,0.79267,1.50,1.50
2013.07.24 17:02:34.493,0.79254,0.79271,1.13,2.28
2013.07.24 17:02:34.559,0.79253,0.79271,3.00,2.28
2013.07.24 17:02:35.098,0.79253,0.79268,1.88,1.38
2013.07.24 17:02:35.278,0.79252,0.79267,1.88,3.03
2013.07.24 17:02:35.638,0.79249,0.79261,1.50,1.91
2013.07.24 17:02:35.937,0.79242,0.79258,1.32,1.53
2013.07.24 17:02:35.997,0.79241,0.79257,1.32,1.53
2013.07.24 17:02:36.058,0.7924,0.79257,1.13,1.53
2013.07.24 17:02:38.078,0.7924,0.79259,1.13,1.53
2013.07.24 17:02:39.968,0.7924,0.79259,1.13,1.53
2013.07.24 17:02:41.707,0.79242,0.79259,1.13,1.53
2013.07.24 17:02:48.939,0.79243,0.7926,1.50,1.16
2013.07.24 17:02:49.600,0.79243,0.79262,1.13,2.82
2013.07.24 17:02:49.667,0.79244,0.79262,1.50,1.13
2013.07.24 17:02:49.727,0.79244,0.79264,1.50,1.69
2013.07.24 17:02:49.848,0.79251,0.79265,1.50,2.07
2013.07.24 17:02:50.089,0.79253,0.7927,1.50,2.07
2013.07.24 17:02:50.220,0.79254,0.7927,1.50,1.13
2013.07.24 17:02:50.409,0.79255,0.79275,1.50,2.70
2013.07.24 17:02:50.889,0.79255,0.79275,2.25,1.92
2013.07.24 17:02:50.965,0.79261,0.7928,1.50,2.67
2013.07.24 17:02:51.041,0.79262,0.79283,2.63,3.57
2013.07.24 17:02:51.657,0.79262,0.79282,1.88,1.35
2013.07.24 17:02:52.217,0.79262,0.7928,1.88,1.13
2013.07.24 17:02:52.767,0.79262,0.79282,1.88,1.35
2013.07.24 17:02:52.888,0.79264,0.79283,1.50,2.85
2013.07.24 17:02:53.483,0.79265,0.79283,1.50,2.10
2013.07.24 17:02:55.009,0.79264,0.79283,1.50,1.35
2013.07.24 17:02:55.324,0.79266,0.79283,1.50,1.35
2013.07.24 17:02:56.978,0.79264,0.79283,1.50,2.47
2013.07.24 17:02:57.097,0.79263,0.79283,1.13,3.22
2013.07.24 17:02:58.078,0.79263,0.79283,1.88,3.22
2013.07.24 17:02:59.068,0.79264,0.79283,2.25,1.35
2013.07.24 17:02:59.187,0.79266,0.79283,1.50,1.35
2013.07.24 17:03:00.069,0.79266,0.79283,1.50,1.35
2013.07.24 17:03:00.267,0.79264,0.79283,1.50,2.10
2013.07.24 17:03:00.388,0.79262,0.79283,2.63,2.85
2013.07.24 17:03:05.469,0.79262,0.7928,2.25,1.35
2013.07.24 17:03:06.018,0.79261,0.79275,1.50,1.91
2013.07.24 17:03:06.847,0.79257,0.79275,2.07,2.28
2013.07.24 17:03:07.028,0.79257,0.79275,2.07,2.28
2013.07.24 17:03:09.718,0.79256,0.79275,3.00,2.47
2013.07.24 17:03:11.068,0.79256,0.79271,3.00,1.35
2013.07.24 17:03:11.248,0.79253,0.79269,3.19,1.38
2013.07.24 17:03:13.317,0.79253,0.79268,1.13,1.53
2013.07.24 17:03:13.907,0.79253,0.79268,1.13,2.66
2013.07.24 17:03:15.578,0.79252,0.79268,2.25,1.16
2013.07.24 17:03:17.117,0.79253,0.79269,2.25,1.38
2013.07.24 17:03:19.128,0.79253,0.7927,1.50,1.38
2013.07.24 17:03:25.317,0.79253,0.79269,1.50,1.38
2013.07.24 17:03:32.247,0.79252,0.79266,1.13,2.13
2013.07.24 17:03:32.548,0.79248,0.79263,1.88,1.53
2013.07.24 17:03:33.097,0.79248,0.79261,1.88,1.53
2013.07.24 17:03:33.217,0.79243,0.79261,1.13,2.28
2013.07.24 17:03:33.337,0.79242,0.79259,2.25,1.50
2013.07.24 17:03:34.449,0.79241,0.79259,1.32,1.53
2013.07.24 17:03:35.677,0.79241,0.79259,1.13,1.53
2013.07.24 17:03:37.127,0.79241,0.79259,1.13,1.53
2013.07.24 17:03:38.698,0.79241,0.79254,1.13,1.53
2013.07.24 17:03:39.259,0.79238,0.79254,1.13,1.53
2013.07.24 17:03:39.758,0.79238,0.79252,1.13,2.28
2013.07.24 17:03:42.268,0.79238,0.79252,1.13,2.28
2013.07.24 17:03:43.689,0.79235,0.79252,1.50,2.28
2013.07.24 17:03:45.569,0.79235,0.79251,1.50,2.28
2013.07.24 17:03:45.689,0.79236,0.79251,1.13,2.25
2013.07.24 17:03:45.751,0.79233,0.79251,1.69,3.78
2013.07.24 17:03:45.878,0.79233,0.7925,1.13,1.91
2013.07.24 17:03:46.057,0.79232,0.79248,1.13,1.53
2013.07.24 17:03:48.097,0.79233,0.79249,1.13,1.53
2013.07.24 17:03:48.617,0.79236,0.79252,1.13,1.53
2013.07.24 17:03:51.388,0.79235,0.79253,1.88,3.03
2013.07.24 17:03:51.547,0.79235,0.79253,1.88,2.28
2013.07.24 17:03:51.609,0.79235,0.79253,1.88,1.50
2013.07.24 17:03:52.284,0.79235,0.79255,2.63,2.10
2013.07.24 17:03:53.457,0.79236,0.79255,1.50,2.10
2013.07.24 17:03:53.697,0.79236,0.79253,1.50,1.50
2013.07.24 17:03:56.108,0.79238,0.79254,1.13,1.53
2013.07.24 17:03:56.437,0.79236,0.79254,1.50,1.53
2013.07.24 17:03:57.199,0.79238,0.79254,1.13,1.53
2013.07.24 17:03:59.418,0.79236,0.79255,2.25,1.16
2013.07.24 17:03:59.959,0.79236,0.79255,2.25,1.16
2013.07.24 17:04:00.017,0.79238,0.79255,1.13,1.16
2013.07.24 17:04:00.557,0.79238,0.79255,1.13,1.16
2013.07.24 17:04:01.758,0.79236,0.79255,1.13,4.01
2013.07.24 17:04:02.308,0.79236,0.79252,1.50,1.16
2013.07.24 17:04:02.728,0.79236,0.79253,1.13,1.53
2013.07.24 17:04:03.798,0.79235,0.79252,2.63,1.38
2013.07.24 17:04:04.768,0.79236,0.79252,1.50,1.38
2013.07.24 17:04:06.168,0.79235,0.79252,1.88,3.30
2013.07.24 17:04:06.228,0.79232,0.79245,1.69,1.35
2013.07.24 17:04:14.018,0.79234,0.79248,1.13,2.13
2013.07.24 17:04:14.197,0.79236,0.79248,1.13,1.35
2013.07.24 17:04:14.257,0.79236,0.7925,1.13,1.72
2013.07.24 17:04:14.437,0.79238,0.79254,1.13,2.10
2013.07.24 17:04:14.977,0.79238,0.79254,1.13,2.48
2013.07.24 17:04:15.443,0.79239,0.79256,1.50,1.32
2013.07.24 17:04:15.509,0.79239,0.79257,1.50,2.07
2013.07.24 17:04:15.628,0.79241,0.79257,1.50,1.13
2013.07.24 17:04:17.311,0.7924,0.79257,1.50,1.13
2013.07.24 17:04:17.868,0.7924,0.79257,2.25,1.32
2013.07.24 17:04:18.625,0.79241,0.79257,1.50,1.32
2013.07.24 17:04:19.128,0.7924,0.79255,1.50,1.13
2013.07.24 17:04:19.807,0.79238,0.79257,1.13,2.85
2013.07.24 17:04:24.587,0.79238,0.79254,1.13,2.10
2013.07.24 17:04:24.647,0.79237,0.79254,1.13,2.10
2013.07.24 17:04:24.887,0.79235,0.79251,2.25,1.35
2013.07.24 17:04:25.448,0.79236,0.79252,1.50,2.85
2013.07.24 17:04:26.876,0.79236,0.79252,1.50,2.85
2013.07.24 17:04:27.537,0.79236,0.79252,1.50,2.85
2013.07.24 17:04:27.717,0.79236,0.79252,1.50,2.85
2013.07.24 17:04:29.848,0.79235,0.79251,1.50,1.35
2013.07.24 17:04:30.557,0.79235,0.79251,2.25,1.35
2013.07.24 17:04:31.385,0.79235,0.79251,1.50,1.35
2013.07.24 17:04:32.107,0.79235,0.79251,1.50,1.38
2013.07.24 17:04:36.380,0.79234,0.79251,1.88,1.38
2013.07.24 17:04:36.811,0.79234,0.79251,1.88,1.38
2013.07.24 17:04:39.499,0.79234,0.79251,1.88,1.38
2013.07.24 17:04:40.069,0.79234,0.79251,1.13,1.38
2013.07.24 17:04:40.678,0.79233,0.79251,3.75,1.57
2013.07.24 17:04:41.547,0.79234,0.79251,1.88,1.57
2013.07.24 17:04:43.268,0.79234,0.79251,1.13,1.57
2013.07.24 17:04:44.387,0.79234,0.79246,1.13,2.10
2013.07.24 17:04:44.567,0.79233,0.79246,1.13,2.48
2013.07.24 17:04:44.807,0.79232,0.79248,1.13,1.50
2013.07.24 17:04:44.867,0.79232,0.79248,1.13,1.53
2013.07.24 17:04:45.408,0.79232,0.79249,1.13,3.22
2013.07.24 17:04:46.189,0.79233,0.7925,1.13,2.47
2013.07.24 17:04:51.012,0.79233,0.79247,1.13,1.23
2013.07.24 17:04:51.318,0.79232,0.79244,1.13,1.50
2013.07.24 17:04:52.888,0.79232,0.79245,1.13,2.36
2013.07.24 17:04:53.987,0.79232,0.79245,1.13,2.36
2013.07.24 17:04:54.507,0.79232,0.79245,1.13,2.36
2013.07.24 17:04:54.688,0.79224,0.79244,1.50,1.53
2013.07.24 17:04:54.816,0.79223,0.79242,2.25,1.91
2013.07.24 17:04:54.878,0.79223,0.7924,1.13,1.72
2013.07.24 17:05:00.646,0.79223,0.79237,1.13,2.28
2013.07.24 17:05:01.198,0.79222,0.79237,1.50,2.28
2013.07.24 17:05:05.687,0.79222,0.79237,1.50,2.25
2013.07.24 17:05:07.908,0.79222,0.79237,1.50,2.25
2013.07.24 17:05:08.551,0.79222,0.79237,1.50,1.53
2013.07.24 17:05:09.097,0.79222,0.79239,1.50,2.25
2013.07.24 17:05:10.177,0.79222,0.79239,1.50,2.25
2013.07.24 17:05:11.047,0.79222,0.79239,1.50,2.25
2013.07.24 17:05:13.392,0.79222,0.79239,1.50,1.53
2013.07.24 17:05:15.697,0.79221,0.79238,2.63,1.72
2013.07.24 17:05:15.757,0.79221,0.79238,2.63,1.72
2013.07.24 17:05:18.077,0.79221,0.79238,1.88,1.72
2013.07.24 17:05:20.119,0.79221,0.79238,1.13,2.47
2013.07.24 17:05:21.867,0.79221,0.79238,1.88,2.47
2013.07.24 17:05:22.589,0.79222,0.79238,1.50,2.47
2013.07.24 17:05:22.649,0.79222,0.79238,1.50,2.47
2013.07.24 17:05:29.587,0.79222,0.79238,1.50,1.53
2013.07.24 17:05:31.948,0.79222,0.79239,1.50,2.25
2013.07.24 17:05:32.347,0.79222,0.79239,1.50,2.28
2013.07.24 17:05:32.527,0.79222,0.79239,1.50,2.25
2013.07.24 17:05:36.488,0.79223,0.7924,1.50,2.48
2013.07.24 17:05:36.547,0.79223,0.79241,1.88,2.10
2013.07.24 17:05:37.828,0.79223,0.79241,1.88,1.35
2013.07.24 17:05:38.758,0.79225,0.79242,1.50,1.92
2013.07.24 17:05:39.477,0.79225,0.79242,1.50,2.51
2013.07.24 17:05:39.777,0.79225,0.79241,1.50,1.35
2013.07.24 17:05:39.837,0.79225,0.79241,1.50,1.38
2013.07.24 17:05:45.423,0.79223,0.79242,2.48,1.72
2013.07.24 17:05:45.869,0.79227,0.79246,1.50,1.69
2013.07.24 17:05:46.389,0.79227,0.79246,1.50,1.32
2013.07.24 17:05:47.047,0.79227,0.79246,1.50,1.32
2013.07.24 17:05:47.548,0.79228,0.79247,1.50,2.07
2013.07.24 17:05:48.660,0.79228,0.79247,1.50,2.07
2013.07.24 17:05:51.298,0.79228,0.79247,1.50,2.07
2013.07.24 17:05:51.838,0.79229,0.79247,1.50,1.32
2013.07.24 17:05:53.828,0.79234,0.79252,1.50,2.44
2013.07.24 17:05:54.608,0.79233,0.79253,2.25,1.32
2013.07.24 17:05:54.729,0.79236,0.79254,1.50,2.07
2013.07.24 17:05:56.368,0.79237,0.79254,1.50,1.32
2013.07.24 17:05:56.628,0.79238,0.79257,1.50,1.32
2013.07.24 17:06:00.078,0.79239,0.79257,1.50,2.07
2013.07.24 17:06:00.586,0.79242,0.79257,1.50,1.32
2013.07.24 17:06:01.007,0.79243,0.7926,1.50,1.13
2013.07.24 17:06:01.067,0.79243,0.7926,3.75,1.13
2013.07.24 17:06:01.128,0.79245,0.79262,1.50,3.75
2013.07.24 17:06:01.678,0.79244,0.79263,1.50,3.94
2013.07.24 17:06:02.888,0.79245,0.79263,2.25,3.03
2013.07.24 17:06:03.434,0.79243,0.79263,3.38,3.03
2013.07.24 17:06:04.507,0.79243,0.79262,2.63,1.53
2013.07.24 17:06:05.058,0.79243,0.79262,2.63,1.53
2013.07.24 17:06:05.968,0.79243,0.79262,2.63,1.53
2013.07.24 17:06:06.138,0.79243,0.79262,2.25,1.53
2013.07.24 17:06:06.258,0.79242,0.79259,1.50,1.16
2013.07.24 17:06:06.439,0.79239,0.79257,1.13,1.88
2013.07.24 17:06:06.617,0.79235,0.79255,1.50,1.88
2013.07.24 17:06:06.857,0.79232,0.79253,1.69,1.50
2013.07.24 17:06:08.457,0.79232,0.79253,1.50,1.50
2013.07.24 17:06:10.229,0.79232,0.79253,1.50,1.50
2013.07.24 17:06:12.247,0.79232,0.79253,1.50,1.72
2013.07.24 17:06:15.657,0.79232,0.79252,1.50,1.53
2013.07.24 17:06:15.717,0.79232,0.79252,1.50,2.47
2013.07.24 17:06:15.777,0.79232,0.7925,1.50,1.69
2013.07.24 17:06:15.838,0.79232,0.7925,1.50,2.07
2013.07.24 17:06:17.508,0.79229,0.79249,2.25,1.32
2013.07.24 17:06:17.567,0.79231,0.7925,1.13,2.82
2013.07.24 17:06:17.689,0.79233,0.79252,1.50,1.69
2013.07.24 17:06:17.810,0.79235,0.79255,1.50,2.07
2013.07.24 17:06:17.868,0.79236,0.79255,1.50,1.32
2013.07.24 17:06:18.981,0.79236,0.79255,1.50,1.32
2013.07.24 17:06:20.287,0.79236,0.79255,1.50,1.32
2013.07.24 17:06:22.508,0.79236,0.79255,1.50,1.32
2013.07.24 17:06:25.761,0.79235,0.79255,1.50,2.07
2013.07.24 17:06:25.818,0.79235,0.79255,1.50,2.10
2013.07.24 17:06:27.580,0.79232,0.79251,1.13,1.13
2013.07.24 17:06:27.708,0.79231,0.7925,1.13,1.88
2013.07.24 17:06:27.768,0.7923,0.7925,1.13,1.88
2013.07.24 17:06:28.008,0.7923,0.79248,1.13,2.25
2013.07.24 17:06:28.367,0.79226,0.79243,1.13,1.50
2013.07.24 17:06:31.119,0.79226,0.79243,1.13,1.50
2013.07.24 17:06:31.539,0.79225,0.7924,1.32,1.50
2013.07.24 17:06:31.899,0.79223,0.79237,1.13,2.25
2013.07.24 17:06:32.258,0.79221,0.79234,1.32,1.50
2013.07.24 17:06:32.770,0.79216,0.79233,1.88,1.50
2013.07.24 17:06:32.841,0.79215,0.79232,1.69,1.50
2013.07.24 17:06:33.324,0.7921,0.79229,1.13,1.50
2013.07.24 17:06:33.926,0.79213,0.7923,1.88,1.50
2013.07.24 17:06:35.348,0.79213,0.79229,1.88,1.50
2013.07.24 17:06:37.398,0.79215,0.79229,1.50,1.50
2013.07.24 17:06:38.148,0.79215,0.79231,1.50,2.25
2013.07.24 17:06:38.717,0.79215,0.7923,1.50,1.50
2013.07.24 17:06:39.288,0.79215,0.79231,1.50,2.25
2013.07.24 17:06:39.928,0.79215,0.79231,1.50,2.28
2013.07.24 17:06:40.228,0.79213,0.79229,1.88,2.25
2013.07.24 17:06:40.291,0.79213,0.79227,1.88,1.50
2013.07.24 17:06:40.418,0.79212,0.79227,1.13,1.50
2013.07.24 17:06:40.958,0.79211,0.79226,1.88,2.25
2013.07.24 17:06:41.528,0.79212,0.79226,1.50,2.25
2013.07.24 17:06:41.768,0.79208,0.79224,3.19,1.53
2013.07.24 17:06:41.949,0.79208,0.79221,1.13,1.13
2013.07.24 17:06:42.071,0.79203,0.79221,1.50,1.88
2013.07.24 17:06:42.378,0.79203,0.79222,1.50,2.63
2013.07.24 17:06:44.708,0.79203,0.79222,2.25,1.13
2013.07.24 17:06:46.533,0.79203,0.79221,2.25,1.13
2013.07.24 17:06:47.037,0.79203,0.79222,2.25,1.16
2013.07.24 17:06:47.098,0.79203,0.79222,2.25,1.16
2013.07.24 17:06:47.637,0.79203,0.79223,3.00,1.91
2013.07.24 17:06:51.408,0.79208,0.79223,1.50,1.53
2013.07.24 17:06:51.528,0.79209,0.79223,1.13,1.53
2013.07.24 17:06:51.929,0.79208,0.79224,1.13,2.47
2013.07.24 17:06:51.991,0.79206,0.79223,1.50,1.16
2013.07.24 17:06:52.847,0.79204,0.79223,1.13,1.13
2013.07.24 17:06:55.078,0.79206,0.79223,1.50,1.13
2013.07.24 17:06:55.439,0.7921,0.79227,2.25,2.10
2013.07.24 17:06:55.558,0.7921,0.79227,1.50,2.10
2013.07.24 17:06:55.918,0.79209,0.79224,1.13,1.50
2013.07.24 17:06:56.038,0.79209,0.79225,1.13,1.13
2013.07.24 17:06:56.578,0.79209,0.79226,1.13,1.88
2013.07.24 17:06:56.877,0.79209,0.79229,1.88,1.32
2013.07.24 17:06:57.380,0.79209,0.79229,1.88,1.32
2013.07.24 17:06:57.917,0.79209,0.79228,1.13,1.32
2013.07.24 17:06:59.030,0.79209,0.79229,1.88,1.32
2013.07.24 17:06:59.690,0.7921,0.79225,1.13,1.13
2013.07.24 17:06:59.750,0.79207,0.79225,1.69,1.13
2013.07.24 17:06:59.933,0.79207,0.79224,1.69,1.13
2013.07.24 17:07:00.888,0.79212,0.79227,1.13,1.13
2013.07.24 17:07:02.058,0.79209,0.79227,1.13,1.13
2013.07.24 17:07:03.567,0.79212,0.79231,1.50,2.10
2013.07.24 17:07:04.500,0.79214,0.79232,1.13,2.85
2013.07.24 17:07:05.917,0.79214,0.79232,1.13,1.35
2013.07.24 17:07:06.558,0.79214,0.79232,1.13,1.35
2013.07.24 17:07:06.679,0.79214,0.79232,1.13,1.35
2013.07.24 17:07:08.247,0.79213,0.79232,2.25,1.35
2013.07.24 17:07:08.780,0.79213,0.79232,3.00,1.35
2013.07.24 17:07:15.208,0.79214,0.79232,1.13,1.91
2013.07.24 17:07:17.970,0.79213,0.7923,1.50,1.53
2013.07.24 17:07:18.179,0.79214,0.7923,1.13,1.53
2013.07.24 17:07:18.419,0.79212,0.79228,2.44,1.58
2013.07.24 17:07:18.778,0.79211,0.79226,1.50,3.15
2013.07.24 17:07:20.698,0.79212,0.79226,1.50,3.18
2013.07.24 17:07:22.998,0.79213,0.79226,1.13,2.40
2013.07.24 17:07:24.197,0.7921,0.79226,1.50,1.50
2013.07.24 17:07:28.029,0.79208,0.79226,2.82,2.63
2013.07.24 17:07:28.522,0.79207,0.79219,1.50,2.48
2013.07.24 17:07:28.592,0.792,0.79217,2.25,1.13
2013.07.24 17:07:28.718,0.79198,0.79217,1.88,1.88
2013.07.24 17:07:29.259,0.79201,0.79218,1.88,1.88
2013.07.24 17:07:29.809,0.79201,0.79218,1.88,1.88
2013.07.24 17:07:32.109,0.79201,0.79218,2.63,1.88
2013.07.24 17:07:32.628,0.79203,0.79219,1.50,2.47
2013.07.24 17:07:33.169,0.79203,0.79218,1.50,1.88
2013.07.24 17:07:33.699,0.79203,0.7922,2.25,2.85
2013.07.24 17:07:34.931,0.79203,0.7922,1.50,1.91
2013.07.24 17:07:35.439,0.79203,0.79221,2.33,1.91
2013.07.24 17:07:36.377,0.79203,0.79221,1.50,2.66
2013.07.24 17:07:37.607,0.79203,0.79221,1.50,1.91
2013.07.24 17:07:38.468,0.79203,0.79221,1.50,1.16
2013.07.24 17:07:40.968,0.79203,0.79221,1.50,1.16
2013.07.24 17:07:41.577,0.79203,0.79221,1.50,1.16
2013.07.24 17:07:41.638,0.79203,0.79221,1.50,1.16
2013.07.24 17:07:43.688,0.79203,0.79221,1.50,1.91
2013.07.24 17:07:45.930,0.79203,0.79221,1.50,1.91
2013.07.24 17:07:46.050,0.79203,0.79221,1.50,1.13
2013.07.24 17:07:48.679,0.79203,0.79221,2.25,1.16
2013.07.24 17:07:50.488,0.79203,0.79221,2.25,1.16
2013.07.24 17:07:51.009,0.79203,0.79221,1.50,2.66
2013.07.24 17:07:53.408,0.79203,0.79221,1.50,2.66
2013.07.24 17:07:54.180,0.79203,0.79219,1.50,1.53
2013.07.24 17:07:54.300,0.79203,0.79219,1.50,1.53
2013.07.24 17:07:54.848,0.79202,0.79218,1.50,3.03
2013.07.24 17:07:57.149,0.79203,0.79216,1.50,1.50
2013.07.24 17:07:57.591,0.79202,0.79216,1.50,1.53
2013.07.24 17:07:57.808,0.79202,0.79216,2.25,1.53
2013.07.24 17:07:58.531,0.79203,0.79216,1.50,1.50
2013.07.24 17:07:59.049,0.79202,0.79216,2.25,1.53
2013.07.24 17:08:00.018,0.79203,0.79216,1.50,1.50
2013.07.24 17:08:04.107,0.79203,0.79219,1.50,3.78
2013.07.24 17:08:04.623,0.79203,0.79219,1.50,1.53
2013.07.24 17:08:05.448,0.79203,0.79217,1.50,2.28
2013.07.24 17:08:05.997,0.79203,0.79217,1.50,1.50
2013.07.24 17:08:07.517,0.79203,0.79218,2.25,2.25
2013.07.24 17:08:08.089,0.79203,0.79217,2.25,1.50
2013.07.24 17:08:08.268,0.79203,0.79218,2.25,1.50
2013.07.24 17:08:08.817,0.79203,0.79218,2.25,1.50
2013.07.24 17:08:09.347,0.79203,0.79218,2.25,1.50
2013.07.24 17:08:09.717,0.79203,0.79218,2.25,2.28
2013.07.24 17:08:09.780,0.79203,0.79218,2.25,2.25
2013.07.24 17:08:10.539,0.79203,0.79218,2.25,1.50
2013.07.24 17:08:11.105,0.79203,0.79218,1.50,2.25
2013.07.24 17:08:11.941,0.79203,0.79218,1.50,1.50
2013.07.24 17:08:12.751,0.79203,0.79218,1.50,2.25
2013.07.24 17:08:20.557,0.79203,0.79218,1.50,2.25
2013.07.24 17:08:20.738,0.79203,0.79218,1.50,1.50
2013.07.24 17:08:22.623,0.79203,0.79218,1.50,1.53
2013.07.24 17:08:24.858,0.79203,0.79218,1.50,1.50
2013.07.24 17:08:25.041,0.79203,0.7922,2.25,1.16
2013.07.24 17:08:25.588,0.79203,0.79222,3.38,1.53
2013.07.24 17:08:26.099,0.79205,0.79222,1.50,1.53
2013.07.24 17:08:27.135,0.79203,0.79222,1.88,3.78
2013.07.24 17:08:27.477,0.79203,0.79221,1.50,1.16
2013.07.24 17:08:28.289,0.79201,0.7922,2.63,1.91
2013.07.24 17:08:28.599,0.79201,0.79218,1.88,2.28
2013.07.24 17:08:31.358,0.79201,0.79218,1.13,3.03
2013.07.24 17:08:32.577,0.79201,0.79218,1.13,3.03
2013.07.24 17:08:39.224,0.79201,0.79218,1.13,2.25
2013.07.24 17:08:42.067,0.79203,0.79219,1.13,1.53
2013.07.24 17:08:42.247,0.79201,0.79219,1.13,1.53
2013.07.24 17:08:42.637,0.79201,0.79218,1.13,2.25
2013.07.24 17:08:44.697,0.79201,0.79218,1.88,2.25
2013.07.24 17:08:47.087,0.79203,0.7922,1.13,2.66
2013.07.24 17:08:48.887,0.79203,0.79219,1.88,1.53
2013.07.24 17:08:50.418,0.79203,0.79219,1.88,1.53
2013.07.24 17:08:56.988,0.79202,0.79218,1.50,2.25
2013.07.24 17:08:59.148,0.79202,0.79217,1.50,3.00
2013.07.24 17:08:59.687,0.79201,0.79216,1.13,2.25
2013.07.24 17:09:01.119,0.79202,0.79218,1.50,2.25
2013.07.24 17:09:01.708,0.79203,0.79218,1.50,2.25
2013.07.24 17:09:03.428,0.79206,0.7922,1.13,1.50
2013.07.24 17:09:03.549,0.79207,0.79221,1.13,1.13
2013.07.24 17:09:05.078,0.79208,0.79223,1.88,1.50
2013.07.24 17:09:07.059,0.79208,0.79223,1.88,1.53
2013.07.24 17:09:07.587,0.79208,0.79223,1.88,1.53
2013.07.24 17:09:09.710,0.79207,0.79222,1.50,2.28
2013.07.24 17:09:09.768,0.79206,0.79222,1.32,2.25
2013.07.24 17:09:09.889,0.79205,0.79219,1.88,2.25
2013.07.24 17:09:10.438,0.79204,0.79218,1.69,1.50
2013.07.24 17:09:11.568,0.79205,0.79218,1.50,1.50
2013.07.24 17:09:11.688,0.79206,0.7922,1.50,1.50
2013.07.24 17:09:11.748,0.79206,0.79223,1.50,1.50
2013.07.24 17:09:11.868,0.79207,0.79223,1.50,1.53
2013.07.24 17:09:12.169,0.79206,0.79219,1.50,1.50
2013.07.24 17:09:12.228,0.79205,0.7922,2.25,1.50
2013.07.24 17:09:12.288,0.79205,0.79223,2.25,1.50
2013.07.24 17:09:12.348,0.79207,0.79223,1.50,1.50
2013.07.24 17:09:12.649,0.79204,0.79218,1.50,1.50
2013.07.24 17:09:15.309,0.79205,0.79218,1.50,1.50
2013.07.24 17:09:15.369,0.79203,0.79209,2.44,3.00
2013.07.24 17:09:15.489,0.79201,0.79207,1.13,1.50
2013.07.24 17:09:15.608,0.79199,0.79208,1.50,2.85
2013.07.24 17:09:15.670,0.79201,0.79209,1.13,1.13
2013.07.24 17:09:15.728,0.792,0.79211,1.13,1.13
2013.07.24 17:09:15.789,0.792,0.79216,1.13,1.50
2013.07.24 17:09:15.849,0.79201,0.79216,1.13,1.50
2013.07.24 17:09:15.968,0.79203,0.79218,1.50,1.50
2013.07.24 17:09:16.029,0.79203,0.79221,1.50,1.13
2013.07.24 17:09:16.089,0.79204,0.79225,1.50,1.50
2013.07.24 17:09:16.827,0.79203,0.79224,3.00,1.50
2013.07.24 17:09:19.407,0.79203,0.79223,2.25,1.50
2013.07.24 17:09:21.013,0.79203,0.79223,2.44,1.50
2013.07.24 17:09:21.968,0.79204,0.79224,1.69,2.25
2013.07.24 17:09:33.241,0.79203,0.79224,2.44,2.28
2013.07.24 17:09:34.503,0.79204,0.79225,1.69,3.03
2013.07.24 17:09:34.688,0.79205,0.79225,1.69,2.28
2013.07.24 17:09:35.019,0.79209,0.79226,1.50,2.28
2013.07.24 17:09:37.360,0.79209,0.79227,1.50,3.03
2013.07.24 17:09:37.679,0.79209,0.79227,2.25,1.53
2013.07.24 17:09:37.863,0.79211,0.79227,2.25,1.50
2013.07.24 17:09:38.168,0.79213,0.79231,1.50,2.28
2013.07.24 17:09:38.742,0.79214,0.79232,1.50,2.85
2013.07.24 17:09:39.680,0.79214,0.7923,1.50,2.28
2013.07.24 17:09:39.798,0.79212,0.7923,1.50,2.28
2013.07.24 17:09:40.178,0.79212,0.7923,1.50,2.28
2013.07.24 17:09:40.560,0.7921,0.79225,1.50,1.16
2013.07.24 17:09:40.631,0.79206,0.79224,2.07,2.28
2013.07.24 17:09:41.191,0.79204,0.79224,2.44,2.28
2013.07.24 17:09:41.419,0.79204,0.79222,2.44,2.28
2013.07.24 17:09:42.328,0.79203,0.79222,1.69,2.28
2013.07.24 17:09:42.849,0.79204,0.79222,1.50,2.25
2013.07.24 17:09:43.850,0.79204,0.79222,1.50,2.25
2013.07.24 17:09:44.738,0.79204,0.79222,1.50,2.25
2013.07.24 17:09:45.931,0.79206,0.79223,1.50,3.00
2013.07.24 17:09:46.618,0.79206,0.79224,1.50,2.25
2013.07.24 17:09:51.009,0.79207,0.79225,1.50,1.16
2013.07.24 17:09:51.190,0.79207,0.79225,1.50,1.16
2013.07.24 17:09:51.739,0.79206,0.79224,2.25,1.50
2013.07.24 17:09:51.980,0.79206,0.79225,1.50,1.16
2013.07.24 17:09:54.262,0.79206,0.79225,2.25,1.16
2013.07.24 17:10:02.798,0.79208,0.79227,1.88,1.35
2013.07.24 17:10:03.040,0.79211,0.79229,1.13,1.13
2013.07.24 17:10:03.289,0.7921,0.79231,2.25,5.29
2013.07.24 17:10:03.468,0.79211,0.79231,1.13,2.82
2013.07.24 17:10:03.649,0.79211,0.79231,1.13,2.44
2013.07.24 17:10:03.982,0.79211,0.79231,1.88,1.72
2013.07.24 17:10:04.289,0.79208,0.79226,1.13,1.53
2013.07.24 17:10:05.098,0.79208,0.79226,1.13,2.25
2013.07.24 17:10:05.158,0.79208,0.79227,1.13,1.88
2013.07.24 17:10:05.760,0.79211,0.79229,1.13,3.41
2013.07.24 17:10:06.460,0.79211,0.79229,1.13,3.41
2013.07.24 17:10:07.128,0.79208,0.79229,1.32,3.41
2013.07.24 17:10:07.248,0.79207,0.79226,1.32,1.53
2013.07.24 17:10:07.822,0.79207,0.79224,1.32,1.53
2013.07.24 17:10:08.337,0.79207,0.79225,1.13,2.28
2013.07.24 17:10:08.919,0.79208,0.79225,1.13,2.28
2013.07.24 17:10:09.768,0.79208,0.79225,1.13,2.28
2013.07.24 17:10:10.978,0.79208,0.79226,1.13,2.28
2013.07.24 17:10:14.498,0.79208,0.79225,1.13,1.53
2013.07.24 17:10:15.038,0.79207,0.79225,1.13,3.03
2013.07.24 17:10:15.692,0.79207,0.79223,1.13,1.53
2013.07.24 17:10:16.808,0.79207,0.79222,1.13,1.50
2013.07.24 17:10:17.399,0.79207,0.79221,1.13,1.50
2013.07.24 17:10:17.699,0.79203,0.79217,1.88,2.25
2013.07.24 17:10:18.358,0.79202,0.79216,1.50,1.13
2013.07.24 17:10:18.788,0.79201,0.79216,1.13,1.16
2013.07.24 17:10:20.779,0.79201,0.79217,1.13,2.28
2013.07.24 17:10:21.797,0.79201,0.79217,1.13,2.28
2013.07.24 17:10:24.129,0.79201,0.79217,1.13,2.28
2013.07.24 17:10:25.488,0.79201,0.79218,1.13,2.28
2013.07.24 17:10:25.548,0.79201,0.79218,1.13,2.28
2013.07.24 17:10:26.097,0.79201,0.79219,1.13,1.16
2013.07.24 17:10:26.668,0.79201,0.79219,1.13,1.16
2013.07.24 17:10:29.107,0.79201,0.7922,1.13,3.03
2013.07.24 17:10:32.728,0.79201,0.7922,1.13,1.91
2013.07.24 17:10:34.548,0.79201,0.7922,1.88,1.91
2013.07.24 17:10:40.899,0.79203,0.79218,1.13,1.53
2013.07.24 17:10:46.928,0.79203,0.79217,1.13,1.53
2013.07.24 17:10:47.230,0.79199,0.7921,1.13,1.76
2013.07.24 17:10:47.300,0.79196,0.79209,1.50,1.53
2013.07.24 17:10:47.359,0.79193,0.7921,1.88,4.76
2013.07.24 17:10:50.598,0.79193,0.79209,1.88,2.85
2013.07.24 17:10:51.099,0.79193,0.79209,1.88,4.42
2013.07.24 17:10:51.520,0.79191,0.79203,1.88,1.53
2013.07.24 17:10:51.641,0.79188,0.79204,2.63,2.28
2013.07.24 17:10:51.829,0.79188,0.79202,1.13,1.53
2013.07.24 17:10:51.888,0.79187,0.79199,1.32,1.53
2013.07.24 17:10:51.948,0.79184,0.79194,1.13,1.50
2013.07.24 17:10:52.010,0.79182,0.79194,1.50,2.28
2013.07.24 17:10:52.068,0.79181,0.79194,1.88,2.28
2013.07.24 17:10:52.309,0.79177,0.79193,1.13,1.38
2013.07.24 17:10:52.431,0.79171,0.79191,1.50,1.50
2013.07.24 17:10:52.500,0.7917,0.79189,1.50,2.10
2013.07.24 17:10:52.679,0.79169,0.79189,1.69,1.35
2013.07.24 17:10:53.349,0.7917,0.79189,1.50,1.35
2013.07.24 17:10:53.531,0.79183,0.7919,1.13,1.32
2013.07.24 17:10:53.600,0.79183,0.79191,1.88,1.32
2013.07.24 17:10:53.670,0.79183,0.79196,1.88,1.13
2013.07.24 17:10:53.728,0.79186,0.79199,1.13,1.53
2013.07.24 17:10:53.850,0.79186,0.79202,1.13,2.28
2013.07.24 17:10:53.919,0.79186,0.79202,1.13,1.53
2013.07.24 17:10:56.769,0.79186,0.79203,1.13,1.53
2013.07.24 17:10:57.881,0.79189,0.79206,1.13,1.69
2013.07.24 17:10:58.432,0.79189,0.79205,1.13,1.50
2013.07.24 17:10:59.019,0.79189,0.79204,1.13,1.53
2013.07.24 17:11:00.069,0.79189,0.79203,1.13,1.53
2013.07.24 17:11:00.551,0.79186,0.79202,1.13,1.53
2013.07.24 17:11:02.621,0.79186,0.79203,1.13,2.28
2013.07.24 17:11:03.129,0.79186,0.79202,1.13,3.03
2013.07.24 17:11:03.788,0.79186,0.79202,1.13,2.28
2013.07.24 17:11:04.409,0.79186,0.79202,1.13,2.28
2013.07.24 17:11:05.871,0.79186,0.79201,1.13,1.53
2013.07.24 17:11:06.769,0.79186,0.792,1.13,1.53
2013.07.24 17:11:07.311,0.79186,0.792,1.13,2.28
2013.07.24 17:11:09.040,0.79186,0.792,1.13,1.53
2013.07.24 17:11:11.129,0.79186,0.792,1.88,1.53
2013.07.24 17:11:11.309,0.79191,0.79203,1.13,2.28
2013.07.24 17:11:13.580,0.79188,0.79202,1.88,2.28
2013.07.24 17:11:14.118,0.79188,0.79203,1.13,1.53
2013.07.24 17:11:15.910,0.79188,0.79203,1.13,1.53
2013.07.24 17:11:16.089,0.79191,0.79205,1.13,2.28
2013.07.24 17:11:16.649,0.79191,0.79205,1.13,1.53
2013.07.24 17:11:16.831,0.79191,0.79205,1.13,1.61
2013.07.24 17:11:17.890,0.79191,0.79204,1.13,2.28
2013.07.24 17:11:18.193,0.79186,0.79203,1.88,3.03
2013.07.24 17:11:18.381,0.79183,0.792,3.00,3.26
2013.07.24 17:11:18.510,0.79183,0.79199,1.88,1.38
2013.07.24 17:11:19.618,0.79183,0.79198,1.13,1.53
2013.07.24 17:11:21.408,0.79183,0.79198,1.13,1.53
2013.07.24 17:11:23.088,0.79183,0.79198,1.13,1.53
2013.07.24 17:11:23.748,0.79183,0.79198,1.13,1.53
2013.07.24 17:11:23.869,0.79183,0.79199,1.13,1.35
2013.07.24 17:11:23.928,0.79186,0.79201,1.13,2.66
2013.07.24 17:11:24.170,0.79186,0.79203,1.13,1.69
2013.07.24 17:11:25.780,0.79186,0.79204,1.13,2.32
2013.07.24 17:11:28.051,0.79186,0.79203,1.13,1.53
2013.07.24 17:11:32.588,0.79186,0.79202,1.13,4.01
2013.07.24 17:11:33.679,0.79186,0.792,1.13,1.53
2013.07.24 17:11:35.549,0.79186,0.79201,1.13,2.13
2013.07.24 17:11:37.141,0.79186,0.79201,1.13,2.13
2013.07.24 17:11:37.651,0.79186,0.79201,1.13,2.51
2013.07.24 17:11:40.442,0.79186,0.79201,1.13,2.13
2013.07.24 17:11:42.399,0.79186,0.79202,1.13,3.07
2013.07.24 17:11:47.679,0.79186,0.79201,1.13,1.38
2013.07.24 17:11:49.028,0.79186,0.79201,1.13,1.38
2013.07.24 17:11:50.606,0.79186,0.79202,1.13,2.88
2013.07.24 17:11:50.729,0.79191,0.79205,1.13,2.28
2013.07.24 17:11:50.851,0.79191,0.79206,1.13,2.28
2013.07.24 17:11:50.979,0.79191,0.79206,1.13,2.28
2013.07.24 17:11:53.380,0.79189,0.79205,1.13,1.53
2013.07.24 17:11:53.503,0.79186,0.79205,4.63,2.51
2013.07.24 17:11:53.631,0.79186,0.79205,1.13,4.38
2013.07.24 17:11:54.159,0.79186,0.79203,1.13,1.53
2013.07.24 17:11:57.669,0.79186,0.79203,1.13,1.53
2013.07.24 17:11:58.228,0.79186,0.79203,1.13,1.53
2013.07.24 17:11:58.771,0.79186,0.79204,1.13,1.53
2013.07.24 17:12:00.049,0.79186,0.79205,1.88,1.95
2013.07.24 17:12:00.588,0.79186,0.79205,1.13,2.70
2013.07.24 17:12:12.109,0.79186,0.79203,1.13,1.53
2013.07.24 17:12:17.620,0.79186,0.79203,1.88,1.53
2013.07.24 17:12:20.849,0.79186,0.79202,1.13,1.76
2013.07.24 17:12:21.389,0.79186,0.79202,1.88,1.76
2013.07.24 17:12:21.939,0.79186,0.79201,1.13,2.13
2013.07.24 17:12:24.079,0.79186,0.79202,1.13,2.13
2013.07.24 17:12:27.983,0.79183,0.792,2.63,2.13
2013.07.24 17:12:28.590,0.79183,0.792,1.88,2.88
2013.07.24 17:12:30.939,0.79181,0.79198,1.88,1.38
2013.07.24 17:12:32.278,0.79181,0.79199,2.63,1.38
2013.07.24 17:12:34.828,0.79183,0.79201,1.88,2.85
2013.07.24 17:12:34.948,0.79183,0.792,1.88,2.13
2013.07.24 17:12:35.551,0.79183,0.792,1.88,2.13
2013.07.24 17:12:37.269,0.79183,0.792,2.63,2.88
2013.07.24 17:12:46.887,0.79183,0.792,1.88,2.88
2013.07.24 17:12:59.650,0.79183,0.79201,2.63,1.76
2013.07.24 17:13:07.939,0.79181,0.79197,1.13,1.53
2013.07.24 17:13:09.458,0.79181,0.79197,1.88,1.53
2013.07.24 17:13:10.000,0.79181,0.79197,1.13,1.53
2013.07.24 17:13:10.529,0.79181,0.79198,1.88,2.88
2013.07.24 17:13:23.532,0.79183,0.79198,1.88,1.38
2013.07.24 17:13:24.530,0.79183,0.79198,2.63,1.38
2013.07.24 17:13:34.428,0.79183,0.79199,3.57,2.10
2013.07.24 17:13:47.702,0.79186,0.79201,1.13,1.53
2013.07.24 17:13:50.869,0.79186,0.79202,1.13,2.28
2013.07.24 17:13:59.328,0.79186,0.79202,1.13,1.53
2013.07.24 17:14:11.709,0.79186,0.79202,1.13,1.50
2013.07.24 17:14:12.260,0.79186,0.79203,1.13,1.53
2013.07.24 17:14:12.854,0.79186,0.79202,1.13,2.25
2013.07.24 17:14:14.800,0.79186,0.79202,1.88,2.28
2013.07.24 17:14:15.759,0.79186,0.79202,1.88,1.53
2013.07.24 17:14:16.318,0.79186,0.79202,1.88,2.28
2013.07.24 17:14:20.079,0.79186,0.79202,1.13,2.28
2013.07.24 17:14:20.688,0.79186,0.79201,1.13,1.50
2013.07.24 17:14:21.798,0.79186,0.792,1.13,2.25
2013.07.24 17:14:22.530,0.79183,0.79199,1.88,1.50
2013.07.24 17:14:22.710,0.79183,0.79198,1.13,2.25
2013.07.24 17:14:23.248,0.79181,0.79198,2.07,1.50
2013.07.24 17:14:23.551,0.79181,0.7919,1.13,2.25
2013.07.24 17:14:23.611,0.7918,0.79187,1.13,1.50
2013.07.24 17:14:23.740,0.7918,0.7919,1.13,1.53
2013.07.24 17:14:24.416,0.79178,0.79191,1.50,1.53
2013.07.24 17:14:24.949,0.79178,0.79192,1.13,2.28
2013.07.24 17:14:26.979,0.79178,0.79193,1.13,2.28
2013.07.24 17:14:29.154,0.79178,0.79192,1.13,1.53
2013.07.24 17:14:30.268,0.79178,0.79192,1.13,1.53
2013.07.24 17:14:30.588,0.79178,0.79193,1.13,2.28
2013.07.24 17:14:32.468,0.79178,0.79192,1.13,1.53
2013.07.24 17:14:32.978,0.79178,0.79192,1.13,3.03
2013.07.24 17:14:33.788,0.79178,0.79192,1.13,1.53
2013.07.24 17:14:35.118,0.79177,0.79192,1.13,2.28
2013.07.24 17:14:35.239,0.79181,0.79193,1.13,2.28
2013.07.24 17:14:35.698,0.79181,0.79196,1.13,2.28
2013.07.24 17:14:36.239,0.79181,0.79195,1.13,1.50
2013.07.24 17:14:37.019,0.79181,0.79196,1.13,2.28
2013.07.24 17:14:39.241,0.79181,0.79195,1.13,1.53
2013.07.24 17:14:40.400,0.79181,0.79195,1.13,1.53
2013.07.24 17:14:41.269,0.79181,0.79196,1.13,1.53
2013.07.24 17:14:45.109,0.79181,0.79195,1.13,1.53
2013.07.24 17:14:46.968,0.79181,0.79196,1.13,2.28
2013.07.24 17:14:47.310,0.79183,0.79196,1.13,1.53
2013.07.24 17:14:47.431,0.79183,0.79198,1.13,1.38
2013.07.24 17:14:47.499,0.79186,0.792,1.13,1.72
2013.07.24 17:14:49.482,0.79186,0.79201,1.13,2.28
2013.07.24 17:14:50.199,0.79186,0.79201,1.13,2.28
2013.07.24 17:14:50.420,0.79183,0.79201,1.88,2.28
2013.07.24 17:14:51.000,0.79183,0.79199,1.13,2.88
2013.07.24 17:14:51.289,0.79183,0.79199,1.13,2.88
2013.07.24 17:14:55.291,0.79181,0.79197,1.13,2.28
2013.07.24 17:14:55.599,0.79181,0.79193,1.13,1.53
2013.07.24 17:14:56.549,0.79181,0.79194,1.13,1.53
2013.07.24 17:14:58.069,0.79181,0.79193,1.13,1.53
2013.07.24 17:14:59.171,0.79181,0.7919,1.13,1.53
2013.07.24 17:14:59.818,0.79181,0.7919,1.13,1.50
2013.07.24 17:15:00.410,0.79181,0.79191,1.13,2.25
2013.07.24 17:15:00.768,0.79178,0.7919,1.13,7.16
2013.07.24 17:15:00.950,0.79177,0.7919,1.32,1.16
2013.07.24 17:15:01.698,0.79175,0.79188,2.07,2.10
2013.07.24 17:15:01.818,0.79173,0.79188,1.13,2.51
2013.07.24 17:15:01.878,0.79173,0.79187,1.13,1.73
2013.07.24 17:15:01.939,0.79169,0.79187,2.63,2.10
2013.07.24 17:15:02.241,0.79169,0.79183,1.13,2.25
2013.07.24 17:15:02.599,0.79165,0.79181,1.32,3.41
2013.07.24 17:15:02.720,0.7916,0.79181,1.13,3.41
2013.07.24 17:15:02.899,0.7916,0.79178,1.69,1.50
2013.07.24 17:15:02.959,0.7916,0.79177,1.69,1.13
2013.07.24 17:15:04.903,0.79158,0.79177,1.20,1.91
2013.07.24 17:15:05.448,0.79157,0.79175,1.13,2.28
2013.07.24 17:15:05.573,0.79154,0.79171,1.32,1.16
2013.07.24 17:15:05.829,0.79154,0.79172,1.32,1.16
2013.07.24 17:15:06.249,0.79153,0.79172,1.50,2.10
2013.07.24 17:15:06.310,0.79153,0.79171,1.50,1.16
2013.07.24 17:15:08.549,0.79151,0.79169,1.69,1.16
2013.07.24 17:15:08.852,0.7915,0.79167,2.44,1.01
2013.07.24 17:15:09.279,0.79149,0.79164,1.50,1.91
2013.07.24 17:15:09.580,0.79147,0.79163,1.50,1.13
2013.07.24 17:15:09.644,0.79146,0.79163,2.07,1.53
2013.07.24 17:15:09.711,0.79146,0.79161,1.32,1.01
2013.07.24 17:15:09.769,0.79144,0.7916,1.50,1.01
2013.07.24 17:15:09.829,0.79144,0.79162,1.50,3.07
2013.07.24 17:15:09.890,0.79141,0.79159,1.13,1.13
2013.07.24 17:15:10.129,0.79138,0.79158,1.50,1.13
2013.07.24 17:15:10.372,0.79137,0.79158,1.50,1.50
2013.07.24 17:15:10.498,0.79139,0.7916,1.50,1.73
2013.07.24 17:15:10.799,0.79139,0.7916,1.50,4.54
2013.07.24 17:15:10.859,0.79136,0.79157,1.88,1.50
2013.07.24 17:15:10.919,0.79138,0.7916,1.50,5.29
2013.07.24 17:15:11.279,0.79135,0.79155,1.32,1.13
2013.07.24 17:15:11.638,0.79132,0.79149,1.58,1.73
2013.07.24 17:15:11.758,0.79132,0.7915,1.58,1.13
2013.07.24 17:15:11.823,0.79132,0.7915,1.58,1.13
2013.07.24 17:15:12.900,0.79132,0.79137,1.50,1.13
2013.07.24 17:15:13.079,0.79129,0.79137,1.50,2.07
2013.07.24 17:15:13.198,0.79124,0.79138,1.50,1.69
2013.07.24 17:15:13.452,0.79125,0.79142,1.13,1.50
2013.07.24 17:15:13.644,0.79126,0.79147,1.88,2.44
2013.07.24 17:15:14.179,0.79128,0.79147,1.13,1.69
2013.07.24 17:15:14.811,0.79127,0.79147,1.13,2.44
2013.07.24 17:15:15.181,0.79126,0.79144,1.17,1.50
2013.07.24 17:15:15.792,0.79126,0.79145,1.17,1.88
2013.07.24 17:15:16.353,0.79126,0.79146,2.67,1.13
2013.07.24 17:15:17.411,0.79131,0.79146,1.13,1.53
2013.07.24 17:15:17.791,0.79133,0.79151,1.13,2.47
2013.07.24 17:15:17.860,0.79133,0.79151,1.13,1.72
2013.07.24 17:15:18.162,0.79133,0.79146,1.13,1.53
2013.07.24 17:15:18.470,0.79133,0.79149,1.50,1.53
2013.07.24 17:15:20.321,0.79133,0.79147,2.10,1.61
2013.07.24 17:15:20.571,0.79131,0.79142,1.13,1.50
2013.07.24 17:15:20.750,0.79126,0.7914,1.69,1.50
2013.07.24 17:15:20.870,0.79124,0.79139,1.13,1.50
2013.07.24 17:15:21.171,0.79123,0.79138,2.63,1.50
2013.07.24 17:15:21.230,0.79123,0.79136,1.13,1.50
2013.07.24 17:15:21.290,0.79122,0.79134,1.13,1.50
2013.07.24 17:15:22.269,0.79122,0.79133,1.13,1.50
2013.07.24 17:15:22.772,0.79121,0.79133,1.13,1.50
2013.07.24 17:15:23.080,0.79121,0.7913,1.13,1.50
2013.07.24 17:15:23.200,0.7912,0.7913,1.13,1.50
2013.07.24 17:15:23.380,0.79117,0.7913,1.50,1.50
2013.07.24 17:15:23.562,0.79113,0.79129,1.88,1.50
2013.07.24 17:15:23.750,0.79118,0.7913,1.13,1.50
2013.07.24 17:15:23.809,0.79118,0.79133,1.13,1.69
2013.07.24 17:15:23.868,0.79118,0.79134,1.13,3.19
2013.07.24 17:15:24.169,0.79115,0.79134,1.50,1.69
2013.07.24 17:15:24.500,0.79117,0.79133,1.50,1.69
2013.07.24 17:15:24.973,0.79117,0.79135,1.88,1.91
2013.07.24 17:15:25.660,0.79117,0.79134,2.25,1.50
2013.07.24 17:15:26.198,0.79116,0.79133,1.88,1.50
2013.07.24 17:15:26.773,0.79116,0.79133,1.13,1.50
2013.07.24 17:15:28.049,0.79116,0.79133,1.13,3.03
2013.07.24 17:15:28.679,0.79116,0.79132,1.13,1.53
2013.07.24 17:15:29.189,0.79116,0.7913,1.13,1.50
2013.07.24 17:15:29.503,0.79116,0.7913,1.13,1.50
2013.07.24 17:15:30.022,0.79116,0.79129,1.13,5.25
2013.07.24 17:15:30.550,0.79116,0.79129,1.13,5.25
2013.07.24 17:15:30.931,0.79116,0.79129,1.88,5.25
2013.07.24 17:15:31.482,0.79118,0.79129,1.13,5.25
2013.07.24 17:15:31.801,0.79126,0.79134,1.13,1.69
2013.07.24 17:15:31.861,0.79126,0.79136,1.13,1.13
2013.07.24 17:15:32.050,0.79122,0.79135,1.50,1.16
2013.07.24 17:15:32.109,0.7912,0.79134,2.25,2.28
2013.07.24 17:15:33.033,0.79118,0.79134,1.13,1.53
2013.07.24 17:15:33.222,0.79118,0.7913,1.13,1.88
2013.07.24 17:15:33.651,0.79117,0.7913,1.13,4.13
2013.07.24 17:15:33.889,0.79116,0.7913,1.13,4.13
2013.07.24 17:15:34.231,0.79116,0.7913,1.13,4.13
2013.07.24 17:15:34.673,0.79111,0.79124,3.00,2.25
2013.07.24 17:15:35.220,0.79113,0.79125,1.13,1.50
2013.07.24 17:15:35.519,0.79111,0.79125,2.63,6.38
2013.07.24 17:15:35.640,0.79111,0.79125,2.63,6.38
2013.07.24 17:15:36.059,0.79112,0.79126,1.88,1.50
2013.07.24 17:15:36.119,0.79112,0.79126,2.63,1.13
2013.07.24 17:15:36.179,0.79111,0.79126,3.00,2.48
2013.07.24 17:15:36.360,0.79107,0.79124,1.13,2.26
2013.07.24 17:15:36.718,0.79104,0.79122,1.80,2.26
2013.07.24 17:15:36.839,0.79103,0.79121,1.13,3.26
2013.07.24 17:15:37.140,0.79099,0.79118,1.13,4.72
2013.07.24 17:15:37.199,0.79099,0.79118,1.13,3.60
2013.07.24 17:15:37.909,0.79097,0.79117,1.50,4.35
2013.07.24 17:15:38.301,0.79098,0.79118,1.50,2.82
2013.07.24 17:15:38.620,0.79098,0.79118,1.50,2.82
2013.07.24 17:15:39.171,0.79102,0.79118,1.88,1.50
2013.07.24 17:15:39.480,0.79102,0.7912,1.13,1.53
2013.07.24 17:15:39.603,0.79102,0.79118,1.13,1.50
2013.07.24 17:15:40.190,0.79102,0.79119,1.13,1.53
2013.07.24 17:15:40.710,0.79102,0.7912,1.13,1.53
2013.07.24 17:15:41.369,0.79102,0.7912,1.13,2.28
2013.07.24 17:15:41.671,0.79102,0.79119,1.13,4.53
2013.07.24 17:15:42.219,0.79102,0.79119,1.13,1.50
2013.07.24 17:15:43.476,0.79103,0.79122,1.28,1.53
2013.07.24 17:15:43.611,0.79107,0.79125,1.13,1.50
2013.07.24 17:15:43.740,0.79107,0.79126,1.13,1.69
2013.07.24 17:15:44.278,0.79106,0.79127,1.13,2.28
2013.07.24 17:15:44.586,0.79105,0.79127,1.88,3.41
2013.07.24 17:15:45.128,0.79105,0.79125,2.63,1.50
2013.07.24 17:15:45.641,0.79105,0.79125,1.88,1.50
2013.07.24 17:15:46.032,0.79106,0.79125,2.07,1.53
2013.07.24 17:15:46.340,0.79104,0.79122,2.25,4.38
2013.07.24 17:15:46.459,0.79103,0.79118,1.50,3.76
2013.07.24 17:15:46.579,0.79101,0.79117,1.32,3.38
2013.07.24 17:15:46.639,0.79099,0.79116,1.13,3.76
2013.07.24 17:15:46.699,0.79098,0.79116,1.13,2.63
2013.07.24 17:15:46.952,0.79095,0.79114,1.13,1.13
2013.07.24 17:15:47.140,0.79095,0.79111,1.13,3.75
2013.07.24 17:15:47.320,0.79092,0.79111,1.69,3.75
2013.07.24 17:15:47.500,0.79092,0.79111,2.07,4.13
2013.07.24 17:15:47.809,0.79093,0.79111,1.32,1.50
2013.07.24 17:15:47.930,0.79093,0.79111,1.32,2.25
2013.07.24 17:15:47.990,0.79093,0.7911,1.32,3.75
2013.07.24 17:15:48.361,0.79093,0.79108,1.32,3.00
2013.07.24 17:15:48.481,0.79093,0.79108,1.32,1.50
2013.07.24 17:15:48.670,0.79093,0.79109,1.32,1.50
2013.07.24 17:15:48.791,0.79093,0.79107,1.32,2.25
2013.07.24 17:15:49.041,0.79089,0.79105,3.38,1.50
2013.07.24 17:15:49.163,0.79087,0.79103,2.07,3.00
2013.07.24 17:15:49.710,0.79087,0.79102,1.32,1.50
2013.07.24 17:15:51.171,0.79086,0.79103,3.19,1.50
2013.07.24 17:15:52.419,0.79086,0.79103,3.19,1.50
2013.07.24 17:15:52.760,0.79092,0.79104,1.13,1.50
2013.07.24 17:15:52.939,0.79092,0.79106,1.13,1.53
2013.07.24 17:15:53.299,0.79092,0.79108,1.13,1.50
2013.07.24 17:15:53.419,0.79092,0.79108,1.13,1.53
2013.07.24 17:15:53.660,0.79093,0.79109,1.13,1.53
2013.07.24 17:15:53.899,0.7909,0.79107,1.13,3.78
2013.07.24 17:15:53.960,0.7909,0.79107,1.13,3.78
2013.07.24 17:15:54.260,0.79092,0.79107,1.13,3.74
2013.07.24 17:15:54.799,0.79092,0.79106,1.13,3.78
2013.07.24 17:15:55.289,0.79092,0.79108,1.13,2.25
2013.07.24 17:15:55.923,0.79092,0.79107,1.13,1.53
2013.07.24 17:15:56.889,0.79092,0.79108,1.13,1.50
2013.07.24 17:15:57.440,0.79092,0.79108,1.13,1.50
2013.07.24 17:15:58.500,0.79092,0.79108,1.13,1.53
2013.07.24 17:15:59.210,0.79092,0.79108,1.13,1.53
2013.07.24 17:16:02.591,0.79092,0.79104,1.13,1.50
2013.07.24 17:16:03.099,0.79092,0.79105,1.13,1.50
2013.07.24 17:16:04.664,0.79092,0.79105,1.13,1.53
2013.07.24 17:16:04.789,0.79098,0.79109,1.13,1.53
2013.07.24 17:16:04.909,0.79098,0.79111,1.13,1.53
2013.07.24 17:16:05.489,0.79097,0.79111,1.50,1.53
2013.07.24 17:16:06.410,0.79097,0.7911,1.50,1.53
2013.07.24 17:16:06.960,0.79097,0.79111,1.50,1.50
2013.07.24 17:16:07.441,0.79095,0.7911,1.13,2.13
2013.07.24 17:16:07.560,0.79093,0.79107,2.25,1.91
2013.07.24 17:16:07.621,0.79093,0.79107,1.50,3.41
2013.07.24 17:16:08.171,0.79093,0.79107,1.88,1.50
2013.07.24 17:16:08.289,0.79092,0.79107,1.13,1.53
2013.07.24 17:16:08.803,0.79092,0.79107,1.13,3.03
2013.07.24 17:16:09.304,0.79092,0.79107,1.13,1.53
2013.07.24 17:16:11.032,0.79092,0.79107,1.13,3.78
2013.07.24 17:16:12.120,0.79092,0.79106,1.13,1.50
2013.07.24 17:16:13.449,0.79092,0.79105,1.13,1.50
2013.07.24 17:16:14.153,0.79092,0.79106,1.13,1.50
2013.07.24 17:16:14.232,0.79097,0.79106,1.50,1.50
2013.07.24 17:16:14.301,0.79097,0.7911,1.88,1.50
2013.07.24 17:16:14.550,0.79097,0.79113,2.63,1.50
2013.07.24 17:16:15.091,0.79097,0.79113,2.63,1.50
2013.07.24 17:16:15.639,0.79097,0.79113,2.63,1.50
2013.07.24 17:16:16.058,0.79097,0.79115,2.63,1.88
2013.07.24 17:16:16.602,0.79098,0.79115,1.13,1.88
2013.07.24 17:16:16.849,0.79098,0.79115,1.13,1.91
2013.07.24 17:16:17.331,0.79093,0.79112,2.44,3.63
2013.07.24 17:16:17.401,0.79093,0.79111,1.69,1.16
2013.07.24 17:16:17.461,0.79092,0.79111,1.32,1.16
2013.07.24 17:16:17.709,0.79093,0.79111,1.50,1.91
2013.07.24 17:16:17.950,0.79093,0.79111,2.25,1.91
2013.07.24 17:16:18.962,0.79094,0.7911,1.13,1.53
2013.07.24 17:16:19.209,0.79099,0.79115,1.13,1.69
2013.07.24 17:16:19.449,0.79099,0.79118,2.25,1.73
2013.07.24 17:16:19.509,0.79099,0.7912,2.25,2.44
2013.07.24 17:16:19.569,0.79099,0.7912,3.75,1.69
2013.07.24 17:16:19.750,0.79105,0.79123,1.88,2.25
2013.07.24 17:16:20.170,0.79105,0.79123,1.88,2.25
2013.07.24 17:16:20.349,0.79105,0.79124,1.88,1.50
2013.07.24 17:16:20.410,0.79105,0.79124,1.88,1.50
2013.07.24 17:16:20.470,0.79105,0.79123,2.07,3.00
2013.07.24 17:16:20.771,0.79102,0.79115,1.69,3.26
2013.07.24 17:16:20.900,0.79094,0.7911,1.50,2.26
2013.07.24 17:16:21.140,0.79089,0.79108,1.32,4.13
2013.07.24 17:16:21.320,0.79089,0.79108,1.32,1.13
2013.07.24 17:16:21.979,0.79089,0.79109,1.50,1.13
2013.07.24 17:16:23.059,0.79089,0.7911,1.50,2.85
2013.07.24 17:16:23.766,0.79088,0.79109,1.50,1.16
2013.07.24 17:16:25.491,0.79088,0.79109,1.50,1.16
2013.07.24 17:16:26.050,0.79088,0.79109,1.50,1.16
2013.07.24 17:16:26.819,0.79088,0.79109,1.50,1.16
2013.07.24 17:16:27.496,0.79088,0.79109,1.50,1.16
2013.07.24 17:16:28.931,0.79088,0.79108,1.50,1.13
2013.07.24 17:16:28.991,0.79094,0.79108,1.50,1.13
2013.07.24 17:16:29.229,0.79094,0.79112,2.63,1.50
2013.07.24 17:16:29.469,0.79096,0.79116,1.88,2.44
2013.07.24 17:16:29.649,0.79097,0.79117,1.50,2.07
2013.07.24 17:16:29.769,0.79098,0.79118,1.50,2.07
2013.07.24 17:16:30.491,0.79101,0.79118,1.13,2.07
2013.07.24 17:16:30.789,0.79116,0.79128,1.13,1.50
2013.07.24 17:16:30.912,0.79116,0.79131,1.13,1.73
2013.07.24 17:16:31.460,0.79116,0.79135,3.75,1.13
2013.07.24 17:16:32.891,0.79116,0.79136,3.38,1.69
2013.07.24 17:16:35.608,0.79117,0.79137,1.50,1.50
2013.07.24 17:16:36.220,0.7912,0.79138,1.13,1.69
2013.07.24 17:16:37.269,0.7912,0.79138,1.13,1.69
2013.07.24 17:16:38.190,0.7912,0.79139,1.13,2.70
2013.07.24 17:16:38.729,0.7912,0.79138,1.13,2.44
2013.07.24 17:16:40.149,0.7912,0.79138,1.13,2.47
2013.07.24 17:16:40.738,0.79119,0.79138,1.13,2.47
2013.07.24 17:16:40.980,0.79114,0.79133,5.07,1.16
2013.07.24 17:16:41.099,0.79114,0.79131,1.32,1.53
2013.07.24 17:16:41.610,0.79112,0.79132,1.65,1.16
2013.07.24 17:16:43.611,0.79112,0.79132,2.03,1.16
2013.07.24 17:16:44.119,0.7911,0.7913,1.84,1.91
2013.07.24 17:16:44.359,0.79109,0.79127,1.84,2.28
2013.07.24 17:16:44.540,0.79106,0.79123,1.13,1.50
2013.07.24 17:16:44.839,0.79106,0.79123,1.13,3.00
2013.07.24 17:16:44.900,0.79101,0.79123,2.07,3.00
2013.07.24 17:16:45.738,0.79099,0.7912,1.69,3.41
2013.07.24 17:16:45.860,0.79096,0.79119,1.69,4.53
2013.07.24 17:16:46.809,0.79093,0.79117,1.69,4.50
2013.07.24 17:16:47.110,0.79091,0.79112,2.07,3.75
2013.07.24 17:16:47.871,0.79091,0.79112,1.32,1.50
2013.07.24 17:16:47.945,0.79092,0.79113,1.69,1.50
2013.07.24 17:16:48.483,0.79091,0.79113,2.07,2.25
2013.07.24 17:16:48.989,0.79092,0.79113,1.69,1.50
2013.07.24 17:16:49.609,0.79091,0.79113,2.07,1.50
2013.07.24 17:16:50.177,0.79091,0.79113,2.07,1.50
2013.07.24 17:16:51.693,0.79092,0.79113,1.69,1.50
2013.07.24 17:16:51.820,0.79097,0.79118,1.50,1.69
2013.07.24 17:16:52.015,0.791,0.79121,1.50,2.47
2013.07.24 17:16:52.535,0.79101,0.79122,1.50,2.29
2013.07.24 17:16:52.602,0.79099,0.7912,1.50,1.50
2013.07.24 17:16:52.922,0.79102,0.79122,1.50,2.29
2013.07.24 17:16:53.714,0.79102,0.79122,1.50,1.54
2013.07.24 17:16:53.903,0.79102,0.79122,1.50,2.67
2013.07.24 17:16:54.422,0.79102,0.79122,1.50,1.69
2013.07.24 17:16:55.681,0.79102,0.79122,1.50,1.72
2013.07.24 17:16:57.419,0.79102,0.79123,1.50,2.47
2013.07.24 17:16:58.919,0.79102,0.79123,1.50,2.47
2013.07.24 17:16:59.719,0.79102,0.79123,1.50,2.44
2013.07.24 17:17:00.790,0.79105,0.79125,1.50,3.57
2013.07.24 17:17:00.909,0.79109,0.79125,1.50,2.07
2013.07.24 17:17:00.972,0.79109,0.79126,1.50,2.29
2013.07.24 17:17:01.222,0.79114,0.79132,1.50,3.19
2013.07.24 17:17:01.649,0.79113,0.79132,1.50,1.69
2013.07.24 17:17:01.829,0.79113,0.79134,1.50,1.50
2013.07.24 17:17:02.069,0.79114,0.79136,3.75,1.54
2013.07.24 17:17:02.250,0.79117,0.79138,1.50,1.54
2013.07.24 17:17:02.598,0.79115,0.79138,1.50,1.35
2013.07.24 17:17:03.109,0.79116,0.79138,1.50,1.35
2013.07.24 17:17:03.859,0.79115,0.79138,1.50,1.35
2013.07.24 17:17:04.506,0.79116,0.79137,1.50,1.35
2013.07.24 17:17:06.122,0.79116,0.7913,1.50,2.10
2013.07.24 17:17:06.251,0.79113,0.79129,1.50,2.67
2013.07.24 17:17:06.372,0.79111,0.79129,1.13,2.67
2013.07.24 17:17:06.439,0.7911,0.79128,1.50,2.10
2013.07.24 17:17:08.080,0.79107,0.79127,1.50,1.13
2013.07.24 17:17:09.289,0.79107,0.79127,1.50,1.32
2013.07.24 17:17:09.351,0.79108,0.79127,1.50,1.32
2013.07.24 17:17:09.789,0.79109,0.79128,1.50,3.83
2013.07.24 17:17:11.720,0.7911,0.79128,1.50,3.86
2013.07.24 17:17:12.302,0.79109,0.79126,1.50,1.13
2013.07.24 17:17:12.611,0.79107,0.79127,1.50,1.32
2013.07.24 17:17:15.031,0.79112,0.79128,1.50,3.08
2013.07.24 17:17:15.149,0.79112,0.79128,1.50,2.48
2013.07.24 17:17:15.471,0.79109,0.79128,1.50,1.32
2013.07.24 17:17:16.219,0.79111,0.7913,1.50,1.35
2013.07.24 17:17:16.768,0.79114,0.79134,1.50,3.97
2013.07.24 17:17:17.311,0.79115,0.79135,1.50,2.85
2013.07.24 17:17:17.730,0.79117,0.79136,1.50,2.07
2013.07.24 17:17:17.850,0.79117,0.79138,1.50,1.50
2013.07.24 17:17:18.091,0.79119,0.7914,2.25,1.32
2013.07.24 17:17:18.450,0.79116,0.79136,1.13,1.50
2013.07.24 17:17:19.719,0.79119,0.7914,2.25,1.32
2013.07.24 17:17:20.449,0.7912,0.7914,1.50,1.32
2013.07.24 17:17:20.980,0.79122,0.79142,1.50,1.32
2013.07.24 17:17:21.100,0.79123,0.79143,1.50,1.32
2013.07.24 17:17:23.837,0.79124,0.79143,1.50,1.32
2013.07.24 17:17:25.019,0.79123,0.79143,1.50,1.16
2013.07.24 17:17:25.490,0.79123,0.79143,1.50,1.13
2013.07.24 17:17:25.731,0.79125,0.79145,1.50,1.35
2013.07.24 17:17:26.581,0.79124,0.79144,1.50,1.16
2013.07.24 17:17:26.651,0.79124,0.79144,1.50,1.16
2013.07.24 17:17:27.301,0.79124,0.79144,1.50,1.16
2013.07.24 17:17:29.692,0.79124,0.79144,1.50,1.13
2013.07.24 17:17:30.003,0.79128,0.79146,1.50,2.07
2013.07.24 17:17:30.130,0.79129,0.79147,2.25,1.13
2013.07.24 17:17:30.623,0.7913,0.79147,1.50,1.73
2013.07.24 17:17:31.170,0.79127,0.79147,1.50,3.23
2013.07.24 17:17:33.009,0.79127,0.79147,1.50,2.67
2013.07.24 17:17:34.683,0.79127,0.79146,1.50,1.17
2013.07.24 17:17:35.229,0.79128,0.79146,3.38,1.54
2013.07.24 17:17:35.770,0.79131,0.79146,1.50,1.54
2013.07.24 17:17:36.610,0.79131,0.79147,1.50,1.17
2013.07.24 17:17:36.979,0.79131,0.79147,1.50,1.17
2013.07.24 17:17:37.772,0.79131,0.79147,1.50,1.17
2013.07.24 17:17:38.309,0.7913,0.79147,1.50,1.17
2013.07.24 17:17:44.996,0.79131,0.79148,1.50,1.16
2013.07.24 17:17:47.180,0.79132,0.79149,1.50,1.32
2013.07.24 17:17:52.682,0.79132,0.79149,1.50,1.16
2013.07.24 17:17:53.350,0.79134,0.79149,1.50,1.13
2013.07.24 17:17:53.410,0.79135,0.79151,2.25,1.88
2013.07.24 17:17:53.649,0.79136,0.79152,1.13,2.44
2013.07.24 17:17:54.961,0.79135,0.79153,1.88,3.23
2013.07.24 17:17:55.321,0.79135,0.79151,1.50,1.13
2013.07.24 17:17:55.869,0.7913,0.79149,2.82,1.16
2013.07.24 17:17:55.989,0.7913,0.79148,2.44,2.48
2013.07.24 17:17:56.049,0.79128,0.79148,2.25,3.60
2013.07.24 17:17:57.626,0.79128,0.79148,2.25,2.85
2013.07.24 17:17:58.220,0.79128,0.79148,1.50,3.79
2013.07.24 17:17:58.728,0.79128,0.79147,1.50,1.01
2013.07.24 17:17:59.559,0.79129,0.79147,1.50,1.20
2013.07.24 17:18:01.300,0.79129,0.79146,1.50,1.32
2013.07.24 17:18:01.420,0.79129,0.79146,1.50,1.32
2013.07.24 17:18:03.710,0.79129,0.79146,1.50,1.35
2013.07.24 17:18:04.266,0.79126,0.79145,2.25,1.35
2013.07.24 17:18:04.400,0.79126,0.79145,2.25,1.35
2013.07.24 17:18:05.820,0.79126,0.79145,1.50,1.35
2013.07.24 17:18:07.029,0.79126,0.79145,1.50,1.35
2013.07.24 17:18:09.109,0.79128,0.79147,1.88,1.95
2013.07.24 17:18:09.729,0.7913,0.79147,1.50,1.95
2013.07.24 17:18:10.500,0.79128,0.79146,1.13,1.69
2013.07.24 17:18:11.818,0.79128,0.79147,1.13,2.67
2013.07.24 17:18:12.403,0.79128,0.79147,1.13,3.45
2013.07.24 17:18:15.050,0.79128,0.79147,1.13,2.67
2013.07.24 17:18:19.009,0.79128,0.79146,1.13,1.69
2013.07.24 17:18:21.679,0.79127,0.79146,1.50,1.32
2013.07.24 17:18:22.358,0.79126,0.79144,1.50,1.32
2013.07.24 17:18:23.411,0.79125,0.79144,1.13,1.32
2013.07.24 17:18:33.118,0.79129,0.79148,1.50,2.85
2013.07.24 17:18:35.850,0.79129,0.79148,1.50,1.88
2013.07.24 17:18:36.400,0.79128,0.79148,1.88,3.41
2013.07.24 17:18:36.700,0.79129,0.79146,1.50,2.10
2013.07.24 17:18:38.926,0.79128,0.79145,1.13,2.48
2013.07.24 17:18:39.970,0.79128,0.79145,1.13,2.48
2013.07.24 17:18:43.099,0.79125,0.79144,1.88,1.73
2013.07.24 17:18:43.921,0.79125,0.79144,1.13,1.73
2013.07.24 17:18:45.559,0.79125,0.79144,1.13,1.73
2013.07.24 17:18:45.739,0.79125,0.79143,1.13,2.10
2013.07.24 17:18:45.799,0.79123,0.79141,1.32,1.50
2013.07.24 17:18:46.158,0.79121,0.79137,1.32,1.35
2013.07.24 17:18:46.219,0.7912,0.79137,1.69,1.35
2013.07.24 17:18:47.163,0.79118,0.79136,1.13,1.50
2013.07.24 17:18:48.249,0.79118,0.79136,1.13,1.50
2013.07.24 17:18:49.053,0.79118,0.79136,1.13,1.50
2013.07.24 17:18:51.380,0.79118,0.79136,1.13,1.50
2013.07.24 17:18:51.452,0.79118,0.79136,1.13,1.50
2013.07.24 17:18:51.581,0.79118,0.79135,1.13,1.50
2013.07.24 17:18:51.642,0.79118,0.79135,1.13,1.50
2013.07.24 17:18:51.771,0.79118,0.79134,1.13,1.50
2013.07.24 17:18:51.960,0.79114,0.79132,1.69,1.50
2013.07.24 17:18:52.019,0.79113,0.79132,1.69,1.50
2013.07.24 17:18:52.321,0.79112,0.79132,1.13,2.25
2013.07.24 17:18:52.560,0.79112,0.7913,1.13,1.50
2013.07.24 17:18:53.689,0.79113,0.7913,1.13,1.50
2013.07.24 17:18:54.639,0.79113,0.79129,1.13,1.50
2013.07.24 17:18:54.942,0.79111,0.79126,1.13,2.10
2013.07.24 17:18:55.249,0.79104,0.79124,4.88,1.13
2013.07.24 17:18:56.616,0.79106,0.79125,1.13,1.13
2013.07.24 17:18:57.159,0.79106,0.79125,1.13,2.26
2013.07.24 17:18:58.529,0.79106,0.79125,1.13,2.26
2013.07.24 17:19:07.099,0.79109,0.79124,1.50,1.50
2013.07.24 17:19:09.829,0.79109,0.79124,1.50,1.50
2013.07.24 17:19:10.819,0.79106,0.79124,1.50,1.50
2013.07.24 17:19:20.940,0.79108,0.79126,1.50,1.92
2013.07.24 17:19:24.338,0.79109,0.79126,1.50,1.17
2013.07.24 17:19:25.962,0.79109,0.79127,1.50,2.48
2013.07.24 17:19:26.540,0.79109,0.79125,1.50,1.13
2013.07.24 17:19:27.539,0.79106,0.79124,1.13,3.00
2013.07.24 17:19:28.089,0.79103,0.79123,2.82,3.38
2013.07.24 17:19:28.149,0.79103,0.79123,2.82,2.63
2013.07.24 17:19:28.210,0.79103,0.79122,2.07,2.63
2013.07.24 17:19:28.570,0.79101,0.79121,1.20,5.63
2013.07.24 17:19:28.750,0.79104,0.79123,1.50,2.07
2013.07.24 17:19:29.049,0.79107,0.79126,1.50,1.69
2013.07.24 17:19:29.815,0.79106,0.79126,1.88,2.44
2013.07.24 17:19:30.959,0.79106,0.79126,1.50,2.44
2013.07.24 17:19:33.681,0.79105,0.79125,1.50,1.32
2013.07.24 17:19:34.408,0.79105,0.79125,1.50,1.32
2013.07.24 17:19:44.752,0.79109,0.79127,1.50,1.88
2013.07.24 17:19:46.559,0.79109,0.79127,1.13,1.13
2013.07.24 17:19:48.713,0.79116,0.79128,1.88,1.50
2013.07.24 17:19:48.839,0.79116,0.79131,1.88,1.50
2013.07.24 17:19:49.378,0.79116,0.79134,1.88,2.25
2013.07.24 17:19:50.069,0.79116,0.79133,1.88,1.50
2013.07.24 17:19:51.159,0.79116,0.79133,1.88,2.18
2013.07.24 17:19:51.463,0.79116,0.79128,1.88,1.88
2013.07.24 17:19:52.141,0.79116,0.79128,1.88,1.50
2013.07.24 17:19:52.259,0.79116,0.7913,1.88,1.50
2013.07.24 17:19:54.732,0.79116,0.7913,1.88,1.50
2013.07.24 17:19:55.159,0.79116,0.79132,1.88,2.25
2013.07.24 17:19:55.409,0.79116,0.79133,1.88,2.10
2013.07.24 17:19:56.550,0.79116,0.7913,1.88,1.50
2013.07.24 17:19:57.149,0.79116,0.79131,1.88,1.50
2013.07.24 17:19:57.669,0.79116,0.79131,1.88,2.25
2013.07.24 17:19:57.729,0.79116,0.79131,1.88,2.25
2013.07.24 17:19:58.999,0.79118,0.7913,1.13,1.50
2013.07.24 17:19:59.179,0.79118,0.79132,1.13,1.50
2013.07.24 17:20:00.519,0.7912,0.79132,1.50,2.25
2013.07.24 17:20:01.059,0.7912,0.79134,1.13,1.50
2013.07.24 17:20:02.018,0.79121,0.79134,1.13,1.50
2013.07.24 17:20:02.676,0.79121,0.79134,1.13,2.25
2013.07.24 17:20:03.251,0.79121,0.79134,1.13,1.50
2013.07.24 17:20:03.389,0.7912,0.79132,1.50,1.13
2013.07.24 17:20:03.509,0.79114,0.79132,1.69,1.20
2013.07.24 17:20:03.569,0.79113,0.79131,2.82,1.58
2013.07.24 17:20:03.870,0.79109,0.79122,1.50,2.25
2013.07.24 17:20:03.929,0.79102,0.79122,2.44,2.63
2013.07.24 17:20:04.050,0.79101,0.79121,1.50,4.13
2013.07.24 17:20:06.762,0.79107,0.79121,1.50,4.88
2013.07.24 17:20:06.839,0.79116,0.79127,1.13,1.50
2013.07.24 17:20:06.969,0.79116,0.7913,1.88,1.50
2013.07.24 17:20:07.148,0.79116,0.79132,1.88,1.13
2013.07.24 17:20:07.710,0.79116,0.79132,1.88,1.88
2013.07.24 17:20:08.179,0.79116,0.79131,1.88,1.50
2013.07.24 17:20:08.481,0.79109,0.79128,1.13,2.07
2013.07.24 17:20:09.019,0.79109,0.79127,1.13,1.13
2013.07.24 17:20:09.380,0.79108,0.79126,1.50,1.13
2013.07.24 17:20:09.620,0.79107,0.79123,1.13,1.50
2013.07.24 17:20:10.489,0.79108,0.79124,1.13,1.50
2013.07.24 17:20:10.668,0.79108,0.79126,1.13,2.25
2013.07.24 17:20:12.279,0.79108,0.79126,1.13,1.50
2013.07.24 17:20:12.403,0.79108,0.79127,1.13,1.13
2013.07.24 17:20:13.170,0.79108,0.79128,1.88,1.32
2013.07.24 17:20:18.044,0.79108,0.79128,1.88,2.07
2013.07.24 17:20:18.113,0.79108,0.79127,1.88,1.13
2013.07.24 17:20:18.180,0.79108,0.79127,1.88,1.13
2013.07.24 17:20:18.539,0.79108,0.79123,1.13,1.50
2013.07.24 17:20:18.779,0.79106,0.79123,1.32,1.50
2013.07.24 17:20:19.083,0.79105,0.79123,1.13,1.50
2013.07.24 17:20:19.413,0.79102,0.7912,1.69,3.75
2013.07.24 17:20:20.731,0.79101,0.7912,1.69,1.50
2013.07.24 17:20:21.270,0.79101,0.7912,1.69,3.38
2013.07.24 17:20:21.938,0.79101,0.79118,1.69,1.50
2013.07.24 17:20:22.442,0.79095,0.79112,2.44,1.50
2013.07.24 17:20:22.510,0.79095,0.79112,1.69,2.25
2013.07.24 17:20:22.632,0.79095,0.7911,1.69,1.50
2013.07.24 17:20:22.700,0.79091,0.79109,1.13,1.50
2013.07.24 17:20:22.879,0.7909,0.79107,1.13,1.50
2013.07.24 17:20:23.391,0.7909,0.79108,1.13,1.50
2013.07.24 17:20:23.700,0.79091,0.7911,1.13,1.88
2013.07.24 17:20:24.158,0.79091,0.7911,1.13,4.13
2013.07.24 17:20:24.218,0.79091,0.7911,1.13,4.13
2013.07.24 17:20:24.599,0.79091,0.79107,1.13,2.85
2013.07.24 17:20:24.779,0.79087,0.79104,1.50,3.00
2013.07.24 17:20:24.839,0.79087,0.79104,1.50,3.00
2013.07.24 17:20:25.019,0.79083,0.79103,1.58,3.38
2013.07.24 17:20:25.319,0.79086,0.79103,1.13,1.50
2013.07.24 17:20:25.439,0.79088,0.79105,1.13,1.92
2013.07.24 17:20:25.558,0.79088,0.79105,1.13,2.07
2013.07.24 17:20:25.750,0.79088,0.79105,1.13,2.07
2013.07.24 17:20:25.809,0.79087,0.79105,1.50,2.07
2013.07.24 17:20:25.932,0.79088,0.79106,1.50,1.50
2013.07.24 17:20:26.360,0.79088,0.79108,2.25,2.07
2013.07.24 17:20:26.900,0.79088,0.79108,2.25,1.32
2013.07.24 17:20:26.973,0.79088,0.79108,1.50,1.35
2013.07.24 17:20:27.530,0.79088,0.79107,1.50,1.16
2013.07.24 17:20:28.459,0.79088,0.79107,1.50,1.16
2013.07.24 17:20:30.019,0.79089,0.79107,1.13,1.16
2013.07.24 17:20:30.858,0.79086,0.79107,2.82,2.66
2013.07.24 17:20:31.408,0.79086,0.79107,1.32,4.91
2013.07.24 17:20:33.029,0.79086,0.79107,1.13,5.48
2013.07.24 17:20:33.580,0.79085,0.79106,2.07,4.53
2013.07.24 17:20:35.779,0.79086,0.79104,1.50,1.53
2013.07.24 17:20:41.249,0.79086,0.79104,1.50,1.53
2013.07.24 17:20:42.209,0.79086,0.79104,1.50,2.28
2013.07.24 17:20:42.329,0.79085,0.79104,2.82,1.53
2013.07.24 17:20:43.380,0.79086,0.79104,1.50,2.28
2013.07.24 17:20:44.001,0.79086,0.79104,1.88,2.28
2013.07.24 17:20:46.579,0.79086,0.79105,1.13,1.91
2013.07.24 17:20:47.119,0.79084,0.79105,1.88,5.47
2013.07.24 17:20:48.005,0.79086,0.79105,1.13,1.53
2013.07.24 17:20:52.459,0.79083,0.791,2.14,1.01
2013.07.24 17:20:55.400,0.79083,0.791,1.20,1.23
2013.07.24 17:20:55.519,0.79086,0.79102,1.13,2.73
2013.07.24 17:20:56.042,0.79086,0.79102,1.13,2.10
2013.07.24 17:20:58.219,0.79088,0.79102,1.13,1.35
2013.07.24 17:20:58.856,0.79088,0.79104,1.88,1.88
2013.07.24 17:20:59.409,0.79088,0.79104,1.88,1.88
2013.07.24 17:21:00.478,0.79088,0.79104,1.13,2.63
2013.07.24 17:21:01.439,0.79088,0.79103,1.13,1.50
2013.07.24 17:21:01.739,0.79088,0.79104,1.50,2.25
2013.07.24 17:21:20.818,0.79088,0.79106,1.32,1.50
2013.07.24 17:21:23.200,0.79089,0.79107,1.92,1.88
2013.07.24 17:21:23.378,0.79091,0.79109,2.63,1.13
2013.07.24 17:21:23.951,0.79091,0.7911,2.63,1.13
2013.07.24 17:21:24.590,0.79091,0.79111,2.63,2.82
2013.07.24 17:21:25.200,0.79091,0.7911,1.88,1.13
2013.07.24 17:21:25.658,0.79093,0.79111,1.13,2.44
2013.07.24 17:21:26.138,0.79094,0.79112,1.13,1.13
2013.07.24 17:21:28.349,0.79095,0.79113,1.88,1.32
2013.07.24 17:21:28.469,0.79096,0.79114,1.13,1.69
2013.07.24 17:21:28.649,0.79097,0.79117,1.13,3.57
2013.07.24 17:21:29.190,0.79099,0.79117,2.25,2.07
2013.07.24 17:21:29.732,0.791,0.79117,1.50,2.07
2013.07.24 17:21:30.369,0.79099,0.79117,1.50,2.07
2013.07.24 17:21:30.910,0.79098,0.79117,1.88,2.82
2013.07.24 17:21:31.450,0.79093,0.79114,2.82,1.50
2013.07.24 17:21:32.196,0.79093,0.79113,2.82,1.50
2013.07.24 17:21:32.699,0.79093,0.79113,2.82,1.50
2013.07.24 17:21:33.560,0.79096,0.79117,1.13,4.32
2013.07.24 17:21:33.620,0.79097,0.79117,1.13,2.82
2013.07.24 17:21:34.215,0.79096,0.79117,1.13,4.32
2013.07.24 17:21:34.762,0.79098,0.79117,1.88,1.88
2013.07.24 17:21:36.940,0.79097,0.79117,1.13,1.88
2013.07.24 17:21:37.820,0.79097,0.79113,1.13,1.50
2013.07.24 17:21:38.451,0.79096,0.79117,1.13,3.57
2013.07.24 17:21:40.110,0.79097,0.79117,1.13,2.07
2013.07.24 17:21:41.539,0.79097,0.79117,1.13,3.57
2013.07.24 17:21:42.450,0.79098,0.79117,1.88,2.82
2013.07.24 17:21:43.751,0.79098,0.79117,2.63,1.13
2013.07.24 17:21:44.310,0.79098,0.79117,1.13,2.63
2013.07.24 17:21:44.869,0.79097,0.79117,1.13,3.38
2013.07.24 17:21:46.670,0.79097,0.79117,1.13,5.07
2013.07.24 17:21:47.809,0.79094,0.79115,1.13,2.07
2013.07.24 17:21:48.588,0.79095,0.79115,1.13,1.32
2013.07.24 17:21:49.459,0.79094,0.79115,1.88,1.32
2013.07.24 17:21:49.700,0.79094,0.79113,1.13,2.25
2013.07.24 17:21:49.759,0.79094,0.79112,1.13,1.50
2013.07.24 17:21:50.179,0.79093,0.79109,1.32,1.88
2013.07.24 17:21:50.600,0.79093,0.79112,1.69,1.50
2013.07.24 17:21:50.839,0.79093,0.7911,1.69,1.13
2013.07.24 17:21:50.960,0.79093,0.79114,3.19,2.25
2013.07.24 17:21:51.439,0.79095,0.79115,1.32,2.25
2013.07.24 17:21:55.261,0.79096,0.79115,1.13,2.63
2013.07.24 17:21:56.200,0.79093,0.79112,2.44,2.70
2013.07.24 17:21:56.319,0.79093,0.7911,1.50,1.50
2013.07.24 17:21:56.800,0.79089,0.79107,1.50,1.88
2013.07.24 17:21:57.959,0.79087,0.79105,3.57,1.13
2013.07.24 17:21:58.201,0.79087,0.79104,3.57,1.50
2013.07.24 17:21:58.563,0.79088,0.79103,1.13,1.50
2013.07.24 17:21:58.809,0.79087,0.79105,1.13,1.88
2013.07.24 17:21:58.869,0.79087,0.79104,1.13,3.38
2013.07.24 17:21:58.929,0.79082,0.79102,2.14,1.50
2013.07.24 17:21:59.050,0.79082,0.79102,1.20,2.07
2013.07.24 17:21:59.351,0.7908,0.791,1.58,1.50
2013.07.24 17:22:00.032,0.79079,0.79099,2.89,1.50
2013.07.24 17:22:00.182,0.79079,0.79099,2.07,1.50
2013.07.24 17:22:00.713,0.79079,0.79097,1.13,1.50
2013.07.24 17:22:01.251,0.79077,0.79097,2.07,1.50
2013.07.24 17:22:04.849,0.79078,0.79099,2.07,2.25
2013.07.24 17:22:05.409,0.79081,0.791,1.13,1.32
2013.07.24 17:22:05.985,0.79081,0.79101,1.13,2.07
2013.07.24 17:22:06.530,0.79082,0.79102,2.63,2.82
2013.07.24 17:22:06.589,0.79084,0.79102,1.50,2.07
2013.07.24 17:22:06.890,0.79087,0.79105,1.50,1.13
2013.07.24 17:22:07.012,0.79089,0.79105,1.50,1.13
2013.07.24 17:22:07.084,0.7909,0.79107,1.50,2.44
2013.07.24 17:22:07.214,0.7909,0.79107,1.50,2.44
2013.07.24 17:22:07.340,0.79088,0.79107,1.88,2.44
2013.07.24 17:22:07.869,0.79089,0.79107,1.50,2.44
2013.07.24 17:22:08.398,0.79088,0.79107,1.88,2.07
2013.07.24 17:22:08.939,0.79089,0.79107,1.50,1.13
2013.07.24 17:22:09.479,0.79089,0.79107,2.25,1.13
2013.07.24 17:22:10.325,0.79089,0.79107,1.50,2.07
2013.07.24 17:22:12.849,0.79089,0.79107,1.50,2.07
2013.07.24 17:22:13.319,0.79091,0.79107,1.50,2.07
2013.07.24 17:22:13.619,0.79089,0.79107,1.50,2.07
2013.07.24 17:22:14.239,0.79089,0.79107,2.25,2.82
2013.07.24 17:22:14.361,0.79088,0.79105,1.13,1.69
2013.07.24 17:22:14.827,0.79089,0.79105,1.50,1.69
2013.07.24 17:22:15.529,0.79088,0.79106,1.88,1.69
2013.07.24 17:22:17.329,0.79088,0.79105,1.13,1.69
2013.07.24 17:22:18.359,0.79086,0.79105,2.25,1.69
2013.07.24 17:22:19.080,0.79086,0.79105,2.25,2.07
2013.07.24 17:22:19.621,0.79086,0.79105,1.13,3.94
2013.07.24 17:22:19.984,0.79081,0.791,1.13,2.25
2013.07.24 17:22:20.786,0.7908,0.791,2.07,3.00
2013.07.24 17:22:20.992,0.7908,0.79099,2.07,1.50
2013.07.24 17:22:21.059,0.7908,0.79099,2.07,1.50
2013.07.24 17:22:21.301,0.79079,0.79098,1.50,1.50
2013.07.24 17:22:26.180,0.79078,0.79098,2.44,2.25
2013.07.24 17:22:27.799,0.79079,0.79097,1.13,1.50
2013.07.24 17:22:29.659,0.79078,0.79098,2.44,2.25
2013.07.24 17:22:33.410,0.79078,0.79097,1.50,1.88
2013.07.24 17:22:33.591,0.79076,0.79096,2.07,2.25
2013.07.24 17:22:34.139,0.79077,0.79096,1.32,1.50
2013.07.24 17:22:34.319,0.79077,0.79097,1.32,1.88
2013.07.24 17:22:34.439,0.79077,0.79089,1.32,1.13
2013.07.24 17:22:34.501,0.79074,0.79087,1.50,1.50
2013.07.24 17:22:34.560,0.79073,0.79087,1.13,1.50
2013.07.24 17:22:34.800,0.79073,0.79088,1.13,1.13
2013.07.24 17:22:34.920,0.79073,0.79093,1.88,1.50
2013.07.24 17:22:35.039,0.79073,0.79093,4.13,1.50
2013.07.24 17:22:35.099,0.79076,0.79096,1.13,1.69
2013.07.24 17:22:35.473,0.79076,0.79097,1.13,3.75
2013.07.24 17:22:36.380,0.79078,0.79097,1.13,1.88
2013.07.24 17:22:36.901,0.79078,0.79097,1.13,2.82
2013.07.24 17:22:37.259,0.79077,0.79097,1.13,3.57
2013.07.24 17:22:37.773,0.79075,0.79095,1.50,1.50
2013.07.24 17:22:38.030,0.79075,0.79095,1.50,1.50
2013.07.24 17:22:39.051,0.79079,0.79097,1.50,2.82
2013.07.24 17:22:39.481,0.79077,0.79097,1.13,3.57
2013.07.24 17:22:39.542,0.79077,0.79097,1.13,3.57
2013.07.24 17:22:40.094,0.79078,0.79097,1.13,2.82
2013.07.24 17:22:41.389,0.79077,0.79097,1.13,2.63
2013.07.24 17:22:42.812,0.79077,0.79097,1.13,3.38
2013.07.24 17:22:43.361,0.79076,0.79095,1.32,1.50
2013.07.24 17:22:43.611,0.79076,0.79097,1.32,3.00
2013.07.24 17:22:45.300,0.79075,0.79096,2.44,3.00
2013.07.24 17:22:45.602,0.79075,0.79093,1.69,1.50
2013.07.24 17:22:47.021,0.79073,0.79091,1.88,1.50
2013.07.24 17:22:47.462,0.79072,0.79084,1.50,1.50
2013.07.24 17:22:47.592,0.79072,0.79083,1.50,1.05
2013.07.24 17:22:47.653,0.7907,0.79076,1.50,1.13
2013.07.24 17:22:47.781,0.7906,0.79072,1.88,1.50
2013.07.24 17:22:47.852,0.79058,0.79069,2.10,1.50
2013.07.24 17:22:47.995,0.79057,0.79072,1.50,3.19
2013.07.24 17:22:48.122,0.79057,0.79071,1.50,1.69
2013.07.24 17:22:48.193,0.79057,0.79072,1.50,4.32
2013.07.24 17:22:48.994,0.79058,0.79074,1.13,2.44
2013.07.24 17:22:50.041,0.79058,0.79073,1.13,1.50
2013.07.24 17:22:50.400,0.79058,0.79077,1.13,3.57
2013.07.24 17:22:50.763,0.79059,0.79077,1.13,3.19
2013.07.24 17:22:51.397,0.7906,0.79078,1.50,2.44
2013.07.24 17:22:51.929,0.7906,0.79077,1.50,1.69
2013.07.24 17:22:53.180,0.7906,0.79077,1.50,2.44
2013.07.24 17:22:53.750,0.79059,0.79077,1.88,1.50
2013.07.24 17:22:54.673,0.79061,0.79079,1.13,3.19
2013.07.24 17:22:55.180,0.79059,0.79077,1.88,1.50
2013.07.24 17:22:59.161,0.79061,0.79078,1.13,1.50
2013.07.24 17:22:59.223,0.79061,0.79078,1.13,1.50
2013.07.24 17:22:59.633,0.79061,0.7908,1.88,1.50
2013.07.24 17:22:59.971,0.79058,0.79077,3.57,2.25
2013.07.24 17:23:00.054,0.7906,0.79076,1.88,1.50
2013.07.24 17:23:00.302,0.7906,0.79079,1.88,2.25
2013.07.24 17:23:00.492,0.79061,0.79079,2.07,2.25
2013.07.24 17:23:00.693,0.79063,0.79081,1.13,1.13
2013.07.24 17:23:00.881,0.79061,0.7908,2.44,2.25
2013.07.24 17:23:01.421,0.79061,0.7908,2.07,1.13
2013.07.24 17:23:01.931,0.7906,0.7908,1.32,1.88
2013.07.24 17:23:02.281,0.79059,0.79076,1.32,1.13
2013.07.24 17:23:02.882,0.79058,0.79075,1.50,1.88
2013.07.24 17:23:03.410,0.79058,0.79074,1.50,2.25
2013.07.24 17:23:03.569,0.79055,0.79074,1.32,2.25
2013.07.24 17:23:06.021,0.79056,0.79074,1.13,2.25
2013.07.24 17:23:06.321,0.79058,0.79076,1.13,1.25
2013.07.24 17:23:06.871,0.79057,0.79077,2.25,1.62
2013.07.24 17:23:06.989,0.79058,0.79078,1.50,2.00
2013.07.24 17:23:09.960,0.79056,0.79076,4.13,2.00
2013.07.24 17:23:11.630,0.79057,0.79077,1.13,2.19
2013.07.24 17:23:12.924,0.79057,0.79077,2.25,1.44
2013.07.24 17:23:13.110,0.79051,0.7907,1.50,1.50
2013.07.24 17:23:13.170,0.79053,0.7907,1.50,2.25
2013.07.24 17:23:13.653,0.79048,0.79068,2.44,2.25
2013.07.24 17:23:18.239,0.79051,0.79071,1.13,2.07
2013.07.24 17:23:18.641,0.79053,0.79071,1.13,1.50
2013.07.24 17:23:18.760,0.79058,0.79074,1.13,2.25
2013.07.24 17:23:18.820,0.79058,0.79078,1.88,1.06
2013.07.24 17:23:18.879,0.79059,0.79079,1.13,2.94
2013.07.24 17:23:20.072,0.79061,0.79081,1.13,2.07
2013.07.24 17:23:20.201,0.79062,0.79083,1.50,1.69
2013.07.24 17:23:20.262,0.79063,0.79084,1.50,2.07
2013.07.24 17:23:20.381,0.79063,0.79084,2.25,1.32
2013.07.24 17:23:20.861,0.79064,0.79084,2.25,1.32
2013.07.24 17:23:21.222,0.79059,0.7908,1.50,2.63
2013.07.24 17:23:21.541,0.7906,0.7908,2.25,2.63
2013.07.24 17:23:21.843,0.79062,0.79081,1.95,1.13
2013.07.24 17:23:21.972,0.79063,0.7908,1.58,1.88
2013.07.24 17:23:22.041,0.79066,0.7908,1.50,1.88
2013.07.24 17:23:22.222,0.79067,0.79083,1.50,2.07
2013.07.24 17:23:22.410,0.79069,0.79084,1.50,1.88
2013.07.24 17:23:22.471,0.79069,0.79088,1.50,2.07
2013.07.24 17:23:22.529,0.79072,0.79089,1.50,1.32
2013.07.24 17:23:22.890,0.79073,0.7909,1.50,2.07
2013.07.24 17:23:23.129,0.79074,0.79095,1.50,2.07
2013.07.24 17:23:23.741,0.79077,0.79095,5.25,2.07
2013.07.24 17:23:24.099,0.79079,0.79098,2.25,1.32
2013.07.24 17:23:25.141,0.7908,0.79099,1.50,2.07
2013.07.24 17:23:25.631,0.79081,0.791,3.00,2.07
2013.07.24 17:23:25.691,0.79081,0.791,3.38,1.32
2013.07.24 17:23:27.737,0.79081,0.79102,1.88,1.69
2013.07.24 17:23:28.161,0.79078,0.79099,1.69,1.50
2013.07.24 17:23:31.079,0.79077,0.79099,2.44,1.50
2013.07.24 17:23:31.139,0.79077,0.79098,2.44,1.13
2013.07.24 17:23:31.440,0.79076,0.79097,1.50,1.88
2013.07.24 17:23:31.619,0.79073,0.79094,2.52,1.13
2013.07.24 17:23:31.680,0.79073,0.79094,1.50,1.32
2013.07.24 17:23:31.799,0.79073,0.79092,1.50,1.88
2013.07.24 17:23:31.921,0.7908,0.7909,1.50,1.50
2013.07.24 17:23:32.103,0.79082,0.79096,1.13,1.13
2013.07.24 17:23:32.174,0.7908,0.79096,1.50,1.88
2013.07.24 17:23:32.299,0.79074,0.79095,1.50,2.07
2013.07.24 17:23:32.601,0.79072,0.79093,1.50,1.88
2013.07.24 17:23:32.660,0.79069,0.79091,2.44,1.50
2013.07.24 17:23:32.790,0.79071,0.79092,1.50,1.88
2013.07.24 17:23:33.329,0.79071,0.79092,1.50,1.13
2013.07.24 17:23:35.980,0.79071,0.79093,3.75,2.07
2013.07.24 17:23:36.340,0.79075,0.79089,1.13,1.32
2013.07.24 17:23:36.459,0.79078,0.7909,1.13,1.69
2013.07.24 17:23:36.520,0.79078,0.79093,1.88,1.13
2013.07.24 17:23:36.579,0.79078,0.79097,3.38,1.32
2013.07.24 17:23:36.639,0.79079,0.79099,1.13,2.07
2013.07.24 17:23:37.212,0.79081,0.791,1.13,1.32
2013.07.24 17:23:37.339,0.79081,0.79101,1.13,2.07
2013.07.24 17:23:38.260,0.79081,0.79101,1.13,1.69
2013.07.24 17:23:38.932,0.79081,0.79101,1.88,2.44
2013.07.24 17:23:39.439,0.79081,0.791,1.13,1.32
2013.07.24 17:23:39.499,0.79078,0.79099,1.50,1.88
2013.07.24 17:23:40.090,0.79078,0.79099,1.50,1.88
2013.07.24 17:23:40.595,0.79079,0.791,1.50,2.07
2013.07.24 17:23:41.501,0.7908,0.791,1.13,2.07
2013.07.24 17:23:41.561,0.79081,0.79101,1.13,1.32
2013.07.24 17:23:42.249,0.79081,0.79101,1.13,1.32
2013.07.24 17:23:45.553,0.79079,0.791,1.32,1.88
2013.07.24 17:23:46.100,0.7908,0.791,1.13,1.13
2013.07.24 17:23:46.639,0.79079,0.791,1.32,1.88
2013.07.24 17:23:47.141,0.7908,0.791,1.13,1.88
2013.07.24 17:23:47.451,0.79079,0.791,1.69,1.88
2013.07.24 17:23:47.752,0.79076,0.79095,1.50,1.13
2013.07.24 17:23:47.941,0.79072,0.79092,1.32,1.13
2013.07.24 17:23:50.133,0.79072,0.79093,1.69,1.20
2013.07.24 17:23:50.637,0.79071,0.79092,2.44,1.20
2013.07.24 17:23:51.569,0.79072,0.79093,1.50,1.20
2013.07.24 17:23:52.140,0.79071,0.79092,2.25,1.20
2013.07.24 17:23:52.649,0.79072,0.79093,1.50,1.20
2013.07.24 17:23:53.192,0.79071,0.7909,1.50,1.13
2013.07.24 17:23:53.501,0.79069,0.79085,1.50,1.13
2013.07.24 17:23:53.802,0.79067,0.79085,1.50,2.82
2013.07.24 17:23:53.870,0.79063,0.79083,3.00,1.13
2013.07.24 17:23:53.932,0.79062,0.79083,1.50,1.13
2013.07.24 17:23:55.261,0.79062,0.79084,3.75,1.32
2013.07.24 17:23:55.811,0.79065,0.79085,1.50,2.07
2013.07.24 17:23:56.891,0.79067,0.79084,1.50,1.32
2013.07.24 17:23:57.772,0.79069,0.79084,1.50,1.32
2013.07.24 17:23:58.320,0.79073,0.79085,1.50,1.32
2013.07.24 17:23:58.561,0.7907,0.79087,2.25,1.32
2013.07.24 17:23:58.620,0.7907,0.7909,2.25,2.07
2013.07.24 17:23:58.740,0.79075,0.7909,2.25,2.07
2013.07.24 17:23:59.101,0.79078,0.79091,3.00,2.07
2013.07.24 17:23:59.642,0.79078,0.79094,2.25,1.69
2013.07.24 17:23:59.702,0.79078,0.79094,1.50,1.69
2013.07.24 17:23:59.879,0.79075,0.79094,3.00,1.32
2013.07.24 17:24:00.404,0.79075,0.79097,3.75,1.32
2013.07.24 17:24:00.772,0.79082,0.79098,2.33,1.32
2013.07.24 17:24:00.954,0.79084,0.79098,2.25,1.32
2013.07.24 17:24:01.483,0.79084,0.79104,1.50,1.69
2013.07.24 17:24:01.672,0.79085,0.79104,2.25,1.69
2013.07.24 17:24:02.163,0.79085,0.79104,1.50,1.32
2013.07.24 17:24:02.361,0.79084,0.79104,1.50,2.07
2013.07.24 17:24:02.540,0.79087,0.79104,1.50,1.32
2013.07.24 17:24:02.720,0.79083,0.79104,1.50,2.07
2013.07.24 17:24:05.821,0.79083,0.79102,1.50,1.32
2013.07.24 17:24:06.000,0.79082,0.79102,2.25,2.07
2013.07.24 17:24:06.817,0.79082,0.79102,1.50,1.32
2013.07.24 17:24:07.319,0.79081,0.79102,2.82,1.13
2013.07.24 17:24:08.421,0.79082,0.79103,1.50,1.39
2013.07.24 17:24:08.926,0.79081,0.79102,1.88,1.32
2013.07.24 17:24:09.871,0.7908,0.791,1.32,1.13
2013.07.24 17:24:10.480,0.79081,0.79101,1.50,1.13
2013.07.24 17:24:10.842,0.79078,0.79095,2.25,1.13
2013.07.24 17:24:10.901,0.79077,0.79095,1.13,1.13
2013.07.24 17:24:10.971,0.79076,0.7909,1.50,1.13
2013.07.24 17:24:11.161,0.79071,0.7909,1.50,1.13
2013.07.24 17:24:11.660,0.79069,0.7909,1.50,1.88
2013.07.24 17:24:12.264,0.79069,0.7909,1.50,2.82
2013.07.24 17:24:12.331,0.79066,0.79087,1.50,1.69
2013.07.24 17:24:12.523,0.79064,0.79085,3.94,1.50
2013.07.24 17:24:13.034,0.79065,0.79087,1.69,1.50
2013.07.24 17:24:13.739,0.79064,0.79086,2.44,1.50
2013.07.24 17:24:14.252,0.79064,0.79085,1.69,1.50
2013.07.24 17:24:15.049,0.79064,0.79086,2.44,1.50
2013.07.24 17:24:16.084,0.79064,0.79085,1.69,1.50
2013.07.24 17:24:16.629,0.79065,0.79086,3.19,1.13
2013.07.24 17:24:17.179,0.79066,0.79087,1.50,1.88
2013.07.24 17:24:17.239,0.79064,0.79084,1.69,1.13
2013.07.24 17:24:19.342,0.79063,0.79084,2.07,1.13
2013.07.24 17:24:19.891,0.79064,0.79085,1.69,1.13
2013.07.24 17:24:20.430,0.79063,0.79084,2.82,1.13
2013.07.24 17:24:20.940,0.79064,0.79085,1.69,1.13
2013.07.24 17:24:21.799,0.79063,0.79084,2.82,1.13
2013.07.24 17:24:22.375,0.79064,0.79085,1.69,1.13
2013.07.24 17:24:23.037,0.79063,0.79084,2.82,1.13
2013.07.24 17:24:25.040,0.79063,0.79082,2.07,1.13
2013.07.24 17:24:25.666,0.7906,0.79081,3.57,1.50
2013.07.24 17:24:30.350,0.79061,0.79082,1.32,1.88
2013.07.24 17:24:31.109,0.7906,0.79081,2.82,1.50
2013.07.24 17:24:32.031,0.79061,0.79082,1.32,1.88
2013.07.24 17:24:33.711,0.7906,0.79081,2.44,1.50
2013.07.24 17:24:34.475,0.7906,0.79081,2.44,1.50
2013.07.24 17:24:35.755,0.7906,0.79081,2.44,1.50
2013.07.24 17:24:37.344,0.7906,0.79081,2.44,1.50
2013.07.24 17:24:38.711,0.7906,0.79081,3.19,1.50
2013.07.24 17:24:39.320,0.7906,0.79081,3.19,1.50
2013.07.24 17:24:39.850,0.79062,0.79083,1.69,1.50
2013.07.24 17:24:40.468,0.79062,0.79084,2.44,1.50
2013.07.24 17:24:41.239,0.79062,0.79083,1.69,1.50
2013.07.24 17:24:43.560,0.7906,0.79082,1.69,1.69
2013.07.24 17:24:44.117,0.79059,0.79081,2.44,1.50
2013.07.24 17:24:44.639,0.79059,0.7908,2.44,1.35
2013.07.24 17:24:45.860,0.7906,0.79081,1.50,1.54
2013.07.24 17:24:46.361,0.7906,0.7908,1.50,1.35
2013.07.24 17:24:46.900,0.7906,0.79081,1.50,1.54
2013.07.24 17:24:47.440,0.79061,0.79082,1.50,6.42
2013.07.24 17:24:47.950,0.7906,0.79081,1.50,1.54
2013.07.24 17:24:49.463,0.7906,0.7908,1.50,1.35
2013.07.24 17:24:49.973,0.7906,0.79081,1.50,1.54
2013.07.24 17:24:50.755,0.79059,0.7908,1.50,1.35
2013.07.24 17:24:51.690,0.7906,0.79081,1.50,2.29
2013.07.24 17:24:52.427,0.79059,0.7908,1.50,1.54
2013.07.24 17:24:53.012,0.79059,0.79081,1.50,3.04
2013.07.24 17:24:54.729,0.79061,0.79081,1.50,1.69
2013.07.24 17:24:55.029,0.79064,0.79084,1.50,2.07
2013.07.24 17:24:55.550,0.79063,0.79084,1.50,1.32
2013.07.24 17:24:56.116,0.79064,0.79085,1.50,2.07
2013.07.24 17:24:57.109,0.79065,0.79086,1.50,1.69
2013.07.24 17:24:57.690,0.79064,0.79085,1.50,1.69
2013.07.24 17:24:57.981,0.79064,0.79084,1.50,1.69
2013.07.24 17:24:58.339,0.79066,0.79082,1.50,1.50
2013.07.24 17:24:58.760,0.79066,0.79085,1.50,1.69
2013.07.24 17:24:59.170,0.79069,0.79087,4.50,3.79
2013.07.24 17:25:00.479,0.79065,0.79086,1.50,1.69
2013.07.24 17:25:01.161,0.79067,0.79087,1.50,1.92
2013.07.24 17:25:02.365,0.79066,0.79087,1.50,2.67
2013.07.24 17:25:04.312,0.79066,0.79087,1.50,2.67
2013.07.24 17:25:06.001,0.79067,0.79087,1.50,1.92
2013.07.24 17:25:06.131,0.79069,0.79087,1.50,1.92
2013.07.24 17:25:06.770,0.79068,0.79087,2.25,1.92
2013.07.24 17:25:07.071,0.79071,0.79087,1.50,1.92
2013.07.24 17:25:07.190,0.79071,0.79089,1.50,2.44
2013.07.24 17:25:07.675,0.79075,0.7909,1.50,2.44
2013.07.24 17:25:07.742,0.79071,0.7909,1.50,2.44
2013.07.24 17:25:07.872,0.79072,0.7909,2.25,2.44
2013.07.24 17:25:08.180,0.79078,0.79095,1.50,2.67
2013.07.24 17:25:08.483,0.79079,0.79099,1.50,2.63
2013.07.24 17:25:08.611,0.79079,0.79099,2.25,3.57
2013.07.24 17:25:08.672,0.7908,0.79099,1.50,2.44
2013.07.24 17:25:08.790,0.79082,0.79099,1.50,1.69
2013.07.24 17:25:09.090,0.79087,0.79104,1.50,1.17
2013.07.24 17:25:09.631,0.79089,0.79108,1.50,1.55
2013.07.24 17:25:09.950,0.79089,0.79109,1.50,1.69
2013.07.24 17:25:10.702,0.79088,0.7911,1.50,2.44
2013.07.24 17:25:11.260,0.79089,0.7911,1.50,1.50
2013.07.24 17:25:16.180,0.79093,0.7911,1.88,1.50
2013.07.24 17:25:16.360,0.79095,0.79115,1.50,2.63
2013.07.24 17:25:16.599,0.79096,0.79117,1.50,1.13
2013.07.24 17:25:16.780,0.79096,0.79118,1.50,1.50
2013.07.24 17:25:17.315,0.79095,0.79117,2.25,1.50
2013.07.24 17:25:18.443,0.79098,0.79119,1.50,3.19
2013.07.24 17:25:18.511,0.79099,0.7912,2.25,2.07
2013.07.24 17:25:18.630,0.79101,0.79122,1.50,1.88
2013.07.24 17:25:18.932,0.79102,0.79123,2.25,1.50
2013.07.24 17:25:19.050,0.79103,0.79125,1.50,2.82
2013.07.24 17:25:19.170,0.79106,0.79125,1.50,1.32
2013.07.24 17:25:19.590,0.79103,0.79125,1.50,1.88
2013.07.24 17:25:20.144,0.79102,0.79123,1.50,1.50
2013.07.24 17:25:21.981,0.79103,0.79124,1.50,1.50
2013.07.24 17:25:22.161,0.79104,0.79124,1.50,1.50
2013.07.24 17:25:22.611,0.7911,0.79129,1.50,1.69
2013.07.24 17:25:22.688,0.79111,0.79131,1.50,1.32
2013.07.24 17:25:22.761,0.79111,0.79132,1.50,1.69
2013.07.24 17:25:24.382,0.79109,0.79131,2.25,1.50
2013.07.24 17:25:24.862,0.79107,0.79129,1.69,1.50
2013.07.24 17:25:25.101,0.79108,0.79131,3.00,1.50
2013.07.24 17:25:25.645,0.7911,0.79132,1.50,2.44
2013.07.24 17:25:27.460,0.7911,0.79119,1.50,1.50
2013.07.24 17:25:27.523,0.79108,0.79119,1.13,1.50
2013.07.24 17:25:27.592,0.79108,0.79119,2.82,1.13
2013.07.24 17:25:27.714,0.79106,0.79119,1.69,1.50
2013.07.24 17:25:27.841,0.79105,0.79119,1.50,1.50
2013.07.24 17:25:27.901,0.79106,0.79123,1.13,1.13
2013.07.24 17:25:27.962,0.79108,0.79123,1.13,1.13
2013.07.24 17:25:28.032,0.79108,0.79127,1.88,1.50
2013.07.24 17:25:28.091,0.79113,0.79131,2.25,2.25
2013.07.24 17:25:28.151,0.79115,0.79135,1.50,2.07
2013.07.24 17:25:28.331,0.79116,0.79135,3.00,1.32
2013.07.24 17:25:28.389,0.79116,0.79139,3.00,2.07
2013.07.24 17:25:28.571,0.79116,0.79138,1.50,1.69
2013.07.24 17:25:29.309,0.79116,0.79138,1.50,1.69
2013.07.24 17:25:30.940,0.79116,0.79138,1.50,1.69
2013.07.24 17:25:31.419,0.79115,0.79136,1.50,1.13
2013.07.24 17:25:31.961,0.79116,0.79137,1.50,2.07
2013.07.24 17:25:32.471,0.79117,0.79138,1.50,1.69
2013.07.24 17:25:32.829,0.79118,0.79139,1.50,2.07
2013.07.24 17:25:32.890,0.7912,0.79141,1.50,2.44
2013.07.24 17:25:33.606,0.79119,0.7914,1.50,1.69
2013.07.24 17:25:34.180,0.7912,0.79141,1.50,1.69
2013.07.24 17:25:34.300,0.7912,0.79142,1.69,1.88
2013.07.24 17:25:34.872,0.79121,0.79142,1.50,1.13
2013.07.24 17:25:35.411,0.7912,0.79142,1.69,1.88
2013.07.24 17:25:36.103,0.7912,0.79141,1.69,1.50
2013.07.24 17:25:36.290,0.79121,0.7914,2.25,2.82
2013.07.24 17:25:36.590,0.7912,0.7914,1.50,2.82
2013.07.24 17:25:37.119,0.79119,0.7914,1.50,3.57
2013.07.24 17:25:38.530,0.7912,0.79141,1.50,2.44
2013.07.24 17:25:38.856,0.79126,0.79142,1.50,1.32
2013.07.24 17:25:39.410,0.79125,0.79142,1.50,1.32
2013.07.24 17:25:40.042,0.79125,0.79141,1.50,1.69
2013.07.24 17:25:40.401,0.79118,0.79137,1.50,1.88
2013.07.24 17:25:40.644,0.79115,0.79135,1.50,1.13
2013.07.24 17:25:41.240,0.79116,0.79135,1.50,1.13
2013.07.24 17:25:44.661,0.79117,0.79136,2.25,1.32
2013.07.24 17:25:44.781,0.79119,0.79138,1.50,1.69
2013.07.24 17:25:46.999,0.79118,0.79138,1.50,2.29
2013.07.24 17:25:48.004,0.79121,0.79138,3.00,1.54
2013.07.24 17:25:48.610,0.79119,0.79139,3.00,1.92
2013.07.24 17:25:48.669,0.79119,0.79139,1.50,1.92
2013.07.24 17:25:51.151,0.79119,0.79128,1.50,1.35
2013.07.24 17:25:51.211,0.79117,0.79127,1.50,1.13
2013.07.24 17:25:51.331,0.79115,0.79127,1.50,1.13
2013.07.24 17:25:51.521,0.79109,0.79127,1.50,1.50
2013.07.24 17:25:51.642,0.79106,0.79127,1.50,2.44
2013.07.24 17:25:51.772,0.79105,0.79126,1.88,1.69
2013.07.24 17:25:51.961,0.79106,0.79127,1.88,1.69
2013.07.24 17:25:52.320,0.7911,0.7913,1.50,1.88
2013.07.24 17:25:52.561,0.79115,0.79135,1.50,2.44
2013.07.24 17:25:53.099,0.79116,0.79135,1.50,2.44
2013.07.24 17:25:53.945,0.79115,0.79135,1.50,2.44
2013.07.24 17:25:54.082,0.79115,0.79133,1.50,2.29
2013.07.24 17:25:54.392,0.79115,0.79122,1.50,1.35
2013.07.24 17:25:54.824,0.79107,0.79122,1.50,3.42
2013.07.24 17:25:55.380,0.79104,0.79122,1.50,5.10
2013.07.24 17:25:55.504,0.79101,0.79122,1.50,5.67
2013.07.24 17:25:55.692,0.79099,0.79121,1.50,2.07
2013.07.24 17:25:55.820,0.79101,0.79122,1.50,5.67
2013.07.24 17:25:56.311,0.79101,0.79121,1.50,1.50
2013.07.24 17:25:56.849,0.79098,0.7912,3.00,1.88
2013.07.24 17:25:57.000,0.79098,0.79119,1.50,1.69
2013.07.24 17:25:57.351,0.79097,0.79118,2.82,1.50
2013.07.24 17:25:57.592,0.79094,0.79106,1.32,1.36
2013.07.24 17:25:57.770,0.79091,0.79111,1.50,1.50
2013.07.24 17:25:58.310,0.79094,0.79113,1.88,1.32
2013.07.24 17:25:58.850,0.79093,0.79113,1.50,1.32
2013.07.24 17:25:59.452,0.79093,0.79113,1.50,1.32
2013.07.24 17:26:00.008,0.79094,0.79115,1.50,2.82
2013.07.24 17:26:01.522,0.79095,0.79115,3.00,1.69
2013.07.24 17:26:02.789,0.79097,0.79118,1.50,1.13
2013.07.24 17:26:05.860,0.79098,0.79119,1.69,1.69
2013.07.24 17:26:06.949,0.79099,0.7912,1.50,3.00
2013.07.24 17:26:07.450,0.79099,0.79119,1.50,2.63
2013.07.24 17:26:07.689,0.791,0.79119,1.50,1.88
2013.07.24 17:26:08.311,0.79101,0.79119,1.50,1.88
2013.07.24 17:26:08.830,0.79103,0.79121,1.50,1.50
2013.07.24 17:26:09.249,0.79102,0.79121,1.58,1.32
2013.07.24 17:26:13.003,0.79102,0.79121,1.58,1.32
2013.07.24 17:26:13.743,0.79102,0.79122,1.50,2.82
2013.07.24 17:26:16.230,0.79103,0.79122,1.50,4.13
2013.07.24 17:26:16.899,0.79102,0.79122,1.50,4.13
2013.07.24 17:26:19.691,0.79107,0.79122,1.13,2.07
2013.07.24 17:26:20.052,0.79114,0.79128,2.25,1.50
2013.07.24 17:26:20.230,0.79117,0.79137,1.50,2.44
2013.07.24 17:26:20.291,0.79119,0.79138,1.50,1.69
2013.07.24 17:26:20.472,0.79121,0.79142,1.50,1.88
2013.07.24 17:26:20.660,0.79121,0.79143,3.75,1.69
2013.07.24 17:26:21.201,0.79122,0.79143,1.50,2.07
2013.07.24 17:26:21.441,0.7912,0.79141,2.25,1.13
2013.07.24 17:26:21.503,0.7912,0.79142,3.00,1.50
2013.07.24 17:26:22.086,0.79121,0.79142,1.50,1.32
2013.07.24 17:26:22.570,0.79121,0.79142,1.50,1.54
2013.07.24 17:26:22.690,0.79119,0.79141,1.69,1.92
2013.07.24 17:26:23.321,0.79117,0.79138,1.69,1.73
2013.07.24 17:26:24.338,0.79116,0.79138,1.69,1.73
2013.07.24 17:26:25.601,0.79115,0.79137,2.44,1.73
2013.07.24 17:26:25.720,0.79114,0.79135,2.44,1.50
2013.07.24 17:26:25.962,0.79112,0.79134,1.50,1.50
2013.07.24 17:26:26.510,0.79113,0.79135,1.50,1.50
2013.07.24 17:26:28.720,0.79113,0.79135,1.50,1.69
2013.07.24 17:26:29.079,0.79111,0.79132,1.50,1.13
2013.07.24 17:26:29.648,0.7911,0.79132,1.50,2.82
2013.07.24 17:26:30.481,0.7911,0.79132,1.50,2.82
2013.07.24 17:26:31.720,0.79113,0.79132,1.50,1.32
2013.07.24 17:26:34.401,0.79114,0.79134,1.50,1.69
2013.07.24 17:26:34.760,0.79121,0.79137,1.50,1.32
2013.07.24 17:26:34.940,0.79119,0.79137,1.50,1.32
2013.07.24 17:26:35.510,0.79118,0.79137,1.50,1.32
2013.07.24 17:26:36.281,0.79118,0.79137,1.50,1.32
2013.07.24 17:26:39.170,0.79117,0.79137,1.50,2.07
2013.07.24 17:26:40.350,0.79117,0.79137,1.50,2.82
2013.07.24 17:26:41.252,0.79115,0.79137,1.50,3.57
2013.07.24 17:26:45.120,0.79115,0.79137,1.69,2.82
2013.07.24 17:26:48.680,0.79115,0.79133,1.69,1.13
2013.07.24 17:26:48.740,0.79114,0.79133,1.50,1.88
2013.07.24 17:26:49.099,0.79113,0.79135,3.00,2.07
2013.07.24 17:26:49.646,0.79114,0.79136,1.50,1.69
2013.07.24 17:26:50.370,0.79114,0.79135,1.50,1.69
2013.07.24 17:26:53.440,0.79115,0.79135,1.50,1.69
2013.07.24 17:26:54.086,0.79116,0.79137,1.50,2.07
2013.07.24 17:26:56.480,0.79116,0.79138,1.50,2.44
2013.07.24 17:26:56.660,0.79118,0.79139,1.50,1.69
2013.07.24 17:26:57.171,0.79117,0.79138,1.50,1.69
2013.07.24 17:26:57.979,0.79117,0.79139,1.50,1.69
2013.07.24 17:27:00.689,0.79117,0.79138,1.50,1.69
2013.07.24 17:27:00.955,0.79115,0.79137,1.88,2.44
2013.07.24 17:27:01.290,0.79113,0.79134,3.19,1.50
2013.07.24 17:27:01.592,0.79111,0.79132,1.50,1.50
2013.07.24 17:27:01.972,0.7911,0.79127,3.57,1.50
2013.07.24 17:27:02.166,0.7911,0.79127,1.32,1.50
2013.07.24 17:27:02.411,0.79105,0.79124,1.69,1.50
2013.07.24 17:27:02.532,0.79103,0.79124,4.88,1.50
2013.07.24 17:27:02.591,0.79103,0.79122,4.13,1.50
2013.07.24 17:27:02.950,0.79097,0.79117,1.69,2.25
2013.07.24 17:27:03.253,0.79097,0.79117,1.69,2.25
2013.07.24 17:27:05.400,0.79097,0.79118,2.82,1.50
2013.07.24 17:27:06.463,0.791,0.7912,1.69,1.50
2013.07.24 17:27:06.540,0.79102,0.7912,1.77,1.50
2013.07.24 17:27:06.720,0.79104,0.79125,1.69,1.50
2013.07.24 17:27:06.839,0.79104,0.79127,3.19,1.69
2013.07.24 17:27:07.202,0.79106,0.79128,2.44,1.50
2013.07.24 17:27:08.312,0.79106,0.79128,2.44,1.50
2013.07.24 17:27:09.900,0.79106,0.79128,2.44,1.50
2013.07.24 17:27:11.140,0.79106,0.79128,2.44,1.50
2013.07.24 17:27:12.629,0.79106,0.79127,1.69,1.50
2013.07.24 17:27:13.399,0.79106,0.79128,2.44,1.50
2013.07.24 17:27:13.939,0.79106,0.79127,1.69,1.50
2013.07.24 17:27:14.482,0.79106,0.79128,2.44,1.50
2013.07.24 17:27:17.589,0.79107,0.79128,1.69,1.50
2013.07.24 17:27:18.750,0.79107,0.79128,2.07,1.50
2013.07.24 17:27:19.230,0.79109,0.7913,2.44,1.50
2013.07.24 17:27:19.549,0.79113,0.79134,1.50,1.50
2013.07.24 17:27:21.510,0.79111,0.79134,3.19,1.50
2013.07.24 17:27:22.081,0.79111,0.79133,2.44,1.50
2013.07.24 17:27:24.477,0.79111,0.79133,2.44,1.50
2013.07.24 17:27:25.420,0.79113,0.79135,1.69,2.63
2013.07.24 17:27:25.960,0.79113,0.79135,1.69,2.63
2013.07.24 17:27:26.758,0.79113,0.79135,1.69,2.63
2013.07.24 17:27:27.812,0.79113,0.79135,2.44,1.50
2013.07.24 17:27:27.992,0.79114,0.79136,2.82,1.50
2013.07.24 17:27:28.349,0.79116,0.79138,1.69,2.25
2013.07.24 17:27:29.621,0.79116,0.79138,1.50,3.19
2013.07.24 17:27:31.501,0.79115,0.79137,1.69,2.82
2013.07.24 17:27:31.683,0.79114,0.79136,2.07,2.25
2013.07.24 17:27:32.201,0.79113,0.79134,2.07,1.50
2013.07.24 17:27:32.940,0.79114,0.79135,1.32,2.63
2013.07.24 17:27:33.639,0.79113,0.79135,2.82,2.63
2013.07.24 17:27:34.140,0.79113,0.79135,2.82,2.63
2013.07.24 17:27:35.410,0.79113,0.79135,2.82,2.63
2013.07.24 17:27:37.071,0.79114,0.79134,1.32,1.50
2013.07.24 17:27:37.579,0.79113,0.79134,1.13,2.44
2013.07.24 17:27:38.119,0.79115,0.79136,1.13,3.19
2013.07.24 17:27:40.891,0.79115,0.79136,1.13,1.69
2013.07.24 17:27:41.302,0.79117,0.79136,1.50,1.69
2013.07.24 17:27:41.859,0.79117,0.79138,1.50,1.69
2013.07.24 17:27:43.190,0.79117,0.79139,1.88,1.69
2013.07.24 17:27:47.230,0.79118,0.7914,2.25,3.57
2013.07.24 17:27:50.270,0.7912,0.7914,1.50,4.32
2013.07.24 17:27:50.450,0.79126,0.79141,1.50,2.44
2013.07.24 17:27:50.930,0.79125,0.79143,2.25,1.32
2013.07.24 17:27:50.991,0.79126,0.79145,1.50,3.19
2013.07.24 17:27:51.052,0.7913,0.79146,1.50,2.25
2013.07.24 17:27:51.352,0.79129,0.79148,1.50,1.13
2013.07.24 17:27:55.464,0.7913,0.7915,1.50,2.07
2013.07.24 17:27:55.710,0.79132,0.79152,1.50,2.82
2013.07.24 17:27:56.890,0.79134,0.79153,1.50,2.07
2013.07.24 17:27:58.470,0.79134,0.79152,1.50,1.32
2013.07.24 17:28:00.580,0.79134,0.79154,2.25,2.07
2013.07.24 17:28:01.491,0.79134,0.79152,2.25,1.13
2013.07.24 17:28:01.732,0.79134,0.79152,2.25,2.07
2013.07.24 17:28:01.804,0.79134,0.79152,2.25,2.07
2013.07.24 17:28:02.241,0.79134,0.79152,1.50,5.07
2013.07.24 17:28:11.882,0.79134,0.79148,1.50,1.50
2013.07.24 17:28:12.181,0.79129,0.79143,1.50,1.50
2013.07.24 17:28:12.541,0.79124,0.7914,1.50,1.50
2013.07.24 17:28:12.902,0.79123,0.7913,1.50,1.50
2013.07.24 17:28:13.411,0.79116,0.79128,1.50,2.25
2013.07.24 17:28:14.423,0.79114,0.79128,1.50,2.25
2013.07.24 17:28:14.940,0.79114,0.79128,1.50,1.50
2013.07.24 17:28:17.231,0.79114,0.7913,1.50,2.44
2013.07.24 17:28:17.653,0.79114,0.79132,1.50,1.32
2013.07.24 17:28:20.969,0.79114,0.79133,1.50,1.69
2013.07.24 17:28:21.797,0.79114,0.79132,1.50,1.69
2013.07.24 17:28:31.932,0.79115,0.79135,2.25,1.32
2013.07.24 17:28:32.463,0.79115,0.79135,2.25,1.32
2013.07.24 17:28:34.910,0.79114,0.79135,2.25,2.82
2013.07.24 17:28:38.685,0.79114,0.79134,2.25,2.44
2013.07.24 17:28:40.492,0.79114,0.79132,1.50,2.44
2013.07.24 17:28:43.712,0.79114,0.79129,1.50,2.44
2013.07.24 17:28:48.180,0.79114,0.79127,1.50,1.69
2013.07.24 17:28:48.540,0.79109,0.79122,1.50,2.44
2013.07.24 17:28:49.081,0.79109,0.79121,1.50,2.44
2013.07.24 17:28:49.630,0.79109,0.79121,1.50,1.69
2013.07.24 17:28:51.011,0.79109,0.79122,1.50,1.69
2013.07.24 17:28:59.690,0.79109,0.7912,1.50,1.50
2013.07.24 17:29:00.440,0.79109,0.79121,1.50,2.44
2013.07.24 17:29:09.091,0.79109,0.79122,1.50,1.50
2013.07.24 17:29:30.080,0.79109,0.79123,1.50,1.69
2013.07.24 17:29:30.600,0.79109,0.79123,1.50,1.69
2013.07.24 17:29:31.930,0.79109,0.79124,1.50,1.69
2013.07.24 17:29:32.450,0.79109,0.79123,1.50,1.50
2013.07.24 17:29:33.096,0.79109,0.79124,1.50,1.50
2013.07.24 17:29:33.400,0.79109,0.79122,1.50,1.50
2013.07.24 17:29:38.020,0.79109,0.79121,1.50,1.13
2013.07.24 17:29:38.320,0.79104,0.7912,1.50,3.38
2013.07.24 17:29:38.562,0.79104,0.79118,1.50,1.50
2013.07.24 17:29:41.168,0.79104,0.79114,1.50,1.13
2013.07.24 17:29:41.470,0.79104,0.7911,1.50,1.13
2013.07.24 17:29:45.920,0.79104,0.79113,1.50,1.50
2013.07.24 17:29:45.980,0.79104,0.79117,1.50,3.00
2013.07.24 17:29:46.660,0.79104,0.79117,1.50,2.25
2013.07.24 17:29:53.380,0.79104,0.79119,1.50,1.32
2013.07.24 17:29:54.280,0.79105,0.79122,1.50,1.13
2013.07.24 17:29:55.690,0.79104,0.79123,2.25,1.32
2013.07.24 17:29:57.820,0.79105,0.79123,1.50,1.32
2013.07.24 17:29:58.180,0.79119,0.79132,1.50,1.69
2013.07.24 17:29:58.240,0.79119,0.79134,1.50,2.44
2013.07.24 17:30:00.061,0.79119,0.79135,1.50,3.57
2013.07.24 17:30:00.253,0.7912,0.79136,1.50,2.82
2013.07.24 17:30:00.561,0.79129,0.79137,1.50,1.50
2013.07.24 17:30:00.743,0.79129,0.79141,1.50,2.25
2013.07.24 17:30:00.812,0.79129,0.79146,1.50,3.19
2013.07.24 17:30:03.160,0.79129,0.79146,2.63,2.25
2013.07.24 17:30:03.522,0.79134,0.79149,1.50,1.69
2013.07.24 17:30:04.040,0.79134,0.79149,1.50,1.69
2013.07.24 17:30:24.002,0.79129,0.79148,3.57,1.50
2013.07.24 17:30:24.241,0.79128,0.79146,1.69,1.50
2013.07.24 17:30:24.421,0.79124,0.7914,1.50,1.50
2013.07.24 17:30:24.481,0.79124,0.7914,1.50,1.50
2013.07.24 17:30:25.911,0.79124,0.79137,1.50,1.50
2013.07.24 17:30:26.212,0.79124,0.79136,1.50,2.33
2013.07.24 17:30:26.571,0.79119,0.79132,1.50,2.25
2013.07.24 17:30:28.143,0.79119,0.79131,1.50,3.75
2013.07.24 17:30:28.718,0.79119,0.79129,1.50,1.50
2013.07.24 17:30:30.462,0.79119,0.79125,1.50,1.58
2013.07.24 17:30:30.822,0.79108,0.7912,1.50,1.50
2013.07.24 17:30:30.891,0.79109,0.7912,1.50,2.25
2013.07.24 17:30:31.010,0.79109,0.7912,1.50,2.25
2013.07.24 17:30:32.022,0.79109,0.79117,1.50,1.50
2013.07.24 17:30:32.816,0.79094,0.79107,1.50,1.50
2013.07.24 17:30:32.881,0.79094,0.79107,1.50,1.50
2013.07.24 17:30:33.701,0.79094,0.7911,1.50,1.50
2013.07.24 17:30:35.112,0.79094,0.79111,1.50,1.50
2013.07.24 17:30:35.291,0.79095,0.79114,1.50,1.32
2013.07.24 17:30:41.820,0.79095,0.79115,1.50,1.32
2013.07.24 17:30:42.181,0.79099,0.79117,2.25,2.44
2013.07.24 17:30:42.523,0.79099,0.79118,2.25,1.50
2013.07.24 17:30:47.581,0.791,0.79119,2.25,1.69
2013.07.24 17:30:47.700,0.79102,0.79122,1.50,2.07
2013.07.24 17:30:47.762,0.79105,0.79123,1.50,1.69
2013.07.24 17:30:48.120,0.79109,0.79127,1.50,2.82
2013.07.24 17:30:48.312,0.79109,0.79127,1.50,2.07
2013.07.24 17:30:50.270,0.79109,0.7913,3.00,3.94
2013.07.24 17:30:50.751,0.79111,0.79131,1.50,2.44
2013.07.24 17:30:50.930,0.79114,0.79133,3.00,1.92
2013.07.24 17:30:51.491,0.79115,0.79135,2.25,1.69
2013.07.24 17:30:52.010,0.79114,0.79134,3.00,1.69
2013.07.24 17:30:54.860,0.79115,0.79135,1.50,2.82
2013.07.24 17:30:56.800,0.79115,0.79134,1.50,1.69
2013.07.24 17:31:03.794,0.79114,0.79131,1.50,1.50
2013.07.24 17:31:06.181,0.79114,0.79134,3.00,2.44
2013.07.24 17:31:06.300,0.79114,0.79134,3.00,1.50
2013.07.24 17:31:06.600,0.79115,0.79136,2.25,1.69
2013.07.24 17:31:08.190,0.79115,0.79136,1.50,1.69
2013.07.24 17:31:12.722,0.79115,0.79136,2.25,2.63
2013.07.24 17:31:16.143,0.79115,0.79134,1.50,1.69
2013.07.24 17:31:17.303,0.79114,0.79134,3.00,1.69
2013.07.24 17:31:17.611,0.79114,0.79129,1.50,1.50
2013.07.24 17:31:25.204,0.79109,0.79128,1.50,1.50
2013.07.24 17:31:25.272,0.79109,0.79126,1.50,2.25
2013.07.24 17:31:25.783,0.79109,0.79125,1.50,2.25
2013.07.24 17:31:26.083,0.79104,0.7912,1.50,2.25
2013.07.24 17:31:26.980,0.79099,0.79117,1.50,2.25
2013.07.24 17:31:27.292,0.79099,0.79114,1.50,1.50
2013.07.24 17:31:27.352,0.79099,0.79114,1.50,2.25
2013.07.24 17:31:27.864,0.79099,0.79112,1.50,1.50
2013.07.24 17:31:28.411,0.79099,0.79113,1.50,1.50
2013.07.24 17:31:28.531,0.79099,0.79115,1.50,1.50
2013.07.24 17:31:29.042,0.79099,0.79114,1.50,1.50
2013.07.24 17:31:29.550,0.79099,0.79113,1.50,1.50
2013.07.24 17:31:29.771,0.79099,0.79115,1.50,2.25
2013.07.24 17:31:30.011,0.79101,0.79115,1.50,1.50
2013.07.24 17:31:30.132,0.79104,0.79122,1.50,1.69
2013.07.24 17:31:30.889,0.79105,0.79125,1.50,1.69
2013.07.24 17:31:31.629,0.79104,0.79125,3.00,1.69
2013.07.24 17:31:32.822,0.79104,0.79124,2.25,1.69
2013.07.24 17:31:34.880,0.79105,0.79126,2.25,1.69
2013.07.24 17:31:35.000,0.79109,0.79127,1.50,2.07
2013.07.24 17:31:35.064,0.79109,0.79129,2.25,2.07
2013.07.24 17:31:36.041,0.79109,0.79129,1.50,5.07
2013.07.24 17:31:36.222,0.79109,0.79126,1.50,1.50
2013.07.24 17:31:36.581,0.79109,0.79118,1.50,1.50
2013.07.24 17:31:37.121,0.79109,0.79118,1.50,1.50
2013.07.24 17:31:37.183,0.79109,0.7912,1.50,1.50
2013.07.24 17:31:38.121,0.79109,0.79121,1.50,1.50
2013.07.24 17:31:40.091,0.79109,0.7912,1.50,2.25
2013.07.24 17:31:44.693,0.79104,0.79119,1.50,1.50
2013.07.24 17:31:44.768,0.79099,0.79114,2.25,1.50
2013.07.24 17:31:44.953,0.79099,0.79114,1.50,1.50
2013.07.24 17:31:45.142,0.79095,0.79112,1.50,1.50
2013.07.24 17:31:45.261,0.79095,0.7911,1.50,1.50
2013.07.24 17:31:45.880,0.79094,0.79108,1.50,2.25
2013.07.24 17:31:46.062,0.79089,0.79106,1.50,1.50
2013.07.24 17:31:46.242,0.7909,0.79106,1.50,1.50
2013.07.24 17:31:46.663,0.79094,0.79105,1.50,1.50
2013.07.24 17:31:47.388,0.79094,0.79104,1.50,1.50
2013.07.24 17:31:47.752,0.79094,0.79106,1.50,1.50
2013.07.24 17:31:49.283,0.79094,0.79105,1.50,1.50
2013.07.24 17:31:50.921,0.79094,0.79106,1.50,1.50
2013.07.24 17:31:54.171,0.79094,0.79108,1.50,1.13
2013.07.24 17:31:55.473,0.79094,0.79109,1.50,1.50
2013.07.24 17:31:57.320,0.79094,0.79108,1.50,1.50
2013.07.24 17:31:57.502,0.79089,0.79108,1.50,1.50
2013.07.24 17:31:57.681,0.79089,0.79106,1.50,1.50
2013.07.24 17:31:57.861,0.79089,0.79108,1.50,1.50
2013.07.24 17:31:58.410,0.79089,0.79107,1.50,1.50
2013.07.24 17:32:00.443,0.79089,0.79107,1.50,3.75
2013.07.24 17:32:00.752,0.79085,0.791,1.50,1.50
2013.07.24 17:32:00.811,0.79084,0.791,1.50,1.50
2013.07.24 17:32:01.171,0.79084,0.79098,1.50,1.50
2013.07.24 17:32:01.710,0.79084,0.79099,1.50,1.50
2013.07.24 17:32:03.700,0.79084,0.79099,1.50,1.50
2013.07.24 17:32:04.000,0.79079,0.79096,1.50,1.50
2013.07.24 17:32:05.721,0.79075,0.79096,1.50,1.50
2013.07.24 17:32:06.022,0.79074,0.79094,2.25,1.50
2013.07.24 17:32:06.411,0.79074,0.79091,1.50,3.00
2013.07.24 17:32:11.013,0.79074,0.79089,1.50,1.50
2013.07.24 17:32:12.362,0.79074,0.79088,1.50,2.25
2013.07.24 17:32:12.723,0.79074,0.79087,1.50,1.50
2013.07.24 17:32:13.032,0.79074,0.79084,1.50,1.50
2013.07.24 17:32:13.451,0.79074,0.79086,1.50,1.50
2013.07.24 17:32:14.092,0.79074,0.79087,1.50,1.50
2013.07.24 17:32:17.573,0.79074,0.79088,1.50,1.69
2013.07.24 17:32:17.701,0.79074,0.79087,1.50,1.50
2013.07.24 17:32:17.822,0.79074,0.79091,1.50,1.69
