2013.07.10 18:00:01.036,0.77995,0.78083,2.03,1.95
2013.07.10 18:00:02.375,0.78001,0.78083,1.50,1.95
2013.07.10 18:00:02.435,0.7801,0.78083,1.28,1.95
2013.07.10 18:00:04.395,0.7801,0.78081,1.28,2.55
2013.07.10 18:00:05.220,0.78009,0.78061,1.65,3.00
2013.07.10 18:00:05.304,0.7801,0.78061,1.28,1.58
2013.07.10 18:00:05.458,0.7801,0.7806,1.28,1.50
2013.07.10 18:00:05.817,0.77984,0.78031,1.50,1.50
2013.07.10 18:00:05.938,0.77981,0.78033,2.25,1.95
2013.07.10 18:00:06.117,0.77981,0.78031,2.25,2.33
2013.07.10 18:00:06.357,0.77981,0.78038,2.25,1.50
2013.07.10 18:00:06.478,0.77985,0.78043,1.50,2.40
2013.07.10 18:00:06.540,0.77985,0.78026,1.50,1.50
2013.07.10 18:00:06.666,0.77982,0.78021,1.50,1.58
2013.07.10 18:00:06.726,0.77982,0.78021,1.50,1.50
2013.07.10 18:00:06.906,0.77981,0.78021,2.25,1.80
2013.07.10 18:00:06.967,0.77981,0.78001,2.25,2.25
2013.07.10 18:00:07.457,0.77949,0.77991,2.40,1.50
2013.07.10 18:00:07.635,0.77932,0.77988,2.25,2.63
2013.07.10 18:00:07.696,0.77929,0.77988,1.58,2.63
2013.07.10 18:00:07.755,0.77929,0.77985,1.58,1.50
2013.07.10 18:00:08.056,0.77913,0.7796,1.50,1.13
2013.07.10 18:00:08.476,0.77909,0.77966,1.95,1.20
2013.07.10 18:00:08.536,0.77909,0.77966,2.03,1.13
2013.07.10 18:00:08.657,0.77909,0.7797,2.03,1.13
2013.07.10 18:00:08.896,0.77931,0.77973,1.67,1.88
2013.07.10 18:00:09.197,0.77959,0.77989,1.58,1.13
2013.07.10 18:00:09.557,0.77987,0.78003,3.00,1.50
2013.07.10 18:00:09.615,0.77991,0.78004,2.48,2.55
2013.07.10 18:00:09.736,0.77991,0.78004,2.25,1.80
2013.07.10 18:00:09.856,0.77995,0.78024,1.58,2.78
2013.07.10 18:00:10.156,0.77999,0.78019,1.50,1.73
2013.07.10 18:00:10.215,0.77999,0.78045,1.50,1.13
2013.07.10 18:00:10.276,0.77999,0.78054,1.50,1.50
2013.07.10 18:00:10.636,0.78029,0.78061,1.50,1.13
2013.07.10 18:00:10.819,0.7803,0.78065,1.50,1.50
2013.07.10 18:00:10.887,0.78032,0.78065,1.50,1.50
2013.07.10 18:00:11.248,0.78041,0.78071,1.13,1.50
2013.07.10 18:00:11.367,0.78041,0.78085,1.13,1.80
2013.07.10 18:00:11.426,0.78041,0.78086,1.13,1.13
2013.07.10 18:00:11.666,0.78049,0.78089,1.58,1.50
2013.07.10 18:00:12.971,0.78039,0.78086,1.58,1.20
2013.07.10 18:00:13.607,0.78039,0.78079,1.58,1.13
2013.07.10 18:00:14.628,0.78039,0.78079,1.58,1.13
2013.07.10 18:00:14.946,0.78035,0.78077,1.58,1.13
2013.07.10 18:00:15.065,0.78033,0.78071,1.13,2.33
2013.07.10 18:00:15.187,0.78032,0.78071,1.13,2.33
2013.07.10 18:00:15.247,0.78023,0.78051,1.58,2.25
2013.07.10 18:00:15.366,0.78022,0.78051,2.25,3.08
2013.07.10 18:00:15.486,0.78022,0.7805,2.25,1.58
2013.07.10 18:00:15.607,0.78022,0.78043,2.25,1.50
2013.07.10 18:00:15.668,0.78019,0.78033,2.25,1.50
2013.07.10 18:00:15.739,0.78019,0.78032,3.00,1.50
2013.07.10 18:00:15.868,0.78003,0.78031,2.09,2.25
2013.07.10 18:00:15.927,0.78002,0.78031,1.50,4.50
2013.07.10 18:00:15.987,0.78002,0.78021,1.50,1.50
2013.07.10 18:00:16.107,0.78002,0.78026,1.50,1.50
2013.07.10 18:00:16.528,0.78002,0.78013,1.50,1.50
2013.07.10 18:00:16.660,0.77982,0.78001,1.50,2.63
2013.07.10 18:00:16.787,0.77968,0.78005,1.88,1.35
2013.07.10 18:00:16.968,0.77949,0.78001,1.50,1.73
2013.07.10 18:00:17.028,0.77944,0.77999,1.50,1.13
2013.07.10 18:00:17.097,0.77943,0.77999,1.50,1.13
2013.07.10 18:00:17.276,0.77943,0.78001,1.13,1.73
2013.07.10 18:00:17.396,0.77943,0.77991,1.13,2.02
2013.07.10 18:00:17.757,0.77939,0.77985,1.58,1.13
2013.07.10 18:00:17.816,0.77939,0.7799,1.58,1.88
2013.07.10 18:00:18.319,0.77953,0.77991,1.58,2.25
2013.07.10 18:00:19.003,0.77969,0.78007,1.50,1.50
2013.07.10 18:00:19.069,0.77969,0.78011,1.58,1.80
2013.07.10 18:00:19.738,0.77969,0.78009,1.58,1.50
2013.07.10 18:00:20.097,0.7798,0.78012,1.11,1.13
2013.07.10 18:00:20.158,0.77989,0.78018,1.58,6.00
2013.07.10 18:00:20.289,0.77989,0.78018,1.58,4.50
2013.07.10 18:00:20.998,0.7798,0.78011,1.50,1.58
2013.07.10 18:00:21.319,0.77971,0.77996,1.50,1.50
2013.07.10 18:00:21.627,0.7796,0.77975,1.50,1.50
2013.07.10 18:00:21.685,0.77953,0.77971,1.13,1.50
2013.07.10 18:00:21.747,0.77949,0.77971,2.25,2.25
2013.07.10 18:00:21.806,0.77945,0.77971,1.13,1.50
2013.07.10 18:00:21.868,0.77934,0.77977,3.20,1.50
2013.07.10 18:00:22.167,0.77929,0.77977,1.58,1.50
2013.07.10 18:00:22.286,0.77921,0.77971,1.13,1.50
2013.07.10 18:00:22.466,0.77917,0.77971,1.50,1.50
2013.07.10 18:00:22.586,0.77917,0.77966,1.50,1.58
2013.07.10 18:00:22.646,0.77916,0.77961,1.88,2.33
2013.07.10 18:00:22.765,0.77909,0.77961,2.40,2.33
2013.07.10 18:00:22.826,0.77909,0.77961,1.65,2.33
2013.07.10 18:00:23.366,0.77909,0.77962,1.65,2.33
2013.07.10 18:00:23.484,0.77911,0.77959,1.50,1.13
2013.07.10 18:00:23.607,0.77909,0.77961,3.02,1.20
2013.07.10 18:00:23.666,0.77909,0.77962,1.65,2.33
2013.07.10 18:00:23.726,0.77914,0.77961,1.88,1.95
2013.07.10 18:00:24.027,0.77919,0.77959,1.58,1.13
2013.07.10 18:00:24.328,0.77919,0.77961,1.58,1.20
2013.07.10 18:00:24.448,0.77919,0.77959,1.58,1.13
2013.07.10 18:00:24.987,0.77929,0.77963,1.50,1.28
2013.07.10 18:00:25.852,0.77929,0.77963,1.50,1.13
2013.07.10 18:00:25.919,0.77925,0.77968,2.33,1.13
2013.07.10 18:00:26.048,0.77939,0.77971,1.50,1.13
2013.07.10 18:00:26.229,0.77951,0.77981,2.25,1.88
2013.07.10 18:00:26.657,0.77959,0.77999,1.50,1.88
2013.07.10 18:00:26.717,0.77959,0.77999,1.50,1.13
2013.07.10 18:00:27.320,0.77961,0.78001,2.25,2.40
2013.07.10 18:00:27.389,0.77959,0.78001,2.33,1.13
2013.07.10 18:00:27.458,0.77959,0.7801,2.33,1.13
2013.07.10 18:00:27.518,0.77961,0.78016,1.50,2.63
2013.07.10 18:00:27.637,0.77969,0.78016,1.13,2.63
2013.07.10 18:00:27.698,0.77969,0.78016,1.13,1.88
2013.07.10 18:00:27.759,0.77969,0.78016,1.13,1.95
2013.07.10 18:00:27.817,0.77959,0.78013,1.65,1.95
2013.07.10 18:00:28.914,0.77959,0.78011,1.65,2.14
2013.07.10 18:00:31.706,0.77959,0.78011,1.58,2.89
2013.07.10 18:00:32.488,0.7796,0.78011,1.95,1.77
2013.07.10 18:00:32.929,0.7796,0.78011,2.17,1.02
2013.07.10 18:00:33.239,0.77969,0.78009,1.58,1.13
2013.07.10 18:00:33.737,0.77971,0.78011,1.50,1.58
2013.07.10 18:00:34.097,0.77989,0.7803,1.58,1.13
2013.07.10 18:00:34.278,0.77995,0.78031,1.58,1.13
2013.07.10 18:00:34.637,0.77999,0.78039,1.58,1.13
2013.07.10 18:00:34.757,0.77999,0.78041,1.58,1.20
2013.07.10 18:00:34.817,0.77999,0.78035,1.58,1.20
2013.07.10 18:00:35.240,0.77993,0.78029,1.58,1.13
2013.07.10 18:00:35.307,0.77992,0.78029,1.50,1.13
2013.07.10 18:00:36.206,0.78004,0.78031,1.50,1.58
2013.07.10 18:00:36.447,0.78001,0.78035,1.13,1.13
2013.07.10 18:00:36.567,0.78001,0.78038,1.13,1.13
2013.07.10 18:00:37.116,0.78001,0.78041,1.13,2.33
2013.07.10 18:00:37.296,0.78001,0.78039,1.13,1.20
2013.07.10 18:00:37.357,0.77993,0.78031,1.50,3.08
2013.07.10 18:00:38.063,0.77991,0.78031,1.50,3.08
2013.07.10 18:00:38.568,0.77991,0.78031,1.50,2.33
2013.07.10 18:00:39.318,0.77991,0.78031,1.50,2.33
2013.07.10 18:00:39.839,0.77991,0.78031,1.50,2.33
2013.07.10 18:00:39.909,0.77991,0.78029,2.44,1.69
2013.07.10 18:00:41.039,0.77991,0.78029,1.69,3.19
2013.07.10 18:00:45.088,0.77991,0.78034,1.69,2.44
2013.07.10 18:00:45.149,0.77991,0.78037,3.19,2.07
2013.07.10 18:00:45.567,0.77992,0.78035,2.07,2.44
2013.07.10 18:00:45.926,0.77992,0.78035,1.69,2.44
2013.07.10 18:00:46.227,0.77993,0.78031,3.19,2.33
2013.07.10 18:00:46.407,0.77992,0.78029,1.69,1.69
2013.07.10 18:00:49.807,0.78001,0.78031,1.13,2.52
2013.07.10 18:00:49.987,0.78009,0.78043,1.58,1.32
2013.07.10 18:00:50.227,0.78005,0.78041,1.02,1.32
2013.07.10 18:00:50.347,0.78002,0.78039,3.19,1.32
2013.07.10 18:00:53.827,0.78004,0.78041,1.69,1.77
2013.07.10 18:00:54.009,0.78011,0.78049,1.69,1.69
2013.07.10 18:00:54.827,0.7801,0.78049,1.02,1.69
2013.07.10 18:00:54.948,0.78011,0.78049,1.69,2.44
2013.07.10 18:00:55.007,0.78011,0.78047,1.69,1.02
2013.07.10 18:00:55.068,0.78007,0.78047,1.69,1.77
2013.07.10 18:00:55.188,0.78007,0.78041,1.69,1.02
2013.07.10 18:00:55.247,0.78007,0.78041,1.69,2.52
2013.07.10 18:00:55.370,0.78007,0.78041,1.69,1.02
2013.07.10 18:00:55.438,0.78007,0.78041,1.69,4.02
2013.07.10 18:00:55.797,0.77995,0.7802,2.44,1.20
2013.07.10 18:00:56.157,0.77992,0.78009,1.69,1.58
2013.07.10 18:00:56.278,0.77972,0.78001,1.50,2.40
2013.07.10 18:00:56.577,0.77964,0.78001,1.32,2.40
2013.07.10 18:00:57.008,0.77962,0.78001,1.69,2.40
2013.07.10 18:00:57.128,0.77957,0.77993,2.82,1.58
2013.07.10 18:00:57.188,0.77955,0.77991,1.32,1.58
2013.07.10 18:00:57.427,0.7795,0.77985,1.32,1.13
2013.07.10 18:00:57.729,0.77946,0.77981,1.32,1.58
2013.07.10 18:00:58.562,0.77941,0.77979,2.44,1.69
2013.07.10 18:00:59.236,0.77944,0.77981,1.69,3.27
2013.07.10 18:00:59.430,0.77947,0.77987,1.02,1.69
2013.07.10 18:00:59.499,0.77955,0.77988,2.20,2.44
2013.07.10 18:00:59.628,0.77969,0.77995,1.58,2.44
2013.07.10 18:00:59.689,0.77969,0.77997,1.58,3.19
2013.07.10 18:00:59.878,0.77969,0.78002,1.50,1.69
2013.07.10 18:01:00.058,0.77969,0.78009,1.58,3.94
2013.07.10 18:01:00.659,0.77981,0.78009,1.13,2.44
2013.07.10 18:01:00.897,0.77984,0.78013,1.50,2.44
2013.07.10 18:01:01.017,0.77983,0.78019,1.50,1.69
2013.07.10 18:01:01.327,0.77989,0.78021,1.58,3.27
2013.07.10 18:01:01.507,0.77989,0.78021,1.58,1.02
2013.07.10 18:01:01.627,0.77989,0.78024,1.58,1.02
2013.07.10 18:01:01.746,0.77983,0.78021,1.50,1.58
2013.07.10 18:01:02.247,0.77983,0.78021,1.69,1.58
2013.07.10 18:01:02.308,0.77983,0.78021,3.19,1.77
2013.07.10 18:01:02.666,0.77987,0.78022,1.32,1.02
2013.07.10 18:01:02.906,0.77988,0.78022,1.02,1.69
2013.07.10 18:01:03.026,0.77985,0.78021,1.69,2.52
2013.07.10 18:01:03.506,0.77982,0.78021,1.69,3.27
2013.07.10 18:01:04.258,0.77983,0.78021,2.07,1.77
2013.07.10 18:01:04.617,0.77999,0.7803,1.58,1.69
2013.07.10 18:01:05.099,0.77999,0.78038,1.58,2.82
2013.07.10 18:01:05.217,0.77997,0.78033,1.58,1.13
2013.07.10 18:01:05.276,0.77995,0.78033,2.44,1.20
2013.07.10 18:01:05.397,0.77995,0.78031,1.69,1.58
2013.07.10 18:01:05.576,0.77991,0.78029,1.69,1.69
2013.07.10 18:01:06.268,0.7799,0.78029,1.69,2.44
2013.07.10 18:01:06.388,0.77991,0.78029,1.69,2.44
2013.07.10 18:01:06.448,0.77991,0.78027,1.58,2.44
2013.07.10 18:01:06.749,0.77994,0.7803,1.50,1.69
2013.07.10 18:01:07.297,0.77992,0.78032,1.02,2.44
2013.07.10 18:01:08.137,0.78001,0.78039,1.50,2.44
2013.07.10 18:01:08.238,0.78011,0.78046,2.44,3.57
2013.07.10 18:01:09.017,0.78011,0.78046,1.50,1.32
2013.07.10 18:01:09.558,0.7801,0.78047,2.33,2.82
2013.07.10 18:01:09.678,0.78011,0.78047,1.50,2.82
2013.07.10 18:01:09.978,0.78012,0.78049,1.69,2.44
2013.07.10 18:01:10.594,0.78022,0.78049,1.50,2.44
2013.07.10 18:01:10.778,0.78023,0.78049,1.50,2.44
2013.07.10 18:01:10.978,0.78023,0.78053,1.50,2.44
2013.07.10 18:01:11.691,0.78021,0.78053,1.20,2.44
2013.07.10 18:01:11.820,0.7802,0.78055,2.52,2.44
2013.07.10 18:01:11.946,0.78021,0.78055,1.69,2.44
2013.07.10 18:01:12.007,0.78021,0.7806,2.44,2.44
2013.07.10 18:01:12.068,0.78026,0.7806,1.50,2.44
2013.07.10 18:01:12.129,0.78026,0.78062,1.58,2.44
2013.07.10 18:01:12.187,0.78029,0.78062,1.58,2.44
2013.07.10 18:01:12.307,0.7803,0.78066,1.02,2.44
2013.07.10 18:01:12.489,0.78029,0.78066,1.77,2.44
2013.07.10 18:01:12.556,0.7803,0.78066,1.02,2.44
2013.07.10 18:01:12.857,0.78032,0.78066,1.69,2.44
2013.07.10 18:01:13.217,0.78041,0.78069,1.50,2.44
2013.07.10 18:01:13.337,0.7804,0.78082,1.50,2.44
2013.07.10 18:01:13.516,0.78042,0.78081,2.44,2.44
2013.07.10 18:01:13.818,0.78037,0.78071,2.44,2.52
2013.07.10 18:01:14.056,0.78032,0.78071,1.69,2.52
2013.07.10 18:01:14.657,0.78038,0.78071,1.50,1.02
2013.07.10 18:01:15.018,0.78049,0.78074,1.58,2.44
2013.07.10 18:01:15.078,0.78049,0.78077,1.58,2.44
2013.07.10 18:01:15.196,0.78049,0.78077,1.58,1.69
2013.07.10 18:01:15.437,0.78049,0.78081,1.58,1.02
2013.07.10 18:01:15.618,0.78049,0.78085,1.58,1.02
2013.07.10 18:01:15.680,0.78051,0.78087,1.50,1.69
2013.07.10 18:01:15.807,0.78053,0.78086,1.02,1.69
2013.07.10 18:01:16.108,0.78059,0.78087,1.58,2.44
2013.07.10 18:01:16.287,0.7806,0.78093,1.95,2.44
2013.07.10 18:01:16.408,0.78063,0.78097,1.50,1.69
2013.07.10 18:01:16.527,0.78063,0.781,1.50,2.07
2013.07.10 18:01:16.647,0.78066,0.78101,1.58,1.77
2013.07.10 18:01:17.518,0.78064,0.78101,2.63,3.27
2013.07.10 18:01:17.596,0.7807,0.78101,1.13,2.33
2013.07.10 18:01:19.758,0.7807,0.78093,2.07,1.88
2013.07.10 18:01:20.117,0.78067,0.78089,2.44,1.13
2013.07.10 18:01:20.298,0.78053,0.78082,1.50,2.33
2013.07.10 18:01:20.356,0.78048,0.78082,1.69,2.33
2013.07.10 18:01:20.536,0.78041,0.78071,1.69,1.58
2013.07.10 18:01:21.018,0.78038,0.7807,2.44,1.69
2013.07.10 18:01:21.936,0.78034,0.78068,3.19,2.44
2013.07.10 18:01:23.849,0.78036,0.78068,2.44,2.44
2013.07.10 18:01:24.780,0.78042,0.78071,1.32,1.77
2013.07.10 18:01:24.850,0.78044,0.78071,1.02,1.69
2013.07.10 18:01:24.981,0.78049,0.78077,1.58,1.69
2013.07.10 18:01:25.047,0.78049,0.78082,1.58,2.44
2013.07.10 18:01:25.167,0.78052,0.78082,1.74,2.44
2013.07.10 18:01:25.288,0.78063,0.78086,1.50,3.19
2013.07.10 18:01:25.347,0.78069,0.78086,1.50,1.69
2013.07.10 18:01:25.471,0.78069,0.78092,1.58,1.50
2013.07.10 18:01:25.538,0.78069,0.78096,1.58,1.69
2013.07.10 18:01:25.730,0.78069,0.78106,1.58,1.32
2013.07.10 18:01:26.039,0.78073,0.78106,1.50,1.32
2013.07.10 18:01:26.167,0.78079,0.78107,1.58,1.32
2013.07.10 18:01:26.227,0.7808,0.78107,1.13,1.32
2013.07.10 18:01:27.098,0.78089,0.78109,1.50,2.44
2013.07.10 18:01:27.180,0.78089,0.78129,1.58,3.57
2013.07.10 18:01:27.705,0.78091,0.78129,1.50,3.19
2013.07.10 18:01:28.128,0.78092,0.78128,1.58,2.44
2013.07.10 18:01:28.487,0.781,0.78128,1.58,2.44
2013.07.10 18:01:28.548,0.78104,0.78131,1.13,2.67
2013.07.10 18:01:28.667,0.78104,0.78133,1.13,1.17
2013.07.10 18:01:28.907,0.78105,0.78136,1.58,2.44
2013.07.10 18:01:29.150,0.78118,0.78153,1.13,1.69
2013.07.10 18:01:29.218,0.78118,0.78156,1.88,1.69
2013.07.10 18:01:29.519,0.78119,0.78151,1.50,2.33
2013.07.10 18:01:30.180,0.78119,0.78151,1.69,2.33
2013.07.10 18:01:30.368,0.78123,0.78156,1.69,1.69
2013.07.10 18:01:30.491,0.78124,0.78161,2.25,3.79
2013.07.10 18:01:31.798,0.78126,0.78161,1.50,1.92
2013.07.10 18:01:32.759,0.78129,0.78163,1.50,2.44
2013.07.10 18:01:33.272,0.7813,0.78163,1.50,2.44
2013.07.10 18:01:33.401,0.7813,0.78165,2.33,2.07
2013.07.10 18:01:33.910,0.78132,0.78167,1.50,2.44
2013.07.10 18:01:34.397,0.78131,0.78164,1.69,3.19
2013.07.10 18:01:34.699,0.78139,0.78164,1.58,2.44
2013.07.10 18:01:34.819,0.78142,0.78171,1.50,1.32
2013.07.10 18:01:34.947,0.78142,0.78176,2.25,1.32
2013.07.10 18:01:35.730,0.78153,0.78186,1.50,1.32
2013.07.10 18:01:36.144,0.78154,0.78186,1.50,1.32
2013.07.10 18:01:38.167,0.78158,0.78188,3.00,2.44
2013.07.10 18:01:41.087,0.78163,0.78192,1.32,3.00
2013.07.10 18:01:41.209,0.78161,0.78192,3.57,3.19
2013.07.10 18:01:41.269,0.78164,0.78192,1.50,3.19
2013.07.10 18:01:41.579,0.7817,0.7819,1.32,1.50
2013.07.10 18:01:42.557,0.78168,0.7819,1.32,1.50
2013.07.10 18:01:43.512,0.7817,0.78192,1.13,1.69
2013.07.10 18:01:43.871,0.78198,0.78221,1.50,2.33
2013.07.10 18:01:44.119,0.78198,0.7822,2.25,1.88
2013.07.10 18:01:44.308,0.78199,0.7822,2.25,1.88
2013.07.10 18:01:44.370,0.78201,0.78225,1.50,1.69
2013.07.10 18:01:44.439,0.78203,0.78229,1.50,1.69
2013.07.10 18:01:44.558,0.78206,0.78231,1.50,3.20
2013.07.10 18:01:44.798,0.78208,0.78231,1.50,2.45
2013.07.10 18:01:45.122,0.7821,0.78231,1.50,3.20
2013.07.10 18:01:45.430,0.78219,0.78231,2.33,3.20
2013.07.10 18:01:45.679,0.78218,0.78231,1.95,3.20
2013.07.10 18:01:45.812,0.78219,0.7824,1.69,2.33
2013.07.10 18:01:46.058,0.78218,0.7824,2.07,1.50
2013.07.10 18:01:46.967,0.78216,0.78242,3.94,1.50
2013.07.10 18:01:47.146,0.78216,0.78242,2.44,1.69
2013.07.10 18:01:47.207,0.78216,0.7824,2.44,1.50
2013.07.10 18:01:47.509,0.7822,0.7824,1.09,1.50
2013.07.10 18:01:48.059,0.78223,0.7824,1.69,1.50
2013.07.10 18:01:48.118,0.78223,0.78242,1.69,1.50
2013.07.10 18:01:48.239,0.78223,0.7825,2.44,1.69
2013.07.10 18:01:48.299,0.78224,0.78255,2.25,1.69
2013.07.10 18:01:49.190,0.78224,0.7825,3.19,1.69
2013.07.10 18:01:50.157,0.78224,0.7825,3.19,1.69
2013.07.10 18:01:50.477,0.78233,0.78253,1.69,2.70
2013.07.10 18:01:50.657,0.78233,0.7826,1.69,2.44
2013.07.10 18:01:50.909,0.78232,0.78261,2.07,2.44
2013.07.10 18:01:51.149,0.78232,0.78261,2.07,1.69
2013.07.10 18:01:52.047,0.78232,0.78261,1.32,3.19
2013.07.10 18:01:52.708,0.78239,0.78261,2.25,1.69
2013.07.10 18:01:52.829,0.78239,0.78263,3.08,1.69
2013.07.10 18:01:53.378,0.78241,0.78265,1.50,2.44
2013.07.10 18:01:53.808,0.78241,0.78265,2.25,2.44
2013.07.10 18:01:54.405,0.78241,0.78265,2.25,2.44
2013.07.10 18:01:55.279,0.78238,0.78265,1.58,1.69
2013.07.10 18:01:55.470,0.78243,0.78269,2.25,2.25
2013.07.10 18:01:55.779,0.78249,0.78271,1.65,1.50
2013.07.10 18:01:55.837,0.78249,0.78272,1.65,1.13
2013.07.10 18:01:55.907,0.78247,0.78271,1.65,3.00
2013.07.10 18:01:56.088,0.7825,0.78274,1.65,2.44
2013.07.10 18:01:56.210,0.78251,0.78273,1.50,1.50
2013.07.10 18:01:56.517,0.78251,0.78273,2.25,1.50
2013.07.10 18:01:57.341,0.78261,0.7828,1.50,2.44
2013.07.10 18:01:58.139,0.78263,0.7828,1.13,2.44
2013.07.10 18:01:58.447,0.78269,0.7828,1.58,2.25
2013.07.10 18:01:58.568,0.78269,0.78281,1.58,1.69
2013.07.10 18:01:58.747,0.78267,0.78282,1.50,1.69
2013.07.10 18:01:58.868,0.78262,0.78283,2.25,1.69
2013.07.10 18:01:58.989,0.78269,0.78283,1.50,1.69
2013.07.10 18:01:59.299,0.78271,0.78289,3.00,1.50
2013.07.10 18:01:59.538,0.7828,0.78307,2.25,3.19
2013.07.10 18:01:59.657,0.7828,0.78307,2.25,3.19
2013.07.10 18:01:59.837,0.78285,0.78314,2.25,2.44
2013.07.10 18:02:00.198,0.78285,0.78317,2.25,1.58
2013.07.10 18:02:00.257,0.78285,0.78305,2.25,1.65
2013.07.10 18:02:00.558,0.78285,0.78296,2.25,1.50
2013.07.10 18:02:01.060,0.78283,0.78291,1.50,1.50
2013.07.10 18:02:01.481,0.78283,0.78296,1.50,2.44
2013.07.10 18:02:01.549,0.78281,0.78296,1.88,2.44
2013.07.10 18:02:01.679,0.78283,0.78308,1.50,1.32
2013.07.10 18:02:01.808,0.78289,0.78312,1.50,1.69
2013.07.10 18:02:02.110,0.78281,0.78311,1.88,1.69
2013.07.10 18:02:02.181,0.78286,0.78313,1.69,1.69
2013.07.10 18:02:02.488,0.78293,0.78309,1.50,1.69
2013.07.10 18:02:02.908,0.78283,0.78309,1.69,1.69
2013.07.10 18:02:03.027,0.78281,0.78308,1.32,1.69
2013.07.10 18:02:03.928,0.78286,0.78315,2.44,1.69
2013.07.10 18:02:04.417,0.78282,0.78313,1.50,1.69
2013.07.10 18:02:05.173,0.78282,0.78315,1.50,2.44
2013.07.10 18:02:05.269,0.78273,0.78301,1.13,1.80
2013.07.10 18:02:05.331,0.7827,0.78291,1.50,1.58
2013.07.10 18:02:05.401,0.7826,0.78291,2.44,1.58
2013.07.10 18:02:05.529,0.78263,0.78289,2.07,1.20
2013.07.10 18:02:06.108,0.78263,0.78283,1.88,1.28
2013.07.10 18:02:06.227,0.78249,0.78281,1.69,1.13
2013.07.10 18:02:06.287,0.78248,0.78275,1.50,1.50
2013.07.10 18:02:06.348,0.78236,0.78271,1.69,1.58
2013.07.10 18:02:06.408,0.78243,0.78271,1.50,1.58
2013.07.10 18:02:06.587,0.78243,0.78278,1.50,2.44
2013.07.10 18:02:06.707,0.78243,0.7828,2.44,3.19
2013.07.10 18:02:07.190,0.78245,0.7828,1.69,3.19
2013.07.10 18:02:07.319,0.78248,0.78281,1.69,2.52
2013.07.10 18:02:09.237,0.78252,0.78281,1.50,1.77
2013.07.10 18:02:11.870,0.78252,0.78282,1.69,1.02
2013.07.10 18:02:11.996,0.78252,0.78278,1.69,1.58
2013.07.10 18:02:12.180,0.78254,0.78271,1.69,1.50
2013.07.10 18:02:12.310,0.78254,0.78281,1.69,1.02
2013.07.10 18:02:12.379,0.78254,0.78281,1.69,1.02
2013.07.10 18:02:13.198,0.78254,0.78281,1.69,1.77
2013.07.10 18:02:14.073,0.78263,0.78292,1.13,1.50
2013.07.10 18:02:14.151,0.78271,0.78306,1.50,2.44
2013.07.10 18:02:15.262,0.78273,0.78308,1.50,2.44
2013.07.10 18:02:16.319,0.78279,0.78312,2.33,2.44
2013.07.10 18:02:16.629,0.78282,0.7831,1.69,2.44
2013.07.10 18:02:16.691,0.78282,0.7831,1.69,2.44
2013.07.10 18:02:16.757,0.78286,0.78315,2.44,2.44
2013.07.10 18:02:17.057,0.78282,0.78311,1.69,2.44
2013.07.10 18:02:17.562,0.78284,0.78314,3.19,1.50
2013.07.10 18:02:19.960,0.78285,0.78312,1.69,1.50
2013.07.10 18:02:21.029,0.78285,0.78312,1.69,2.44
2013.07.10 18:02:23.070,0.78279,0.78301,2.44,1.58
2013.07.10 18:02:23.378,0.7828,0.78308,1.69,2.44
2013.07.10 18:02:23.618,0.7828,0.78308,1.69,2.44
2013.07.10 18:02:23.977,0.7828,0.78301,1.69,1.58
2013.07.10 18:02:24.817,0.78278,0.78303,1.69,1.58
2013.07.10 18:02:25.177,0.78278,0.78308,1.69,2.44
2013.07.10 18:02:25.238,0.78283,0.78311,1.69,3.42
2013.07.10 18:02:26.047,0.78283,0.78301,1.69,1.58
2013.07.10 18:02:26.227,0.78276,0.78301,1.50,1.58
2013.07.10 18:02:26.348,0.78276,0.78301,1.50,1.58
2013.07.10 18:02:27.368,0.78281,0.78309,1.69,3.19
2013.07.10 18:02:28.918,0.78283,0.78309,1.69,1.69
2013.07.10 18:02:29.897,0.78283,0.7831,1.69,1.69
2013.07.10 18:02:30.657,0.78285,0.78311,2.07,2.25
2013.07.10 18:02:30.777,0.78285,0.78312,2.07,1.50
2013.07.10 18:02:31.079,0.78287,0.78317,2.44,1.50
2013.07.10 18:02:32.456,0.78293,0.7832,1.69,1.50
2013.07.10 18:02:32.517,0.78296,0.7832,1.02,1.50
2013.07.10 18:02:32.697,0.783,0.78326,1.02,1.50
2013.07.10 18:02:33.897,0.78297,0.78326,1.69,2.44
2013.07.10 18:02:34.208,0.78294,0.78321,1.69,2.44
2013.07.10 18:02:34.509,0.78288,0.78316,1.69,2.44
2013.07.10 18:02:34.758,0.78284,0.78312,1.69,1.50
2013.07.10 18:02:35.058,0.78278,0.78309,1.69,1.50
2013.07.10 18:02:35.427,0.78275,0.78309,2.44,3.19
2013.07.10 18:02:36.488,0.78272,0.78307,1.69,2.44
2013.07.10 18:02:37.207,0.78276,0.7831,2.44,3.19
2013.07.10 18:02:37.746,0.78279,0.7831,2.52,2.44
2013.07.10 18:02:38.228,0.78273,0.78306,1.69,1.69
2013.07.10 18:02:38.530,0.78266,0.78291,1.50,1.77
2013.07.10 18:02:38.598,0.7826,0.78291,2.44,1.99
2013.07.10 18:02:38.659,0.7826,0.78288,2.44,1.50
2013.07.10 18:02:38.846,0.78262,0.78288,1.69,1.50
2013.07.10 18:02:39.413,0.7826,0.78289,2.44,1.69
2013.07.10 18:02:40.197,0.78262,0.78291,1.69,3.49
2013.07.10 18:02:40.498,0.78263,0.78297,3.19,2.44
2013.07.10 18:02:41.562,0.7826,0.78291,1.69,2.52
2013.07.10 18:02:41.687,0.7826,0.78289,1.69,1.69
2013.07.10 18:02:42.718,0.78261,0.78291,2.44,2.44
2013.07.10 18:02:43.259,0.78262,0.78296,1.69,2.44
2013.07.10 18:02:44.256,0.7826,0.78294,3.34,1.69
2013.07.10 18:02:44.797,0.78261,0.78291,2.44,2.52
2013.07.10 18:02:45.769,0.7826,0.7829,2.44,1.69
2013.07.10 18:02:47.307,0.78258,0.78289,1.69,1.69
2013.07.10 18:02:47.940,0.78256,0.78287,2.44,1.32
2013.07.10 18:02:48.010,0.78254,0.78283,2.44,1.69
2013.07.10 18:02:48.081,0.78259,0.78283,1.58,2.44
2013.07.10 18:02:48.747,0.78255,0.78283,2.44,1.69
2013.07.10 18:02:49.756,0.78257,0.78282,1.69,1.69
2013.07.10 18:02:50.891,0.78257,0.78282,1.39,1.69
2013.07.10 18:02:50.971,0.78253,0.78279,2.44,1.69
2013.07.10 18:02:51.348,0.78253,0.78271,1.69,1.58
2013.07.10 18:02:51.418,0.78248,0.7827,1.50,1.69
2013.07.10 18:02:51.657,0.78245,0.7827,1.69,1.69
2013.07.10 18:02:51.717,0.78242,0.78268,3.00,2.25
2013.07.10 18:02:51.777,0.78241,0.78256,1.50,1.58
2013.07.10 18:02:51.898,0.78234,0.78255,3.19,1.58
2013.07.10 18:02:52.017,0.7823,0.78255,1.50,1.58
2013.07.10 18:02:52.319,0.78231,0.78254,1.50,2.07
2013.07.10 18:02:52.498,0.78239,0.7826,1.58,1.13
2013.07.10 18:02:52.617,0.7824,0.78267,1.65,1.69
2013.07.10 18:02:52.739,0.78242,0.78275,1.50,2.44
2013.07.10 18:02:53.098,0.78269,0.78285,1.50,2.44
2013.07.10 18:02:53.457,0.78275,0.78295,5.26,2.44
2013.07.10 18:02:53.517,0.78287,0.78298,1.50,1.50
2013.07.10 18:02:53.578,0.78291,0.78312,1.50,2.25
2013.07.10 18:02:53.639,0.78293,0.78312,1.50,2.25
2013.07.10 18:02:54.309,0.78294,0.78312,2.25,2.03
2013.07.10 18:02:54.637,0.78294,0.78322,2.25,1.54
2013.07.10 18:02:54.757,0.78294,0.78324,2.25,1.54
2013.07.10 18:02:55.117,0.78293,0.78322,1.50,1.54
2013.07.10 18:02:55.177,0.78291,0.78322,2.44,1.54
2013.07.10 18:02:55.600,0.7829,0.78319,2.44,1.69
2013.07.10 18:02:55.907,0.78275,0.78306,1.50,1.58
2013.07.10 18:02:56.208,0.78273,0.78285,1.80,1.50
2013.07.10 18:02:56.329,0.78273,0.78287,1.80,1.69
2013.07.10 18:02:56.448,0.78263,0.7829,2.97,2.44
2013.07.10 18:02:56.629,0.78263,0.78295,4.47,2.44
2013.07.10 18:02:56.822,0.78267,0.78297,1.69,2.44
2013.07.10 18:02:57.006,0.78264,0.78297,2.44,2.44
2013.07.10 18:02:57.547,0.78269,0.78297,2.52,2.44
2013.07.10 18:02:57.966,0.78269,0.783,3.27,2.44
2013.07.10 18:02:58.677,0.78271,0.783,1.69,2.44
2013.07.10 18:02:58.918,0.78272,0.78304,1.69,1.69
2013.07.10 18:02:59.708,0.7828,0.78314,1.58,2.07
2013.07.10 18:03:00.538,0.7828,0.78316,1.58,2.44
2013.07.10 18:03:00.976,0.78279,0.78316,1.58,2.44
2013.07.10 18:03:01.517,0.78276,0.7831,2.44,1.50
2013.07.10 18:03:01.578,0.78275,0.78309,2.44,1.69
2013.07.10 18:03:03.276,0.78275,0.78306,3.19,1.32
2013.07.10 18:03:03.398,0.78273,0.78305,1.69,1.02
2013.07.10 18:03:03.696,0.7827,0.78301,2.44,2.33
2013.07.10 18:03:03.998,0.78267,0.78301,2.44,2.52
2013.07.10 18:03:04.557,0.78269,0.78301,2.59,1.02
2013.07.10 18:03:04.799,0.7827,0.78301,3.57,3.27
2013.07.10 18:03:05.156,0.78279,0.78301,1.50,2.52
2013.07.10 18:03:05.218,0.78279,0.78309,2.25,1.02
2013.07.10 18:03:05.396,0.78279,0.7831,2.40,1.32
2013.07.10 18:03:05.517,0.78279,0.78313,2.40,1.77
2013.07.10 18:03:05.636,0.78276,0.78309,2.44,1.58
2013.07.10 18:03:05.697,0.78272,0.78301,4.69,1.77
2013.07.10 18:03:05.758,0.78272,0.78301,3.19,2.60
2013.07.10 18:03:06.717,0.78272,0.78299,2.44,1.50
2013.07.10 18:03:06.777,0.78272,0.78303,2.44,1.02
2013.07.10 18:03:06.837,0.78267,0.78301,2.44,1.02
2013.07.10 18:03:07.138,0.7827,0.78301,1.09,1.69
2013.07.10 18:03:07.260,0.78272,0.78301,1.69,1.69
2013.07.10 18:03:07.809,0.78273,0.78307,1.69,2.44
2013.07.10 18:03:08.891,0.7827,0.78303,1.84,2.44
2013.07.10 18:03:09.018,0.78269,0.78301,3.19,2.52
2013.07.10 18:03:09.557,0.78265,0.78299,2.44,3.19
2013.07.10 18:03:10.098,0.78269,0.78299,1.02,3.19
2013.07.10 18:03:10.578,0.78266,0.78297,2.44,2.44
2013.07.10 18:03:11.551,0.78272,0.78297,1.13,2.44
2013.07.10 18:03:11.679,0.78279,0.78305,1.58,1.35
2013.07.10 18:03:11.797,0.78279,0.78303,1.73,1.35
2013.07.10 18:03:12.099,0.78281,0.78301,1.69,1.35
2013.07.10 18:03:12.399,0.78281,0.78308,1.69,1.35
2013.07.10 18:03:12.468,0.78281,0.78303,1.69,1.35
2013.07.10 18:03:12.708,0.78283,0.78302,2.44,1.20
2013.07.10 18:03:12.827,0.78275,0.78302,2.44,1.20
2013.07.10 18:03:13.067,0.78278,0.78302,1.69,1.20
2013.07.10 18:03:13.128,0.78281,0.78302,1.50,1.20
2013.07.10 18:03:13.188,0.78281,0.78302,1.50,1.20
2013.07.10 18:03:13.247,0.7828,0.78302,1.09,1.20
2013.07.10 18:03:13.667,0.78281,0.783,1.50,1.20
2013.07.10 18:03:13.968,0.78281,0.78301,1.69,1.20
2013.07.10 18:03:15.448,0.7829,0.78315,1.50,2.44
2013.07.10 18:03:15.517,0.7829,0.78316,1.50,2.44
2013.07.10 18:03:15.637,0.78286,0.78317,1.69,1.69
2013.07.10 18:03:15.698,0.7829,0.78318,2.25,1.69
2013.07.10 18:03:16.237,0.78291,0.78318,1.60,3.19
2013.07.10 18:03:16.479,0.78289,0.78318,2.35,3.19
2013.07.10 18:03:16.667,0.78287,0.78309,2.44,1.07
2013.07.10 18:03:17.619,0.78286,0.78301,2.44,1.28
2013.07.10 18:03:18.878,0.78286,0.78298,2.44,1.28
2013.07.10 18:03:18.938,0.78286,0.78307,3.19,1.28
2013.07.10 18:03:19.178,0.78286,0.7831,2.44,1.20
2013.07.10 18:03:19.247,0.78286,0.7831,2.44,1.20
2013.07.10 18:03:19.487,0.78289,0.78316,2.44,2.25
2013.07.10 18:03:19.606,0.78289,0.7832,2.44,1.69
2013.07.10 18:03:19.787,0.78289,0.78316,2.44,1.50
2013.07.10 18:03:20.089,0.78291,0.7832,1.69,1.69
2013.07.10 18:03:20.578,0.78294,0.78311,1.50,1.20
2013.07.10 18:03:21.168,0.78294,0.78303,2.25,1.50
2013.07.10 18:03:21.287,0.7828,0.78299,2.74,1.35
2013.07.10 18:03:21.357,0.78281,0.78298,1.69,1.35
2013.07.10 18:03:21.900,0.7828,0.783,1.69,2.03
2013.07.10 18:03:22.029,0.78279,0.783,1.50,2.03
2013.07.10 18:03:22.100,0.78271,0.783,1.32,2.78
2013.07.10 18:03:22.227,0.78275,0.78298,1.69,1.09
2013.07.10 18:03:23.129,0.78275,0.78298,1.69,1.92
2013.07.10 18:03:23.439,0.78284,0.78305,1.50,1.28
2013.07.10 18:03:23.818,0.78283,0.78298,1.50,1.28
2013.07.10 18:03:23.878,0.7828,0.78301,3.19,1.50
2013.07.10 18:03:24.000,0.78275,0.78301,1.69,1.50
2013.07.10 18:03:24.071,0.78275,0.78296,1.69,1.20
2013.07.10 18:03:24.198,0.78273,0.78291,1.69,2.03
2013.07.10 18:03:24.319,0.78271,0.78287,2.44,1.13
2013.07.10 18:03:24.378,0.78269,0.78287,1.50,1.13
2013.07.10 18:03:24.828,0.7826,0.78285,2.44,1.50
2013.07.10 18:03:25.238,0.78256,0.78285,3.19,1.50
2013.07.10 18:03:25.795,0.78256,0.78285,1.69,3.00
2013.07.10 18:03:26.559,0.78259,0.78286,3.19,2.44
2013.07.10 18:03:27.890,0.78264,0.7829,1.69,1.69
2013.07.10 18:03:27.959,0.78265,0.78291,1.69,1.69
2013.07.10 18:03:28.198,0.78266,0.78295,1.69,3.94
2013.07.10 18:03:28.558,0.78264,0.78283,2.44,1.50
2013.07.10 18:03:28.618,0.78264,0.78284,2.44,1.50
2013.07.10 18:03:28.737,0.78264,0.78288,2.44,3.00
2013.07.10 18:03:28.919,0.78269,0.78289,1.65,1.35
2013.07.10 18:03:29.277,0.78271,0.783,3.19,1.69
2013.07.10 18:03:29.698,0.78274,0.78302,1.50,2.44
2013.07.10 18:03:30.357,0.78275,0.78302,1.50,2.44
2013.07.10 18:03:30.418,0.78275,0.78305,1.50,3.19
2013.07.10 18:03:30.948,0.78279,0.78305,2.25,2.44
2013.07.10 18:03:31.550,0.78279,0.78297,2.25,1.13
2013.07.10 18:03:31.740,0.78272,0.78299,1.69,1.58
2013.07.10 18:03:31.810,0.78272,0.78299,1.69,1.50
2013.07.10 18:03:31.939,0.7827,0.783,2.52,4.69
2013.07.10 18:03:31.997,0.7827,0.78299,2.44,1.02
2013.07.10 18:03:32.548,0.7827,0.78291,2.44,1.58
2013.07.10 18:03:33.358,0.7827,0.78294,1.58,2.44
2013.07.10 18:03:33.841,0.7827,0.78294,1.50,2.44
2013.07.10 18:03:34.028,0.78275,0.78299,1.50,3.19
2013.07.10 18:03:35.173,0.78275,0.78293,1.50,1.50
2013.07.10 18:03:35.480,0.78291,0.78307,1.50,1.50
2013.07.10 18:03:35.789,0.783,0.78307,1.50,1.50
2013.07.10 18:03:36.031,0.78295,0.78321,3.00,1.50
2013.07.10 18:03:36.159,0.78295,0.78321,3.00,1.50
2013.07.10 18:03:36.459,0.78297,0.78325,1.50,2.44
2013.07.10 18:03:36.517,0.78295,0.78325,3.00,2.44
2013.07.10 18:03:36.700,0.78294,0.78323,2.44,1.69
2013.07.10 18:03:38.230,0.78293,0.7832,1.69,1.69
2013.07.10 18:03:38.418,0.78289,0.78318,1.50,1.50
2013.07.10 18:03:38.537,0.78285,0.78311,2.44,2.25
2013.07.10 18:03:38.839,0.78285,0.78315,1.69,1.69
2013.07.10 18:03:39.838,0.78285,0.78302,1.69,1.50
2013.07.10 18:03:39.897,0.78283,0.78301,1.69,1.28
2013.07.10 18:03:39.959,0.7828,0.78301,1.50,1.88
2013.07.10 18:03:40.209,0.78274,0.78298,1.69,1.20
2013.07.10 18:03:40.270,0.78272,0.78298,3.19,1.20
2013.07.10 18:03:40.400,0.78272,0.78298,3.19,1.13
2013.07.10 18:03:40.469,0.78272,0.78295,3.19,1.50
2013.07.10 18:03:40.590,0.78272,0.78295,1.50,1.69
2013.07.10 18:03:40.844,0.78274,0.78298,1.50,2.44
2013.07.10 18:03:40.908,0.78274,0.783,1.69,1.69
2013.07.10 18:03:40.970,0.78274,0.78299,1.69,1.69
2013.07.10 18:03:41.338,0.78275,0.78301,1.50,2.52
2013.07.10 18:03:42.303,0.78275,0.78299,1.50,1.69
2013.07.10 18:03:42.429,0.78273,0.78298,1.69,1.69
2013.07.10 18:03:42.548,0.78271,0.78296,2.44,1.77
2013.07.10 18:03:42.728,0.78265,0.78291,1.69,1.58
2013.07.10 18:03:42.848,0.7826,0.78291,3.19,2.33
2013.07.10 18:03:43.674,0.7826,0.78289,3.19,2.44
2013.07.10 18:03:44.207,0.7826,0.78287,3.19,1.69
2013.07.10 18:03:44.547,0.7826,0.78283,3.19,1.20
2013.07.10 18:03:45.030,0.78261,0.78289,1.32,2.44
2013.07.10 18:03:45.158,0.78262,0.78289,1.54,2.44
2013.07.10 18:03:45.278,0.78266,0.7829,1.17,1.69
2013.07.10 18:03:45.399,0.78269,0.7829,1.73,1.69
2013.07.10 18:03:45.458,0.78271,0.78292,1.50,1.50
2013.07.10 18:03:45.519,0.78271,0.78295,2.10,1.69
2013.07.10 18:03:45.700,0.78272,0.78296,1.50,1.69
2013.07.10 18:03:45.769,0.78274,0.78299,1.50,1.69
2013.07.10 18:03:46.205,0.78279,0.78299,1.50,1.39
2013.07.10 18:03:46.566,0.78279,0.78305,4.58,2.10
2013.07.10 18:03:47.108,0.78279,0.78304,3.83,1.54
2013.07.10 18:03:47.707,0.78279,0.78303,1.58,1.69
2013.07.10 18:03:47.947,0.78274,0.78299,3.00,1.35
2013.07.10 18:03:48.307,0.78274,0.78298,3.19,1.35
2013.07.10 18:03:48.547,0.78269,0.78297,4.17,1.47
2013.07.10 18:03:48.607,0.78269,0.78296,3.23,2.44
2013.07.10 18:03:48.908,0.78264,0.7829,3.19,1.54
2013.07.10 18:03:49.573,0.78264,0.78281,1.69,1.28
2013.07.10 18:03:50.767,0.78262,0.7828,2.25,1.20
2013.07.10 18:03:51.319,0.78262,0.78281,2.25,1.20
2013.07.10 18:03:51.497,0.78262,0.78282,1.50,1.28
2013.07.10 18:03:53.008,0.7826,0.7828,1.77,1.35
2013.07.10 18:03:53.140,0.7826,0.78285,3.27,1.54
2013.07.10 18:03:53.209,0.7826,0.78289,3.12,2.82
2013.07.10 18:03:53.269,0.7826,0.78285,3.12,1.69
2013.07.10 18:03:53.389,0.7826,0.78288,3.12,1.69
2013.07.10 18:03:53.691,0.78264,0.7829,2.25,2.44
2013.07.10 18:03:53.758,0.78271,0.7829,1.88,1.69
2013.07.10 18:03:54.060,0.78271,0.78291,3.23,1.69
2013.07.10 18:03:54.188,0.78271,0.78294,1.73,1.69
2013.07.10 18:03:54.428,0.78271,0.78295,3.23,1.69
2013.07.10 18:03:54.670,0.78275,0.78302,1.50,1.20
2013.07.10 18:03:54.736,0.78279,0.78301,2.44,1.20
2013.07.10 18:03:55.039,0.78278,0.78298,2.44,1.35
2013.07.10 18:03:55.577,0.7828,0.78299,1.69,1.35
2013.07.10 18:03:55.757,0.7828,0.78311,1.69,2.52
2013.07.10 18:03:55.997,0.78284,0.78311,1.50,1.02
2013.07.10 18:03:56.356,0.7828,0.78304,1.69,1.50
2013.07.10 18:03:56.657,0.78272,0.78298,1.54,2.25
2013.07.10 18:03:56.958,0.78271,0.78292,1.50,1.50
2013.07.10 18:03:57.020,0.7827,0.78292,1.58,2.25
2013.07.10 18:03:57.149,0.78269,0.78292,1.50,2.25
2013.07.10 18:03:57.270,0.78263,0.78288,1.39,1.50
2013.07.10 18:03:57.399,0.78263,0.78287,1.39,1.50
2013.07.10 18:03:57.710,0.7826,0.78274,1.58,1.50
2013.07.10 18:03:58.250,0.7826,0.78275,1.58,1.50
2013.07.10 18:03:58.742,0.78258,0.78275,1.69,1.50
2013.07.10 18:03:59.708,0.78256,0.78274,1.69,1.50
2013.07.10 18:03:59.950,0.78251,0.78264,2.44,1.50
2013.07.10 18:04:00.258,0.78249,0.78264,1.69,1.50
2013.07.10 18:04:02.017,0.78249,0.78263,1.69,1.50
2013.07.10 18:04:02.140,0.78249,0.78263,1.69,1.58
2013.07.10 18:04:02.689,0.78242,0.7826,1.05,1.58
2013.07.10 18:04:02.992,0.78235,0.78249,1.50,1.50
2013.07.10 18:04:03.121,0.78235,0.78249,1.50,1.50
2013.07.10 18:04:03.253,0.78235,0.78249,1.50,1.50
2013.07.10 18:04:03.603,0.78225,0.7824,3.87,1.50
2013.07.10 18:04:03.670,0.78225,0.7824,1.69,1.50
2013.07.10 18:04:03.742,0.78223,0.78233,1.69,1.50
2013.07.10 18:04:03.939,0.78221,0.7823,1.88,1.50
2013.07.10 18:04:04.129,0.78221,0.78233,1.88,1.50
2013.07.10 18:04:04.199,0.78221,0.78242,2.63,3.19
2013.07.10 18:04:04.268,0.78221,0.78249,2.63,2.44
2013.07.10 18:04:04.451,0.78224,0.78249,1.50,2.44
2013.07.10 18:04:04.997,0.78224,0.78249,3.00,2.44
2013.07.10 18:04:05.177,0.78224,0.78253,3.19,1.69
2013.07.10 18:04:05.477,0.78224,0.7825,2.44,1.69
2013.07.10 18:04:08.240,0.78224,0.7825,1.69,3.19
2013.07.10 18:04:11.220,0.78224,0.7825,1.69,3.19
2013.07.10 18:04:11.769,0.78225,0.7825,1.50,2.44
2013.07.10 18:04:12.128,0.78229,0.7825,1.50,3.19
2013.07.10 18:04:12.248,0.78225,0.7825,2.25,2.44
2013.07.10 18:04:12.308,0.78225,0.7825,1.50,2.44
2013.07.10 18:04:12.369,0.78225,0.78254,1.69,3.19
2013.07.10 18:04:12.691,0.78227,0.78255,2.44,3.94
2013.07.10 18:04:13.079,0.78231,0.78255,1.50,3.94
2013.07.10 18:04:13.258,0.7823,0.78258,1.77,3.94
2013.07.10 18:04:13.559,0.78237,0.78259,1.50,2.44
2013.07.10 18:04:13.629,0.78236,0.78259,1.50,2.44
2013.07.10 18:04:13.750,0.78232,0.78256,1.50,1.69
2013.07.10 18:04:14.310,0.78226,0.78256,2.44,1.50
2013.07.10 18:04:14.629,0.78226,0.78255,3.19,1.50
2013.07.10 18:04:14.757,0.78224,0.78251,1.69,1.50
2013.07.10 18:04:14.997,0.78222,0.7825,2.44,1.69
2013.07.10 18:04:15.478,0.78218,0.78247,1.02,1.69
2013.07.10 18:04:15.718,0.78216,0.78246,1.02,1.69
2013.07.10 18:04:16.078,0.78214,0.78245,1.69,3.19
2013.07.10 18:04:16.387,0.78209,0.78241,1.69,3.19
2013.07.10 18:04:16.688,0.78209,0.7824,1.50,1.69
2013.07.10 18:04:17.410,0.78199,0.78231,1.50,1.69
2013.07.10 18:04:17.479,0.78199,0.78231,1.50,2.44
2013.07.10 18:04:17.659,0.78201,0.78231,1.88,1.69
2013.07.10 18:04:18.518,0.78208,0.78231,1.68,1.69
2013.07.10 18:04:18.595,0.78204,0.78235,1.50,1.69
2013.07.10 18:04:18.729,0.78199,0.7823,1.69,1.69
2013.07.10 18:04:18.788,0.78199,0.78231,1.50,1.69
2013.07.10 18:04:18.969,0.78199,0.78231,1.50,2.44
2013.07.10 18:04:19.278,0.78199,0.78226,1.50,1.50
2013.07.10 18:04:19.459,0.78194,0.78225,1.50,1.50
2013.07.10 18:04:19.638,0.7819,0.7822,1.50,2.25
2013.07.10 18:04:19.700,0.78184,0.78216,1.50,1.50
2013.07.10 18:04:20.007,0.78189,0.78216,1.50,1.50
2013.07.10 18:04:20.308,0.78189,0.78217,1.50,2.44
2013.07.10 18:04:20.487,0.78185,0.78215,1.50,3.75
2013.07.10 18:04:20.669,0.78184,0.78214,1.50,1.50
2013.07.10 18:04:21.751,0.78189,0.78218,1.50,1.32
2013.07.10 18:04:22.178,0.78187,0.78219,1.69,1.69
2013.07.10 18:04:22.479,0.78185,0.78216,3.19,2.44
2013.07.10 18:04:22.848,0.78195,0.78219,1.50,3.19
2013.07.10 18:04:23.149,0.78209,0.7822,1.50,1.09
2013.07.10 18:04:24.839,0.7821,0.78225,1.50,3.94
2013.07.10 18:04:26.899,0.78209,0.78225,1.50,3.94
2013.07.10 18:04:27.279,0.78198,0.78221,1.69,1.50
2013.07.10 18:04:27.518,0.78197,0.78219,1.50,2.44
2013.07.10 18:04:27.700,0.78182,0.78211,1.69,2.25
2013.07.10 18:04:28.190,0.78178,0.7821,1.69,2.40
2013.07.10 18:04:28.320,0.78175,0.78206,1.69,1.50
2013.07.10 18:04:28.387,0.78175,0.782,1.69,2.25
2013.07.10 18:04:28.508,0.78168,0.78195,2.44,1.50
2013.07.10 18:04:28.629,0.78168,0.78195,2.44,1.50
2013.07.10 18:04:28.749,0.78163,0.78191,3.19,2.25
2013.07.10 18:04:29.289,0.78164,0.78191,2.44,2.25
2013.07.10 18:04:29.651,0.78161,0.7819,2.25,1.69
2013.07.10 18:04:30.679,0.78153,0.78181,1.65,1.69
2013.07.10 18:04:31.159,0.78159,0.78184,3.45,1.69
2013.07.10 18:04:31.220,0.78163,0.7819,1.13,1.69
2013.07.10 18:04:31.290,0.78163,0.7819,1.20,1.69
2013.07.10 18:04:31.359,0.78163,0.78191,1.20,2.82
2013.07.10 18:04:31.420,0.78164,0.78189,1.58,1.69
2013.07.10 18:04:31.491,0.78164,0.7819,1.58,1.69
2013.07.10 18:04:31.869,0.78166,0.78191,1.58,1.69
2013.07.10 18:04:32.469,0.78166,0.78195,3.08,2.82
2013.07.10 18:04:32.649,0.78166,0.78195,3.83,2.82
2013.07.10 18:04:32.768,0.78168,0.78195,3.08,1.69
2013.07.10 18:04:32.948,0.78168,0.78195,2.25,1.69
2013.07.10 18:04:33.069,0.78164,0.78191,2.44,2.44
2013.07.10 18:04:33.390,0.7816,0.7819,3.27,1.69
2013.07.10 18:04:33.762,0.7816,0.7819,3.27,1.69
2013.07.10 18:04:34.652,0.78159,0.78188,1.50,1.32
2013.07.10 18:04:34.721,0.78149,0.78176,1.50,1.50
2013.07.10 18:04:35.029,0.78145,0.78176,1.13,1.50
2013.07.10 18:04:35.088,0.78145,0.78175,1.13,1.69
2013.07.10 18:04:35.808,0.78144,0.78174,1.50,1.32
2013.07.10 18:04:36.109,0.78144,0.7817,1.50,1.32
2013.07.10 18:04:36.408,0.78139,0.78163,2.25,1.32
2013.07.10 18:04:36.717,0.78129,0.78161,1.50,1.69
2013.07.10 18:04:37.260,0.78129,0.7816,1.50,1.32
2013.07.10 18:04:37.330,0.78129,0.78159,1.50,1.32
2013.07.10 18:04:37.711,0.78129,0.7816,1.50,1.69
2013.07.10 18:04:38.019,0.78135,0.78162,1.58,2.44
2013.07.10 18:04:38.258,0.78139,0.78163,3.08,1.32
2013.07.10 18:04:39.220,0.78139,0.78168,3.83,2.44
2013.07.10 18:04:40.679,0.78139,0.78166,2.25,2.44
2013.07.10 18:04:40.801,0.78135,0.78163,1.69,1.09
2013.07.10 18:04:40.990,0.78124,0.78151,2.44,2.25
2013.07.10 18:04:41.178,0.7812,0.78151,1.77,2.25
2013.07.10 18:04:42.599,0.78125,0.78151,1.13,2.25
2013.07.10 18:04:43.400,0.78125,0.78151,2.70,1.69
2013.07.10 18:04:44.631,0.78131,0.78155,1.50,2.44
2013.07.10 18:04:44.938,0.7814,0.78155,1.58,1.50
2013.07.10 18:04:44.999,0.7814,0.78161,1.58,1.32
2013.07.10 18:04:45.179,0.78139,0.78164,3.08,2.07
2013.07.10 18:04:47.199,0.78142,0.78164,1.50,2.07
2013.07.10 18:04:47.509,0.78148,0.78166,1.58,1.32
2013.07.10 18:04:47.638,0.78149,0.78168,1.58,1.69
2013.07.10 18:04:47.698,0.78149,0.78168,2.33,1.50
2013.07.10 18:04:47.999,0.7816,0.78176,2.63,1.50
2013.07.10 18:04:48.361,0.78169,0.78187,1.69,3.08
2013.07.10 18:04:48.727,0.78174,0.78187,1.50,2.18
2013.07.10 18:04:49.028,0.78174,0.78187,1.50,2.18
2013.07.10 18:04:49.088,0.78174,0.78188,2.33,2.18
2013.07.10 18:04:49.329,0.78178,0.78194,1.58,1.88
2013.07.10 18:04:49.401,0.78178,0.78189,1.58,1.80
2013.07.10 18:04:49.541,0.7818,0.78192,1.02,1.43
2013.07.10 18:04:49.668,0.7818,0.78205,1.02,1.77
2013.07.10 18:04:50.010,0.7818,0.78205,2.04,2.44
2013.07.10 18:04:50.139,0.78187,0.78205,1.58,1.69
2013.07.10 18:04:50.272,0.78194,0.78212,1.73,1.92
2013.07.10 18:04:50.340,0.78194,0.78215,1.73,2.63
2013.07.10 18:04:50.410,0.78194,0.78213,1.50,1.69
2013.07.10 18:04:51.913,0.78189,0.78215,1.50,2.82
2013.07.10 18:04:52.346,0.78187,0.78215,1.58,2.82
2013.07.10 18:04:52.740,0.78189,0.78215,1.50,2.82
2013.07.10 18:04:53.060,0.78194,0.78215,1.65,1.69
2013.07.10 18:04:53.372,0.78203,0.78222,1.50,2.29
2013.07.10 18:04:53.739,0.78205,0.78222,1.50,1.54
2013.07.10 18:04:53.980,0.78207,0.78226,1.50,1.69
2013.07.10 18:04:54.169,0.7821,0.78227,1.50,1.69
2013.07.10 18:04:54.360,0.78208,0.78232,1.50,1.69
2013.07.10 18:04:54.428,0.78208,0.78235,1.50,1.69
2013.07.10 18:04:54.499,0.78207,0.78235,1.69,1.69
2013.07.10 18:04:54.691,0.7821,0.7824,1.50,2.44
2013.07.10 18:04:54.819,0.78213,0.7824,1.50,2.44
2013.07.10 18:04:55.179,0.78221,0.7824,1.50,1.69
2013.07.10 18:04:55.240,0.78224,0.78241,1.50,1.69
2013.07.10 18:04:55.309,0.78224,0.78245,1.50,1.69
2013.07.10 18:04:55.849,0.78224,0.78241,1.05,2.25
2013.07.10 18:04:56.522,0.7823,0.78256,2.80,1.26
2013.07.10 18:04:56.648,0.78233,0.78257,2.44,2.38
2013.07.10 18:04:56.707,0.78234,0.78265,2.44,1.50
2013.07.10 18:04:57.008,0.78239,0.78267,1.50,2.44
2013.07.10 18:04:57.369,0.78239,0.78267,1.50,2.33
2013.07.10 18:04:57.618,0.78235,0.78261,2.44,2.25
2013.07.10 18:04:57.859,0.7823,0.7826,1.69,1.58
2013.07.10 18:04:57.929,0.78229,0.78255,3.94,1.13
2013.07.10 18:04:58.289,0.78228,0.78241,1.50,1.65
2013.07.10 18:04:58.352,0.78228,0.78241,1.50,2.40
2013.07.10 18:04:58.479,0.78228,0.78238,1.50,1.88
2013.07.10 18:04:58.661,0.78209,0.78231,1.50,4.78
2013.07.10 18:04:58.730,0.78208,0.78221,1.65,1.58
2013.07.10 18:04:58.797,0.78198,0.78214,1.43,1.58
2013.07.10 18:04:58.920,0.78198,0.7821,1.43,1.58
2013.07.10 18:04:59.050,0.78188,0.78202,1.95,1.58
2013.07.10 18:04:59.123,0.78183,0.78201,3.15,1.50
2013.07.10 18:04:59.871,0.78188,0.78201,1.73,1.58
2013.07.10 18:04:59.943,0.78188,0.78202,2.48,1.02
2013.07.10 18:05:00.919,0.78188,0.78206,1.88,1.69
2013.07.10 18:05:00.990,0.78188,0.78208,1.88,1.69
2013.07.10 18:05:01.179,0.78185,0.7821,1.50,2.59
2013.07.10 18:05:01.299,0.78185,0.78212,2.25,1.32
2013.07.10 18:05:01.359,0.78185,0.78212,2.25,2.82
2013.07.10 18:05:01.719,0.78192,0.78212,1.65,2.44
2013.07.10 18:05:01.778,0.78199,0.78217,1.50,3.19
2013.07.10 18:05:01.840,0.78199,0.78217,3.00,3.19
2013.07.10 18:05:01.910,0.78199,0.7822,3.00,1.69
2013.07.10 18:05:01.981,0.78204,0.78227,2.25,3.12
2013.07.10 18:05:02.289,0.78211,0.78227,1.58,2.18
2013.07.10 18:05:02.357,0.78212,0.78227,1.58,2.18
2013.07.10 18:05:02.480,0.78215,0.78232,1.50,2.67
2013.07.10 18:05:02.610,0.78219,0.7824,1.50,1.69
2013.07.10 18:05:02.739,0.78219,0.78245,1.50,1.69
2013.07.10 18:05:03.050,0.78221,0.78246,1.50,1.69
2013.07.10 18:05:03.238,0.78219,0.78245,1.50,3.19
2013.07.10 18:05:03.420,0.78215,0.78241,1.50,1.69
2013.07.10 18:05:03.548,0.78214,0.7824,1.50,2.52
2013.07.10 18:05:03.668,0.7821,0.7824,2.25,1.77
2013.07.10 18:05:03.848,0.7821,0.7824,2.25,1.77
2013.07.10 18:05:04.027,0.78209,0.78235,2.25,1.69
2013.07.10 18:05:04.208,0.78205,0.7823,1.50,2.25
2013.07.10 18:05:04.267,0.78204,0.78226,1.50,1.50
2013.07.10 18:05:04.571,0.78193,0.7822,3.19,1.58
2013.07.10 18:05:04.639,0.78193,0.7822,2.44,1.58
2013.07.10 18:05:05.379,0.7819,0.7822,1.69,3.08
2013.07.10 18:05:05.750,0.78191,0.7822,1.69,2.25
2013.07.10 18:05:06.064,0.78199,0.7822,1.50,2.25
2013.07.10 18:05:06.488,0.78199,0.7822,1.50,3.19
2013.07.10 18:05:07.390,0.78202,0.7822,1.50,3.19
2013.07.10 18:05:08.144,0.78203,0.78222,1.50,1.69
2013.07.10 18:05:08.461,0.78222,0.78229,1.50,1.50
2013.07.10 18:05:08.531,0.78224,0.78237,1.50,1.50
2013.07.10 18:05:08.659,0.78219,0.7824,3.08,1.69
2013.07.10 18:05:09.218,0.78222,0.78242,1.50,2.44
2013.07.10 18:05:09.278,0.78224,0.78245,1.50,4.69
2013.07.10 18:05:09.398,0.78224,0.78245,1.50,4.69
2013.07.10 18:05:10.110,0.78224,0.78249,2.25,1.69
2013.07.10 18:05:10.428,0.78234,0.7825,1.50,2.44
2013.07.10 18:05:10.791,0.78234,0.78252,1.50,2.07
2013.07.10 18:05:11.342,0.7823,0.78252,1.50,1.69
2013.07.10 18:05:11.899,0.7823,0.78255,1.50,1.69
2013.07.10 18:05:13.169,0.7823,0.78255,1.50,1.69
2013.07.10 18:05:13.708,0.78229,0.78255,3.19,1.69
2013.07.10 18:05:14.249,0.7823,0.78255,1.50,1.69
2013.07.10 18:05:14.550,0.78234,0.78257,3.00,2.44
2013.07.10 18:05:14.968,0.78235,0.78258,1.50,2.07
2013.07.10 18:05:15.480,0.78235,0.78261,1.58,1.32
2013.07.10 18:05:15.671,0.78236,0.78261,1.50,1.32
2013.07.10 18:05:15.919,0.78237,0.78262,1.69,1.32
2013.07.10 18:05:15.989,0.78235,0.7826,1.50,2.44
2013.07.10 18:05:16.775,0.78229,0.78255,2.25,1.50
2013.07.10 18:05:19.048,0.78229,0.78251,2.44,2.40
2013.07.10 18:05:19.227,0.7822,0.78248,1.50,2.25
2013.07.10 18:05:19.287,0.7822,0.78248,1.50,1.50
2013.07.10 18:05:19.347,0.7822,0.78248,1.50,1.50
2013.07.10 18:05:19.407,0.78219,0.78248,2.25,1.50
2013.07.10 18:05:19.587,0.78218,0.78245,1.58,3.00
2013.07.10 18:05:19.888,0.78219,0.78239,1.58,3.38
2013.07.10 18:05:20.188,0.78221,0.78239,1.50,2.07
2013.07.10 18:05:20.369,0.78223,0.78244,1.50,3.19
2013.07.10 18:05:20.670,0.78224,0.78244,1.50,3.19
2013.07.10 18:05:20.859,0.78224,0.78244,1.50,3.19
2013.07.10 18:05:21.359,0.78224,0.78244,1.50,1.50
2013.07.10 18:05:21.421,0.78224,0.78246,1.50,3.00
2013.07.10 18:05:21.549,0.78219,0.78246,4.58,3.00
2013.07.10 18:05:21.789,0.7822,0.78246,1.58,3.00
2013.07.10 18:05:22.148,0.78219,0.78246,3.90,3.00
2013.07.10 18:05:23.390,0.78219,0.78241,3.94,1.35
2013.07.10 18:05:23.702,0.78213,0.78228,1.50,3.38
2013.07.10 18:05:23.948,0.78206,0.78227,1.50,1.13
2013.07.10 18:05:24.009,0.78207,0.78228,1.69,2.25
2013.07.10 18:05:24.132,0.78209,0.78234,1.50,2.44
2013.07.10 18:05:24.202,0.78209,0.78235,2.44,1.69
2013.07.10 18:05:24.269,0.78209,0.78237,2.44,2.44
2013.07.10 18:05:24.508,0.78207,0.78232,2.44,1.65
2013.07.10 18:05:25.312,0.78205,0.7823,1.69,1.09
2013.07.10 18:05:25.854,0.78205,0.78233,2.44,2.44
2013.07.10 18:05:26.772,0.78205,0.78227,2.44,1.20
2013.07.10 18:05:27.020,0.78195,0.78216,1.88,1.50
2013.07.10 18:05:27.078,0.78192,0.78215,1.13,2.40
2013.07.10 18:05:27.439,0.7818,0.78193,1.69,1.58
2013.07.10 18:05:27.499,0.78178,0.78191,2.10,1.58
2013.07.10 18:05:27.558,0.78178,0.78191,2.10,1.58
2013.07.10 18:05:27.678,0.78178,0.78189,2.10,1.50
2013.07.10 18:05:27.738,0.78175,0.78186,1.35,1.50
2013.07.10 18:05:27.858,0.78168,0.78181,1.88,1.50
2013.07.10 18:05:27.918,0.78168,0.78179,1.88,1.50
2013.07.10 18:05:27.979,0.78166,0.78176,1.88,1.50
2013.07.10 18:05:28.290,0.78158,0.78171,1.58,1.50
2013.07.10 18:05:28.540,0.78149,0.78171,1.50,2.25
2013.07.10 18:05:28.671,0.78142,0.78171,3.19,2.25
2013.07.10 18:05:29.339,0.78143,0.78171,1.69,2.25
2013.07.10 18:05:29.918,0.78145,0.78174,1.69,1.50
2013.07.10 18:05:30.038,0.78145,0.78173,2.44,2.44
2013.07.10 18:05:30.459,0.78149,0.78173,1.50,2.44
2013.07.10 18:05:30.582,0.78149,0.78177,2.44,2.44
2013.07.10 18:05:30.990,0.7815,0.78179,3.19,2.44
2013.07.10 18:05:31.299,0.78155,0.78179,1.50,2.44
2013.07.10 18:05:31.479,0.78151,0.78179,2.82,2.44
2013.07.10 18:05:31.598,0.78153,0.78179,1.69,2.44
2013.07.10 18:05:31.959,0.78161,0.78182,1.88,2.44
2013.07.10 18:05:32.029,0.78161,0.78185,2.07,3.94
2013.07.10 18:05:33.357,0.78163,0.7819,1.69,3.19
2013.07.10 18:05:34.548,0.78163,0.7819,1.69,3.19
2013.07.10 18:05:34.969,0.78165,0.78194,3.94,3.19
2013.07.10 18:05:38.120,0.78165,0.78193,1.50,2.44
2013.07.10 18:05:38.310,0.78165,0.78193,3.75,1.69
2013.07.10 18:05:41.021,0.78167,0.78194,1.50,3.19
2013.07.10 18:05:41.390,0.7817,0.78195,1.02,2.44
2013.07.10 18:05:42.018,0.78169,0.78195,2.52,2.44
2013.07.10 18:05:42.260,0.78169,0.78194,1.58,2.44
2013.07.10 18:05:42.328,0.78166,0.7819,1.69,1.09
2013.07.10 18:05:43.240,0.78165,0.78191,3.94,1.84
2013.07.10 18:05:43.768,0.78165,0.78191,3.94,1.69
2013.07.10 18:05:43.828,0.78165,0.7819,2.44,1.69
2013.07.10 18:05:45.238,0.78165,0.7819,2.44,1.69
2013.07.10 18:05:46.049,0.78165,0.78187,2.44,1.50
2013.07.10 18:05:46.363,0.78163,0.78177,1.50,1.88
2013.07.10 18:05:46.668,0.78153,0.78159,1.05,1.13
2013.07.10 18:05:47.028,0.78133,0.78146,1.58,2.25
2013.07.10 18:05:47.327,0.78138,0.78148,1.35,2.25
2013.07.10 18:05:47.388,0.78138,0.78148,1.35,3.19
2013.07.10 18:05:47.449,0.78129,0.78149,1.50,3.19
2013.07.10 18:05:47.567,0.78129,0.78149,1.58,3.19
2013.07.10 18:05:47.688,0.78129,0.78154,1.58,3.57
2013.07.10 18:05:47.749,0.78132,0.78154,1.50,2.44
2013.07.10 18:05:48.059,0.78142,0.7816,1.50,4.69
2013.07.10 18:05:48.179,0.7814,0.78163,2.25,2.44
2013.07.10 18:05:48.239,0.78141,0.78163,1.50,2.44
2013.07.10 18:05:48.298,0.78141,0.78165,1.50,1.69
2013.07.10 18:05:48.360,0.78149,0.78167,1.50,1.69
2013.07.10 18:05:48.975,0.78149,0.78169,1.50,1.69
2013.07.10 18:05:49.398,0.78151,0.78171,1.50,1.69
2013.07.10 18:05:49.939,0.78151,0.78175,1.50,3.19
2013.07.10 18:05:50.449,0.78151,0.78175,1.50,3.19
2013.07.10 18:05:50.748,0.78154,0.78175,1.50,2.44
2013.07.10 18:05:50.808,0.78154,0.78179,1.50,1.69
2013.07.10 18:05:51.230,0.78154,0.78181,2.33,3.19
2013.07.10 18:05:51.539,0.78155,0.78185,1.58,3.19
2013.07.10 18:05:51.598,0.78161,0.78185,1.50,3.19
2013.07.10 18:05:52.078,0.7816,0.78189,2.33,2.44
2013.07.10 18:05:52.258,0.7816,0.78185,2.52,1.69
2013.07.10 18:05:54.194,0.78161,0.78185,2.07,1.69
2013.07.10 18:05:54.721,0.78163,0.78185,1.58,1.69
2013.07.10 18:05:54.968,0.78164,0.78189,1.58,2.44
2013.07.10 18:05:55.029,0.7817,0.78189,2.33,2.44
2013.07.10 18:05:55.327,0.78174,0.78195,1.58,1.69
2013.07.10 18:05:55.839,0.78174,0.78196,1.58,2.44
2013.07.10 18:05:56.067,0.78174,0.78196,1.58,2.44
2013.07.10 18:05:56.188,0.78171,0.78197,1.69,2.44
2013.07.10 18:05:56.248,0.7817,0.78197,3.19,2.44
2013.07.10 18:05:57.607,0.78167,0.78194,1.77,2.44
2013.07.10 18:05:58.318,0.78169,0.78194,1.84,2.44
2013.07.10 18:05:58.929,0.78169,0.78194,1.84,2.25
2013.07.10 18:05:59.420,0.78165,0.78192,3.19,1.50
2013.07.10 18:05:59.491,0.78163,0.7819,1.69,1.69
2013.07.10 18:06:00.059,0.78162,0.78189,2.44,1.02
2013.07.10 18:06:00.589,0.78162,0.78189,2.44,1.02
2013.07.10 18:06:00.709,0.7816,0.78189,3.27,3.27
2013.07.10 18:06:01.104,0.78162,0.78189,1.69,2.52
2013.07.10 18:06:01.245,0.78165,0.78195,3.19,3.19
2013.07.10 18:06:01.429,0.78166,0.78195,1.69,3.19
2013.07.10 18:06:01.548,0.78166,0.78195,3.94,3.19
2013.07.10 18:06:01.850,0.78169,0.78195,1.50,2.44
2013.07.10 18:06:01.980,0.78166,0.78195,2.44,3.19
2013.07.10 18:06:02.231,0.78164,0.78191,1.69,2.44
2013.07.10 18:06:02.548,0.78162,0.7819,1.69,1.69
2013.07.10 18:06:02.908,0.78161,0.7819,3.19,1.69
2013.07.10 18:06:03.676,0.78161,0.7819,3.19,3.19
2013.07.10 18:06:04.820,0.78161,0.78181,2.44,1.58
2013.07.10 18:06:04.891,0.7816,0.78181,1.69,2.33
2013.07.10 18:06:05.019,0.78155,0.78181,1.69,2.33
2013.07.10 18:06:05.570,0.78154,0.78179,2.44,1.77
2013.07.10 18:06:06.419,0.78157,0.78184,1.50,1.69
2013.07.10 18:06:07.021,0.78159,0.78188,1.69,3.19
2013.07.10 18:06:07.328,0.7816,0.78189,3.19,1.77
2013.07.10 18:06:10.598,0.78161,0.78189,2.44,2.44
2013.07.10 18:06:11.460,0.78162,0.78189,1.69,2.25
2013.07.10 18:06:11.771,0.78171,0.78189,1.50,2.25
2013.07.10 18:06:11.899,0.78169,0.78189,1.58,2.25
2013.07.10 18:06:12.029,0.7817,0.78195,1.50,1.69
2013.07.10 18:06:12.100,0.7817,0.78196,1.50,1.69
2013.07.10 18:06:12.230,0.78165,0.78195,2.44,1.69
2013.07.10 18:06:13.129,0.78165,0.78195,2.44,1.69
2013.07.10 18:06:13.508,0.78168,0.78195,1.69,3.19
2013.07.10 18:06:14.848,0.78165,0.78193,1.69,2.44
2013.07.10 18:06:16.802,0.78162,0.7819,2.44,1.69
2013.07.10 18:06:17.709,0.78162,0.78189,2.44,1.77
2013.07.10 18:06:18.260,0.78162,0.78181,2.44,1.50
2013.07.10 18:06:18.329,0.7816,0.78181,1.69,2.33
2013.07.10 18:06:18.389,0.78159,0.7818,1.50,1.02
2013.07.10 18:06:18.568,0.78155,0.7818,3.19,1.02
2013.07.10 18:06:19.108,0.78156,0.78183,1.69,1.69
2013.07.10 18:06:19.229,0.78159,0.78184,1.50,3.19
2013.07.10 18:06:19.530,0.78155,0.7818,3.19,1.02
2013.07.10 18:06:19.777,0.78145,0.78172,1.69,1.58
2013.07.10 18:06:19.958,0.78138,0.78166,1.69,1.50
2013.07.10 18:06:20.019,0.78138,0.78165,2.52,1.50
2013.07.10 18:06:20.139,0.78134,0.78158,2.44,1.50
2013.07.10 18:06:20.199,0.78134,0.78153,1.69,1.50
2013.07.10 18:06:20.389,0.78123,0.78151,1.69,2.33
2013.07.10 18:06:20.688,0.78121,0.78148,2.44,1.50
2013.07.10 18:06:20.748,0.78115,0.78141,1.50,1.50
2013.07.10 18:06:20.929,0.7811,0.78141,3.64,1.50
2013.07.10 18:06:21.178,0.78112,0.7814,1.69,3.19
2013.07.10 18:06:21.480,0.78116,0.78145,1.02,3.19
2013.07.10 18:06:22.465,0.78131,0.7815,1.50,1.69
2013.07.10 18:06:22.778,0.78156,0.78171,1.50,1.73
2013.07.10 18:06:22.898,0.78161,0.78175,1.50,1.50
2013.07.10 18:06:23.017,0.78161,0.78188,1.50,1.50
2013.07.10 18:06:23.197,0.78161,0.7819,1.50,1.50
2013.07.10 18:06:23.557,0.78162,0.78191,1.13,1.50
2013.07.10 18:06:23.858,0.78161,0.78186,1.69,2.25
2013.07.10 18:06:24.770,0.78161,0.78186,1.69,2.25
2013.07.10 18:06:24.959,0.78161,0.78185,1.69,1.50
2013.07.10 18:06:25.139,0.78154,0.78181,1.69,2.25
2013.07.10 18:06:25.198,0.78154,0.7818,1.69,1.58
2013.07.10 18:06:25.378,0.78153,0.78176,1.69,1.50
2013.07.10 18:06:25.988,0.78145,0.78176,3.19,1.50
2013.07.10 18:06:26.050,0.78145,0.78176,3.19,1.58
2013.07.10 18:06:26.299,0.78142,0.78171,2.44,1.77
2013.07.10 18:06:26.358,0.78142,0.7817,2.44,1.58
2013.07.10 18:06:26.417,0.78139,0.7817,2.44,1.77
2013.07.10 18:06:26.477,0.78143,0.78166,1.58,1.50
2013.07.10 18:06:26.837,0.78144,0.78168,1.58,2.44
2013.07.10 18:06:26.899,0.78149,0.78172,1.50,2.44
2013.07.10 18:06:27.439,0.78149,0.78174,1.65,2.44
2013.07.10 18:06:27.949,0.78149,0.78175,1.84,2.25
2013.07.10 18:06:28.449,0.78151,0.78175,1.88,2.25
2013.07.10 18:06:28.787,0.78151,0.78176,2.82,2.25
2013.07.10 18:06:29.029,0.78152,0.78177,1.32,1.50
2013.07.10 18:06:29.149,0.78153,0.78181,1.32,1.50
2013.07.10 18:06:30.679,0.78152,0.7818,1.69,2.25
2013.07.10 18:06:31.575,0.7815,0.7818,3.72,2.33
2013.07.10 18:06:31.908,0.78148,0.78166,2.44,1.50
2013.07.10 18:06:33.118,0.78134,0.78166,1.69,2.25
2013.07.10 18:06:34.309,0.78134,0.78166,1.69,1.50
2013.07.10 18:06:36.560,0.78139,0.78166,1.50,1.50
2013.07.10 18:06:36.868,0.78151,0.78168,1.50,3.19
2013.07.10 18:06:36.988,0.78151,0.78169,1.50,1.50
2013.07.10 18:06:37.109,0.78149,0.78169,2.25,1.50
2013.07.10 18:06:37.289,0.78148,0.78169,2.07,1.50
2013.07.10 18:06:37.347,0.78148,0.78171,1.32,2.25
2013.07.10 18:06:37.409,0.78148,0.78168,1.32,1.50
2013.07.10 18:06:37.590,0.78144,0.78166,1.17,1.50
2013.07.10 18:06:38.318,0.78142,0.78166,1.54,2.25
2013.07.10 18:06:38.919,0.78141,0.78171,1.92,1.50
2013.07.10 18:06:39.039,0.78145,0.78173,1.92,1.50
2013.07.10 18:06:39.819,0.7815,0.78179,1.69,1.50
2013.07.10 18:06:40.128,0.78154,0.78179,1.02,1.50
2013.07.10 18:06:40.248,0.78158,0.78185,1.02,2.25
2013.07.10 18:06:41.729,0.78158,0.78185,1.02,2.25
2013.07.10 18:06:42.029,0.78155,0.78184,3.19,2.25
2013.07.10 18:06:42.528,0.78155,0.78181,3.19,2.33
2013.07.10 18:06:43.068,0.78155,0.78179,3.19,1.05
2013.07.10 18:06:43.439,0.78153,0.78175,1.69,1.20
2013.07.10 18:06:43.678,0.7815,0.78174,1.69,1.58
2013.07.10 18:06:43.980,0.78148,0.78172,1.69,1.58
2013.07.10 18:06:44.049,0.78146,0.78169,1.69,1.58
2013.07.10 18:06:44.179,0.78141,0.78168,2.44,3.00
2013.07.10 18:06:44.240,0.78139,0.78166,1.69,3.00
2013.07.10 18:06:44.421,0.78136,0.78165,2.44,1.50
2013.07.10 18:06:44.546,0.78134,0.7816,1.69,1.50
2013.07.10 18:06:45.269,0.78138,0.78165,1.02,3.19
2013.07.10 18:06:45.568,0.7814,0.78165,1.58,3.19
2013.07.10 18:06:46.472,0.78141,0.78165,1.50,3.19
2013.07.10 18:06:46.778,0.78141,0.78166,1.69,2.25
2013.07.10 18:06:48.107,0.78141,0.78166,1.69,3.75
2013.07.10 18:06:51.880,0.78141,0.78166,2.44,2.25
2013.07.10 18:06:54.028,0.78137,0.78161,2.44,1.58
2013.07.10 18:06:54.269,0.78135,0.78159,1.69,1.58
2013.07.10 18:06:54.449,0.78134,0.78159,3.19,2.33
2013.07.10 18:06:54.568,0.78131,0.78156,1.69,2.25
2013.07.10 18:06:54.809,0.78126,0.78155,1.32,2.25
2013.07.10 18:06:55.228,0.78122,0.78154,2.82,1.50
2013.07.10 18:06:55.470,0.78124,0.78156,1.69,3.00
2013.07.10 18:06:55.839,0.78125,0.78156,1.69,3.00
2013.07.10 18:06:57.122,0.78126,0.78155,2.44,1.69
2013.07.10 18:06:57.620,0.78127,0.78155,1.32,1.69
2013.07.10 18:06:57.928,0.78141,0.7816,1.50,2.44
2013.07.10 18:06:58.049,0.78141,0.78165,1.50,1.69
2013.07.10 18:06:58.660,0.78139,0.78165,1.65,1.69
2013.07.10 18:06:58.780,0.78139,0.78165,1.65,1.69
2013.07.10 18:06:58.898,0.78139,0.78165,1.65,1.69
2013.07.10 18:07:00.718,0.78141,0.78165,1.50,1.69
2013.07.10 18:07:01.596,0.78141,0.78165,1.50,1.69
2013.07.10 18:07:01.909,0.78141,0.78166,1.69,2.25
2013.07.10 18:07:02.239,0.78146,0.7817,1.02,1.50
2013.07.10 18:07:02.300,0.78149,0.7817,1.50,1.50
2013.07.10 18:07:02.598,0.78151,0.78172,1.88,1.50
2013.07.10 18:07:03.138,0.78151,0.78172,1.88,1.50
2013.07.10 18:07:03.819,0.78151,0.78176,1.88,2.44
2013.07.10 18:07:04.000,0.78151,0.7818,1.88,1.69
2013.07.10 18:07:04.129,0.78152,0.7818,1.50,1.69
2013.07.10 18:07:04.258,0.78154,0.78181,1.50,2.44
2013.07.10 18:07:04.379,0.78154,0.78181,2.33,1.69
2013.07.10 18:07:04.441,0.78157,0.78184,1.02,1.13
2013.07.10 18:07:04.932,0.78162,0.78185,1.02,2.25
2013.07.10 18:07:05.240,0.78174,0.78187,1.13,1.50
2013.07.10 18:07:05.428,0.78179,0.78191,1.50,1.50
2013.07.10 18:07:05.488,0.78179,0.78191,1.50,1.50
2013.07.10 18:07:05.669,0.78179,0.78196,1.50,1.50
2013.07.10 18:07:05.731,0.78179,0.78199,1.50,1.69
2013.07.10 18:07:05.919,0.78174,0.78199,2.33,1.69
2013.07.10 18:07:06.102,0.78171,0.78199,3.00,1.69
2013.07.10 18:07:06.470,0.78173,0.78196,1.50,1.50
2013.07.10 18:07:06.771,0.78185,0.78201,1.50,3.19
2013.07.10 18:07:07.019,0.78182,0.78197,3.00,1.13
2013.07.10 18:07:07.079,0.78182,0.78191,2.25,1.50
2013.07.10 18:07:07.141,0.78176,0.78191,1.69,1.65
2013.07.10 18:07:07.212,0.78176,0.78186,1.69,1.50
2013.07.10 18:07:07.281,0.78168,0.78185,1.69,1.58
2013.07.10 18:07:07.352,0.78168,0.78185,1.69,1.58
2013.07.10 18:07:07.541,0.78164,0.78182,2.25,2.33
2013.07.10 18:07:07.728,0.7816,0.78177,1.50,1.50
2013.07.10 18:07:08.089,0.78158,0.78171,1.88,1.50
2013.07.10 18:07:08.269,0.78144,0.78171,1.32,1.50
2013.07.10 18:07:09.920,0.78143,0.7817,2.44,2.25
2013.07.10 18:07:09.995,0.78143,0.78171,1.69,1.50
2013.07.10 18:07:10.871,0.78142,0.78171,3.57,3.08
2013.07.10 18:07:11.238,0.78141,0.78169,2.44,2.52
2013.07.10 18:07:12.962,0.78141,0.78161,2.44,1.50
2013.07.10 18:07:13.209,0.78139,0.78156,1.50,1.50
2013.07.10 18:07:13.328,0.7813,0.78155,1.69,1.50
2013.07.10 18:07:13.388,0.78125,0.78155,1.69,1.50
2013.07.10 18:07:13.508,0.78124,0.78152,1.69,1.50
2013.07.10 18:07:13.689,0.78122,0.78151,1.69,1.50
2013.07.10 18:07:14.107,0.7812,0.78149,3.19,1.05
2013.07.10 18:07:14.408,0.78115,0.78136,1.69,1.50
2013.07.10 18:07:14.529,0.78108,0.78131,1.69,1.50
2013.07.10 18:07:14.588,0.78108,0.78129,1.69,1.50
2013.07.10 18:07:14.651,0.78106,0.78125,2.44,1.50
2013.07.10 18:07:14.719,0.78098,0.78125,2.44,1.50
2013.07.10 18:07:14.958,0.78095,0.78125,1.32,2.25
2013.07.10 18:07:15.138,0.78095,0.78126,1.69,3.00
2013.07.10 18:07:15.557,0.78101,0.7813,2.44,3.19
2013.07.10 18:07:16.118,0.78102,0.7813,1.77,3.19
2013.07.10 18:07:16.421,0.78121,0.78135,1.50,1.69
2013.07.10 18:07:16.729,0.78123,0.78137,1.50,1.50
2013.07.10 18:07:16.909,0.78121,0.78137,3.00,1.50
2013.07.10 18:07:16.970,0.78122,0.78137,1.50,1.50
2013.07.10 18:07:17.278,0.78126,0.78137,1.69,1.50
2013.07.10 18:07:17.817,0.7813,0.78137,1.58,1.50
2013.07.10 18:07:17.879,0.78129,0.78137,1.69,1.50
2013.07.10 18:07:18.063,0.78123,0.78137,2.44,1.50
2013.07.10 18:07:18.309,0.78121,0.78139,1.50,1.50
2013.07.10 18:07:18.381,0.78122,0.78145,1.69,1.50
2013.07.10 18:07:19.217,0.78124,0.7815,1.50,1.77
2013.07.10 18:07:19.318,0.78121,0.78146,1.69,1.69
2013.07.10 18:07:19.978,0.78122,0.78149,1.69,2.44
2013.07.10 18:07:23.090,0.78124,0.78149,1.77,2.44
2013.07.10 18:07:23.388,0.78131,0.78156,1.50,2.44
2013.07.10 18:07:23.449,0.78134,0.78156,1.50,1.69
2013.07.10 18:07:23.628,0.78134,0.7816,1.58,1.69
2013.07.10 18:07:23.807,0.78135,0.78165,1.58,3.19
2013.07.10 18:07:24.350,0.78139,0.78165,1.58,3.19
2013.07.10 18:07:29.053,0.78139,0.78163,1.02,1.69
2013.07.10 18:07:29.140,0.78128,0.78155,2.44,1.50
2013.07.10 18:07:29.387,0.78131,0.78156,1.69,1.50
2013.07.10 18:07:29.452,0.78138,0.78156,1.50,1.50
2013.07.10 18:07:29.698,0.78141,0.78163,1.69,2.25
2013.07.10 18:07:29.881,0.78141,0.78165,1.69,1.50
2013.07.10 18:07:30.022,0.78141,0.78165,1.50,1.69
2013.07.10 18:07:30.981,0.78142,0.7817,1.69,3.19
2013.07.10 18:07:33.188,0.78143,0.7817,1.69,3.19
2013.07.10 18:07:36.750,0.78141,0.78169,2.44,1.77
2013.07.10 18:07:40.334,0.7814,0.78161,1.69,1.58
2013.07.10 18:07:40.579,0.78135,0.78156,1.69,1.50
2013.07.10 18:07:40.760,0.78125,0.78155,3.19,1.50
2013.07.10 18:07:40.829,0.78125,0.78155,3.19,2.33
2013.07.10 18:07:41.008,0.78122,0.7815,1.69,1.58
2013.07.10 18:07:43.303,0.78121,0.78149,2.44,2.70
2013.07.10 18:07:43.370,0.78121,0.78142,2.44,1.58
2013.07.10 18:07:44.060,0.78105,0.7813,1.69,1.58
2013.07.10 18:07:44.189,0.78105,0.78126,1.69,1.50
2013.07.10 18:07:44.309,0.78099,0.78125,2.44,1.50
2013.07.10 18:07:44.547,0.78095,0.78122,1.69,1.50
2013.07.10 18:07:44.848,0.78092,0.7812,2.44,2.33
2013.07.10 18:07:44.969,0.78089,0.78116,1.69,1.50
2013.07.10 18:07:45.148,0.78085,0.78116,1.69,3.00
2013.07.10 18:07:45.388,0.78085,0.78113,1.69,1.50
2013.07.10 18:07:45.689,0.78082,0.78111,1.54,1.50
2013.07.10 18:07:45.999,0.78085,0.78111,1.02,1.69
2013.07.10 18:07:46.243,0.78086,0.78115,2.44,1.69
2013.07.10 18:07:46.489,0.78084,0.78114,3.19,2.44
2013.07.10 18:07:46.671,0.78083,0.78108,2.25,1.69
2013.07.10 18:07:46.981,0.78075,0.78103,1.50,1.69
2013.07.10 18:07:47.051,0.78072,0.78101,1.39,1.69
2013.07.10 18:07:48.716,0.78065,0.78094,1.69,2.44
2013.07.10 18:07:48.913,0.78065,0.78095,2.44,1.69
2013.07.10 18:07:49.219,0.78066,0.78095,1.02,1.69
2013.07.10 18:07:50.189,0.78071,0.78099,1.69,2.44
2013.07.10 18:07:52.583,0.78071,0.78088,2.44,2.10
2013.07.10 18:07:52.890,0.78052,0.78065,1.88,3.68
2013.07.10 18:07:52.959,0.78045,0.78059,1.69,1.50
2013.07.10 18:07:53.018,0.78039,0.78059,1.50,1.50
2013.07.10 18:07:53.138,0.78032,0.78053,1.69,1.35
2013.07.10 18:07:53.198,0.78031,0.78053,1.69,1.35
2013.07.10 18:07:53.321,0.7803,0.7805,1.02,2.10
2013.07.10 18:07:53.931,0.78027,0.7805,1.58,6.04
2013.07.10 18:07:54.060,0.78029,0.78047,1.58,1.35
2013.07.10 18:07:54.619,0.78029,0.78047,1.58,1.35
2013.07.10 18:07:55.218,0.78029,0.78051,1.58,2.44
2013.07.10 18:07:55.758,0.78031,0.78053,1.50,2.44
2013.07.10 18:07:56.059,0.78031,0.78057,2.07,2.44
2013.07.10 18:07:56.840,0.78029,0.78055,2.52,1.69
2013.07.10 18:07:56.911,0.78031,0.78055,2.07,1.69
2013.07.10 18:07:58.223,0.78032,0.78056,1.69,2.44
2013.07.10 18:07:59.723,0.78034,0.78056,1.02,1.69
2013.07.10 18:08:00.030,0.78045,0.78066,1.09,1.50
2013.07.10 18:08:00.510,0.78059,0.78068,1.50,2.44
2013.07.10 18:08:00.579,0.7806,0.78074,1.58,1.69
2013.07.10 18:08:00.818,0.7806,0.7808,1.58,4.69
2013.07.10 18:08:01.808,0.7806,0.78085,1.58,5.44
2013.07.10 18:08:02.370,0.7806,0.78085,1.58,3.19
2013.07.10 18:08:02.670,0.78059,0.78085,2.33,3.19
2013.07.10 18:08:02.920,0.7806,0.78085,1.58,3.19
2013.07.10 18:08:02.980,0.7806,0.78089,2.33,2.44
2013.07.10 18:08:03.099,0.78059,0.78076,1.58,1.50
2013.07.10 18:08:03.277,0.78052,0.78076,1.50,1.95
2013.07.10 18:08:03.400,0.78046,0.78068,1.69,1.50
2013.07.10 18:08:03.708,0.78035,0.78065,1.69,1.58
2013.07.10 18:08:03.828,0.78035,0.78065,1.69,1.50
2013.07.10 18:08:03.889,0.78035,0.78066,1.69,1.50
2013.07.10 18:08:03.958,0.78035,0.78065,1.69,1.50
2013.07.10 18:08:04.319,0.7803,0.78056,1.77,1.50
2013.07.10 18:08:04.621,0.78034,0.78062,1.50,2.44
2013.07.10 18:08:05.958,0.78034,0.78065,1.69,1.50
2013.07.10 18:08:06.544,0.78036,0.78065,2.44,1.50
2013.07.10 18:08:08.113,0.78036,0.78066,2.44,1.50
2013.07.10 18:08:08.739,0.78039,0.78068,1.69,1.50
2013.07.10 18:08:08.800,0.78043,0.78076,1.69,3.00
2013.07.10 18:08:10.130,0.78043,0.78077,1.69,1.50
2013.07.10 18:08:10.679,0.78044,0.78076,1.69,1.50
2013.07.10 18:08:11.039,0.78045,0.78076,1.69,1.50
2013.07.10 18:08:11.340,0.7806,0.78076,1.50,1.50
2013.07.10 18:08:11.471,0.78064,0.78092,1.50,1.50
2013.07.10 18:08:12.137,0.78064,0.78095,1.50,1.50
2013.07.10 18:08:12.198,0.78061,0.78092,1.50,1.50
2013.07.10 18:08:12.260,0.78062,0.78092,2.44,1.58
2013.07.10 18:08:13.511,0.78063,0.78091,1.69,1.58
2013.07.10 18:08:13.758,0.78064,0.78094,1.69,1.69
2013.07.10 18:08:14.118,0.78078,0.78096,1.50,1.50
2013.07.10 18:08:14.298,0.78084,0.7811,1.50,1.50
2013.07.10 18:08:14.419,0.78084,0.78115,1.50,1.69
2013.07.10 18:08:14.479,0.78085,0.78116,1.50,3.04
2013.07.10 18:08:14.780,0.78094,0.78119,1.50,2.44
2013.07.10 18:08:14.901,0.78093,0.78124,1.50,1.69
2013.07.10 18:08:15.029,0.78093,0.78126,1.50,1.50
2013.07.10 18:08:15.208,0.78094,0.78126,1.69,1.50
2013.07.10 18:08:15.329,0.78094,0.78127,1.69,1.50
2013.07.10 18:08:16.372,0.78095,0.78127,2.44,1.50
2013.07.10 18:08:16.678,0.78109,0.78141,1.50,1.69
2013.07.10 18:08:18.178,0.78105,0.78136,2.44,1.50
2013.07.10 18:08:18.699,0.78108,0.78139,1.69,1.77
2013.07.10 18:08:18.830,0.78109,0.78139,1.69,1.02
2013.07.10 18:08:19.198,0.78106,0.78137,3.19,1.50
2013.07.10 18:08:19.319,0.78104,0.78137,1.69,2.44
2013.07.10 18:08:19.378,0.78104,0.78136,1.69,2.44
2013.07.10 18:08:19.740,0.78089,0.7812,1.69,2.44
2013.07.10 18:08:19.988,0.78081,0.7811,2.44,1.58
2013.07.10 18:08:20.229,0.78081,0.78106,2.44,1.58
2013.07.10 18:08:20.531,0.78078,0.781,2.40,1.58
2013.07.10 18:08:20.959,0.78084,0.78115,1.50,1.69
2013.07.10 18:08:21.081,0.78085,0.78115,1.50,1.69
2013.07.10 18:08:21.568,0.78088,0.78115,1.50,1.69
2013.07.10 18:08:21.810,0.78084,0.78116,1.50,2.44
2013.07.10 18:08:21.939,0.78084,0.78115,1.50,1.69
2013.07.10 18:08:22.059,0.78084,0.78116,1.50,2.44
2013.07.10 18:08:23.419,0.78081,0.78107,1.69,1.17
2013.07.10 18:08:23.779,0.78078,0.781,1.69,1.73
2013.07.10 18:08:24.318,0.78077,0.78101,1.69,1.92
2013.07.10 18:08:24.858,0.78076,0.781,1.69,1.17
2013.07.10 18:08:27.310,0.78076,0.78102,1.69,1.69
2013.07.10 18:08:27.430,0.78076,0.78104,1.69,2.44
2013.07.10 18:08:27.491,0.7808,0.78107,1.69,1.69
2013.07.10 18:08:27.999,0.7808,0.78109,2.44,1.77
2013.07.10 18:08:29.179,0.78082,0.78113,2.44,1.69
2013.07.10 18:08:29.683,0.78084,0.78115,1.50,3.19
2013.07.10 18:08:29.950,0.78085,0.78115,1.69,1.69
2013.07.10 18:08:30.448,0.78085,0.78111,1.69,1.58
2013.07.10 18:08:31.129,0.78082,0.7811,2.44,1.77
2013.07.10 18:08:32.167,0.78085,0.78111,1.69,1.77
2013.07.10 18:08:32.769,0.78085,0.78115,1.69,3.94
2013.07.10 18:08:33.559,0.78087,0.78116,2.44,2.44
2013.07.10 18:08:34.018,0.7809,0.78121,1.69,2.44
2013.07.10 18:08:34.689,0.78092,0.78121,1.69,1.69
2013.07.10 18:08:34.808,0.78095,0.78126,1.69,2.44
2013.07.10 18:08:35.746,0.78099,0.78126,1.50,2.44
2013.07.10 18:08:36.960,0.78105,0.78136,1.69,1.69
2013.07.10 18:08:37.279,0.78109,0.78141,2.44,1.69
2013.07.10 18:08:37.339,0.7811,0.78141,1.58,1.69
2013.07.10 18:08:37.519,0.78114,0.78145,1.50,3.19
2013.07.10 18:08:37.878,0.78114,0.78146,2.25,2.44
2013.07.10 18:08:39.468,0.78114,0.78143,1.69,1.02
2013.07.10 18:08:40.009,0.7811,0.7814,2.44,1.58
2013.07.10 18:08:40.575,0.7811,0.78141,2.44,1.77
2013.07.10 18:08:41.446,0.78114,0.78142,1.50,1.77
2013.07.10 18:08:41.828,0.7811,0.7814,2.44,2.52
2013.07.10 18:08:42.379,0.7811,0.78139,2.44,1.02
2013.07.10 18:08:43.999,0.7811,0.78139,2.44,3.27
2013.07.10 18:08:46.230,0.78114,0.78142,1.69,1.02
2013.07.10 18:08:47.959,0.78114,0.78145,2.44,3.19
2013.07.10 18:08:48.450,0.78115,0.78146,1.69,2.44
2013.07.10 18:08:48.690,0.7812,0.78149,1.50,2.52
2013.07.10 18:08:48.999,0.78121,0.7815,2.44,1.69
2013.07.10 18:08:49.309,0.78129,0.78156,1.50,1.69
2013.07.10 18:08:50.779,0.78129,0.78159,1.69,1.84
2013.07.10 18:08:53.618,0.78129,0.78159,1.93,1.69
2013.07.10 18:08:53.738,0.78135,0.78163,1.58,1.32
2013.07.10 18:08:53.799,0.7814,0.78163,1.50,1.32
2013.07.10 18:08:54.622,0.78142,0.78165,2.25,1.13
2013.07.10 18:08:54.700,0.78152,0.78181,1.58,2.44
2013.07.10 18:08:54.771,0.7816,0.78181,1.58,2.44
2013.07.10 18:08:55.080,0.78168,0.78199,1.69,1.58
2013.07.10 18:08:55.210,0.78169,0.782,1.50,1.77
2013.07.10 18:08:55.274,0.7817,0.782,2.44,1.02
2013.07.10 18:08:55.581,0.78172,0.78207,1.69,1.69
2013.07.10 18:08:55.651,0.78179,0.78208,1.50,2.67
2013.07.10 18:08:55.779,0.78174,0.78206,2.44,2.44
2013.07.10 18:08:56.319,0.78174,0.78202,2.44,1.50
2013.07.10 18:08:56.501,0.78172,0.782,1.69,2.25
2013.07.10 18:08:56.631,0.7817,0.782,1.69,3.08
2013.07.10 18:08:56.699,0.78169,0.78198,1.69,1.02
2013.07.10 18:08:56.770,0.78168,0.78198,1.69,1.77
2013.07.10 18:08:57.497,0.78169,0.78198,2.44,1.02
2013.07.10 18:08:57.617,0.7817,0.782,3.19,1.77
2013.07.10 18:08:58.308,0.78172,0.782,1.02,1.69
2013.07.10 18:08:58.429,0.78176,0.78203,1.69,2.44
2013.07.10 18:08:58.549,0.78176,0.78198,1.69,1.05
2013.07.10 18:08:58.970,0.78174,0.78198,1.50,1.05
2013.07.10 18:08:59.030,0.7817,0.78198,1.69,1.05
2013.07.10 18:08:59.090,0.78169,0.78191,1.50,1.58
2013.07.10 18:08:59.271,0.78155,0.78186,2.07,1.50
2013.07.10 18:08:59.459,0.78155,0.78186,1.32,1.50
2013.07.10 18:08:59.701,0.78155,0.78182,2.07,2.25
2013.07.10 18:09:00.023,0.78153,0.78176,1.50,1.50
2013.07.10 18:09:00.448,0.78146,0.78177,1.69,1.69
2013.07.10 18:09:00.507,0.78145,0.78176,1.69,1.69
2013.07.10 18:09:00.629,0.78145,0.78176,1.69,1.69
2013.07.10 18:09:00.810,0.78139,0.78151,1.65,1.50
2013.07.10 18:09:00.881,0.7814,0.78154,1.65,1.50
2013.07.10 18:09:01.010,0.78142,0.78165,1.50,1.69
2013.07.10 18:09:01.078,0.78142,0.78167,1.50,2.44
2013.07.10 18:09:01.138,0.78142,0.78171,1.50,1.69
2013.07.10 18:09:01.198,0.78143,0.78174,1.50,1.69
2013.07.10 18:09:01.739,0.78149,0.78179,1.50,2.44
2013.07.10 18:09:02.772,0.78136,0.7817,1.50,1.58
2013.07.10 18:09:07.188,0.78131,0.78161,1.69,1.50
2013.07.10 18:09:07.619,0.78133,0.78161,2.25,1.50
2013.07.10 18:09:07.679,0.78139,0.78166,1.58,1.69
2013.07.10 18:09:07.739,0.78135,0.78166,1.58,1.69
2013.07.10 18:09:08.220,0.78144,0.78169,1.50,1.69
2013.07.10 18:09:08.291,0.78144,0.78174,1.50,2.44
2013.07.10 18:09:08.359,0.7815,0.78175,1.50,1.69
2013.07.10 18:09:08.720,0.78154,0.78179,1.50,2.44
2013.07.10 18:09:08.778,0.78154,0.78184,1.50,1.69
2013.07.10 18:09:09.018,0.78154,0.78185,1.50,1.69
2013.07.10 18:09:11.982,0.78155,0.78185,1.69,3.19
2013.07.10 18:09:12.287,0.78155,0.7818,1.69,1.58
2013.07.10 18:09:12.408,0.78152,0.78179,1.69,1.77
2013.07.10 18:09:12.527,0.7815,0.78179,2.44,1.77
2013.07.10 18:09:16.301,0.7815,0.78178,2.44,1.77
2013.07.10 18:09:17.960,0.78148,0.78176,2.44,1.69
2013.07.10 18:09:18.090,0.78145,0.78175,1.69,1.69
2013.07.10 18:09:18.210,0.78145,0.78174,1.69,1.69
2013.07.10 18:09:18.270,0.78142,0.78171,2.44,1.50
2013.07.10 18:09:18.519,0.78142,0.78171,1.69,1.58
2013.07.10 18:09:20.667,0.78131,0.78158,1.50,2.44
2013.07.10 18:09:20.787,0.78131,0.7816,1.69,1.69
2013.07.10 18:09:20.968,0.78132,0.78161,2.44,3.19
2013.07.10 18:09:21.028,0.78134,0.78164,1.69,2.44
2013.07.10 18:09:22.908,0.78132,0.78162,2.44,1.69
2013.07.10 18:09:23.089,0.78132,0.7816,2.44,1.69
2013.07.10 18:09:23.977,0.78135,0.78162,1.02,2.44
2013.07.10 18:09:24.220,0.7814,0.78166,1.58,1.69
2013.07.10 18:09:24.410,0.78142,0.78171,1.69,1.69
2013.07.10 18:09:24.478,0.78144,0.78175,1.50,1.69
2013.07.10 18:09:25.547,0.78144,0.78171,1.50,1.77
2013.07.10 18:09:25.848,0.78132,0.78161,3.19,1.50
2013.07.10 18:09:25.908,0.78132,0.78161,2.44,1.50
2013.07.10 18:09:27.319,0.78131,0.7816,1.69,1.50
2013.07.10 18:09:28.470,0.78131,0.7816,1.69,3.19
2013.07.10 18:09:30.499,0.78131,0.7816,2.44,3.19
2013.07.10 18:09:32.029,0.78139,0.78164,1.58,3.19
2013.07.10 18:09:32.209,0.7814,0.78166,1.58,2.44
2013.07.10 18:09:32.518,0.78142,0.78166,1.50,1.69
2013.07.10 18:09:32.758,0.78148,0.78172,2.25,1.69
2013.07.10 18:09:32.938,0.78149,0.78172,1.50,1.69
2013.07.10 18:09:34.000,0.78164,0.78186,1.50,2.25
2013.07.10 18:09:34.189,0.78169,0.78193,2.33,1.50
2013.07.10 18:09:34.310,0.7817,0.78199,1.58,1.50
2013.07.10 18:09:35.378,0.78172,0.78201,1.50,1.50
2013.07.10 18:09:35.929,0.78172,0.78204,2.25,2.25
2013.07.10 18:09:35.988,0.78174,0.78206,1.50,1.50
2013.07.10 18:09:36.978,0.78174,0.78206,1.50,1.58
2013.07.10 18:09:37.771,0.78165,0.78193,1.50,1.69
2013.07.10 18:09:38.338,0.78184,0.78207,1.50,2.44
2013.07.10 18:09:38.459,0.78185,0.7821,1.50,1.69
2013.07.10 18:09:38.519,0.78182,0.7821,2.44,2.44
2013.07.10 18:09:39.070,0.78182,0.7821,2.44,1.69
2013.07.10 18:09:39.914,0.7818,0.78207,1.50,2.44
2013.07.10 18:09:40.230,0.78168,0.78196,1.50,1.50
2013.07.10 18:09:40.301,0.78165,0.78196,2.44,1.50
2013.07.10 18:09:41.028,0.7816,0.7819,1.50,2.33
2013.07.10 18:09:41.148,0.78151,0.78185,2.44,1.69
2013.07.10 18:09:41.208,0.78151,0.78181,1.69,1.50
2013.07.10 18:09:42.248,0.7815,0.78181,2.44,2.44
2013.07.10 18:09:43.230,0.7815,0.7818,2.52,1.69
2013.07.10 18:09:46.539,0.78158,0.78181,1.58,1.69
2013.07.10 18:09:46.839,0.78164,0.78191,1.50,1.69
2013.07.10 18:09:46.897,0.78165,0.78193,1.50,2.44
2013.07.10 18:09:46.957,0.7817,0.78196,1.50,1.69
2013.07.10 18:09:47.738,0.78165,0.78195,2.44,1.69
2013.07.10 18:09:47.797,0.78165,0.78195,1.69,1.69
2013.07.10 18:09:48.739,0.78168,0.78195,1.50,1.69
2013.07.10 18:09:49.040,0.78181,0.78198,1.50,2.44
2013.07.10 18:09:49.108,0.78181,0.782,1.50,1.69
2013.07.10 18:09:49.170,0.78181,0.78201,1.88,1.69
2013.07.10 18:09:50.741,0.78199,0.78216,1.58,3.19
2013.07.10 18:09:50.807,0.78199,0.78219,1.58,1.69
2013.07.10 18:09:50.870,0.78199,0.78221,1.58,2.44
2013.07.10 18:09:51.108,0.78195,0.78221,1.69,1.69
2013.07.10 18:09:51.469,0.78192,0.78221,3.94,1.77
2013.07.10 18:09:51.543,0.78191,0.78219,1.69,1.02
2013.07.10 18:09:51.848,0.78186,0.78217,1.69,1.69
2013.07.10 18:09:52.208,0.78182,0.78211,2.44,1.50
2013.07.10 18:09:52.568,0.78182,0.7821,1.69,1.69
2013.07.10 18:09:52.842,0.78182,0.7821,1.69,1.69
2013.07.10 18:09:53.424,0.78182,0.7821,1.69,1.50
2013.07.10 18:09:54.419,0.78181,0.7821,1.69,1.50
2013.07.10 18:09:54.538,0.78189,0.7822,1.50,3.19
2013.07.10 18:09:54.661,0.78189,0.78221,1.50,2.44
2013.07.10 18:09:54.908,0.78187,0.7822,1.50,1.69
2013.07.10 18:09:55.090,0.78184,0.78216,1.69,1.50
2013.07.10 18:09:55.219,0.78182,0.78211,2.44,1.50
2013.07.10 18:09:55.700,0.78179,0.78211,1.50,1.50
2013.07.10 18:09:55.890,0.78174,0.78206,1.69,1.50
2013.07.10 18:09:56.019,0.78174,0.78206,1.69,1.58
2013.07.10 18:09:56.378,0.78162,0.78191,1.69,1.50
2013.07.10 18:09:56.737,0.78164,0.78194,1.50,1.50
2013.07.10 18:09:56.799,0.78165,0.78195,1.50,2.25
2013.07.10 18:09:57.521,0.78164,0.78196,2.25,2.44
2013.07.10 18:09:57.888,0.78164,0.78195,2.44,1.69
2013.07.10 18:09:58.248,0.78161,0.78191,1.69,1.69
2013.07.10 18:09:59.067,0.78164,0.78195,1.50,3.19
2013.07.10 18:09:59.577,0.78164,0.78195,1.69,1.69
2013.07.10 18:10:01.479,0.78164,0.78195,2.44,1.69
2013.07.10 18:10:04.268,0.78165,0.78195,1.69,1.69
2013.07.10 18:10:04.569,0.7818,0.78197,1.50,1.69
2013.07.10 18:10:04.688,0.78179,0.78198,1.50,1.02
2013.07.10 18:10:04.747,0.78165,0.78196,2.44,1.69
2013.07.10 18:10:04.928,0.78164,0.78194,3.19,1.50
2013.07.10 18:10:06.258,0.78162,0.78191,1.50,1.69
2013.07.10 18:10:06.561,0.78166,0.78191,2.25,1.50
2013.07.10 18:10:06.871,0.78178,0.78201,1.50,1.32
2013.07.10 18:10:06.939,0.78178,0.78203,1.58,1.32
2013.07.10 18:10:07.462,0.7818,0.78204,1.54,2.44
2013.07.10 18:10:07.768,0.7819,0.78205,2.19,1.50
2013.07.10 18:10:07.950,0.78199,0.7821,1.58,2.44
2013.07.10 18:10:08.130,0.78199,0.78213,1.58,1.69
2013.07.10 18:10:08.309,0.78202,0.78217,1.50,1.13
2013.07.10 18:10:08.368,0.78202,0.7822,1.50,2.03
2013.07.10 18:10:09.192,0.782,0.7822,1.58,1.50
2013.07.10 18:10:09.262,0.78199,0.78222,1.50,1.77
2013.07.10 18:10:10.078,0.78195,0.78222,1.50,1.02
2013.07.10 18:10:10.629,0.7819,0.78219,1.50,1.77
2013.07.10 18:10:11.379,0.7819,0.78218,1.50,1.02
2013.07.10 18:10:11.971,0.78189,0.78218,1.69,1.02
2013.07.10 18:10:12.468,0.78189,0.78209,1.69,1.50
2013.07.10 18:10:12.769,0.78172,0.78201,2.44,1.50
2013.07.10 18:10:13.009,0.78169,0.782,1.69,1.69
2013.07.10 18:10:13.191,0.7817,0.782,1.50,1.77
2013.07.10 18:10:13.378,0.78169,0.782,1.69,1.77
2013.07.10 18:10:13.558,0.78165,0.78198,2.44,1.77
2013.07.10 18:10:13.618,0.78165,0.78196,1.69,1.69
2013.07.10 18:10:13.979,0.78163,0.78191,2.44,1.50
2013.07.10 18:10:14.038,0.7816,0.78191,1.77,1.50
2013.07.10 18:10:14.398,0.78163,0.78197,1.50,2.44
2013.07.10 18:10:14.699,0.78162,0.78196,1.50,1.69
2013.07.10 18:10:14.759,0.7816,0.78191,1.77,1.50
2013.07.10 18:10:15.818,0.7816,0.7819,1.69,1.74
2013.07.10 18:10:15.879,0.78159,0.78183,2.44,1.58
2013.07.10 18:10:15.997,0.78151,0.78176,2.25,1.50
2013.07.10 18:10:16.179,0.7815,0.78183,2.33,1.50
2013.07.10 18:10:16.239,0.78159,0.78187,1.50,2.25
2013.07.10 18:10:16.730,0.78161,0.7819,2.25,1.69
2013.07.10 18:10:16.789,0.78161,0.78191,2.25,1.69
2013.07.10 18:10:18.661,0.78187,0.78216,1.20,1.50
2013.07.10 18:10:18.732,0.78198,0.78219,2.25,1.50
2013.07.10 18:10:18.801,0.78198,0.7822,2.33,1.50
2013.07.10 18:10:18.930,0.78199,0.7822,1.58,1.50
2013.07.10 18:10:19.058,0.78211,0.78231,1.05,2.33
2013.07.10 18:10:19.481,0.78209,0.78236,1.88,2.44
2013.07.10 18:10:19.669,0.78211,0.78236,1.13,1.69
2013.07.10 18:10:19.975,0.78214,0.78236,1.13,1.50
2013.07.10 18:10:22.139,0.78218,0.78236,1.50,1.50
2013.07.10 18:10:22.380,0.78223,0.78246,1.50,1.50
2013.07.10 18:10:22.931,0.7822,0.78245,1.88,1.50
2013.07.10 18:10:23.059,0.7822,0.78244,1.88,1.50
2013.07.10 18:10:23.477,0.7822,0.78241,1.88,1.50
2013.07.10 18:10:23.838,0.78221,0.78246,1.50,1.69
2013.07.10 18:10:24.508,0.78222,0.78246,1.50,1.69
2013.07.10 18:10:25.531,0.78222,0.78246,1.50,1.50
2013.07.10 18:10:27.905,0.78222,0.78246,2.25,1.50
2013.07.10 18:10:29.797,0.78221,0.78245,1.13,1.69
2013.07.10 18:10:32.844,0.78222,0.78245,1.13,1.69
2013.07.10 18:10:33.359,0.78222,0.78246,1.32,3.19
2013.07.10 18:10:35.079,0.78222,0.78245,1.13,1.69
2013.07.10 18:10:35.389,0.78233,0.78246,1.32,1.50
2013.07.10 18:10:35.458,0.78234,0.7825,1.32,1.69
2013.07.10 18:10:35.518,0.78227,0.7825,2.78,1.69
2013.07.10 18:10:35.699,0.78227,0.7825,2.03,1.69
2013.07.10 18:10:36.501,0.78227,0.7825,1.50,2.52
2013.07.10 18:10:36.811,0.78225,0.78246,1.69,1.50
2013.07.10 18:10:36.998,0.78225,0.7825,1.69,2.37
2013.07.10 18:10:37.574,0.78224,0.78248,2.44,1.02
2013.07.10 18:10:38.998,0.78224,0.78244,1.69,1.13
2013.07.10 18:10:39.359,0.78224,0.78244,1.50,1.20
2013.07.10 18:10:39.668,0.78224,0.78236,1.13,1.50
2013.07.10 18:10:39.848,0.78222,0.78239,2.25,1.05
2013.07.10 18:10:39.907,0.78222,0.78239,2.25,1.50
2013.07.10 18:10:40.209,0.78215,0.78231,1.13,1.58
2013.07.10 18:10:40.270,0.7821,0.78222,1.50,1.50
2013.07.10 18:10:40.398,0.78206,0.78222,1.50,1.50
2013.07.10 18:10:40.518,0.78195,0.78221,1.88,1.50
2013.07.10 18:10:40.819,0.7819,0.78221,1.69,1.50
2013.07.10 18:10:40.938,0.78189,0.78221,1.69,1.50
2013.07.10 18:10:41.118,0.78178,0.78213,1.69,1.50
2013.07.10 18:10:41.362,0.7818,0.78213,1.09,1.50
2013.07.10 18:10:41.551,0.78189,0.78221,1.50,1.69
2013.07.10 18:10:42.848,0.78189,0.7822,1.50,1.69
2013.07.10 18:10:43.328,0.78185,0.78216,1.69,1.50
2013.07.10 18:10:44.340,0.78185,0.78215,1.69,1.69
2013.07.10 18:10:44.700,0.78184,0.7821,3.57,2.33
2013.07.10 18:10:44.769,0.78185,0.7821,1.69,1.58
2013.07.10 18:10:44.889,0.78184,0.78211,1.88,2.52
2013.07.10 18:10:45.248,0.78178,0.78209,1.13,1.58
2013.07.10 18:10:45.369,0.78172,0.78203,2.44,1.50
2013.07.10 18:10:45.488,0.78174,0.78207,1.69,1.50
2013.07.10 18:10:45.827,0.78173,0.78207,1.69,1.50
2013.07.10 18:10:46.979,0.78173,0.78207,1.69,1.69
2013.07.10 18:10:48.867,0.7817,0.782,1.77,1.58
2013.07.10 18:10:48.937,0.78167,0.78196,1.77,2.44
2013.07.10 18:10:49.438,0.78165,0.78196,3.19,1.69
2013.07.10 18:10:54.239,0.78168,0.78196,2.07,1.69
2013.07.10 18:10:54.359,0.78172,0.78196,1.50,1.50
2013.07.10 18:10:54.480,0.7818,0.78201,1.13,2.44
2013.07.10 18:10:54.548,0.7818,0.78201,1.50,1.69
2013.07.10 18:10:55.031,0.78175,0.78201,1.69,1.50
2013.07.10 18:10:55.402,0.78179,0.78206,1.50,2.44
2013.07.10 18:10:56.369,0.78179,0.78207,1.69,1.50
2013.07.10 18:10:58.638,0.78179,0.7821,2.44,1.58
2013.07.10 18:10:58.698,0.78185,0.7821,1.50,2.25
2013.07.10 18:10:58.759,0.78189,0.78214,1.50,1.69
2013.07.10 18:10:58.829,0.78189,0.78216,1.50,2.44
2013.07.10 18:10:58.898,0.78189,0.7822,1.50,1.84
2013.07.10 18:10:59.197,0.78189,0.78218,1.50,1.09
2013.07.10 18:11:00.888,0.78189,0.78216,1.50,1.32
2013.07.10 18:11:01.009,0.78181,0.7821,1.32,2.33
2013.07.10 18:11:01.247,0.7818,0.78208,1.50,2.22
2013.07.10 18:11:01.549,0.78176,0.782,2.25,1.80
2013.07.10 18:11:01.850,0.78176,0.78196,1.32,1.58
2013.07.10 18:11:01.919,0.78176,0.78194,1.32,1.58
2013.07.10 18:11:01.980,0.78172,0.78192,1.32,1.58
2013.07.10 18:11:02.099,0.78167,0.7819,2.82,1.50
2013.07.10 18:11:02.401,0.7817,0.78187,1.32,1.13
2013.07.10 18:11:02.472,0.78165,0.78185,1.50,1.50
2013.07.10 18:11:02.662,0.78158,0.78185,1.13,2.25
2013.07.10 18:11:02.968,0.78143,0.78177,1.69,1.50
2013.07.10 18:11:03.028,0.78142,0.78176,1.69,1.50
2013.07.10 18:11:03.210,0.78138,0.78173,2.44,1.50
2013.07.10 18:11:03.748,0.78138,0.78173,3.19,1.50
2013.07.10 18:11:07.560,0.78138,0.78173,2.44,1.69
2013.07.10 18:11:07.752,0.78138,0.78167,2.44,1.50
2013.07.10 18:11:08.058,0.78142,0.78167,1.50,1.50
2013.07.10 18:11:08.711,0.78142,0.78167,2.44,1.50
2013.07.10 18:11:10.597,0.78142,0.78171,1.69,1.50
2013.07.10 18:11:11.948,0.78143,0.78171,1.69,1.50
2013.07.10 18:11:12.247,0.78141,0.78171,2.07,1.69
2013.07.10 18:11:12.790,0.78143,0.78171,1.69,1.69
2013.07.10 18:11:14.070,0.78143,0.78171,1.69,1.69
2013.07.10 18:11:16.220,0.78145,0.78171,1.32,1.50
2013.07.10 18:11:17.659,0.78144,0.78171,1.69,1.50
2013.07.10 18:11:18.019,0.78145,0.78176,2.07,1.50
2013.07.10 18:11:18.089,0.78158,0.78175,1.50,1.69
2013.07.10 18:11:18.150,0.78158,0.78176,1.58,1.50
2013.07.10 18:11:18.278,0.78158,0.78185,1.58,1.69
2013.07.10 18:11:18.579,0.7816,0.78191,2.33,1.69
2013.07.10 18:11:18.640,0.78163,0.78191,1.13,1.69
2013.07.10 18:11:18.767,0.78172,0.782,1.13,1.69
2013.07.10 18:11:19.652,0.78173,0.782,1.88,1.69
2013.07.10 18:11:19.980,0.78176,0.78201,1.69,1.69
2013.07.10 18:11:20.829,0.78177,0.78201,1.69,1.69
2013.07.10 18:11:21.340,0.78175,0.78201,2.44,2.44
2013.07.10 18:11:21.650,0.78175,0.782,2.44,2.33
2013.07.10 18:11:21.768,0.7817,0.78196,2.44,1.50
2013.07.10 18:11:22.321,0.78171,0.78199,1.32,1.77
2013.07.10 18:11:22.390,0.7817,0.78199,2.52,1.77
2013.07.10 18:11:23.688,0.78172,0.78199,1.69,2.33
2013.07.10 18:11:25.300,0.78171,0.78198,1.69,2.44
2013.07.10 18:11:25.680,0.78171,0.78197,1.32,1.69
2013.07.10 18:11:25.921,0.78167,0.78196,1.32,1.69
2013.07.10 18:11:25.988,0.78167,0.78195,1.32,1.50
2013.07.10 18:11:26.480,0.78166,0.7819,1.32,1.65
2013.07.10 18:11:26.550,0.78164,0.7819,1.32,1.65
2013.07.10 18:11:26.859,0.7816,0.78188,2.44,1.50
2013.07.10 18:11:26.979,0.7816,0.78185,1.69,1.50
2013.07.10 18:11:27.498,0.7816,0.78185,1.69,1.50
2013.07.10 18:11:28.139,0.7816,0.78186,1.69,1.50
2013.07.10 18:11:28.220,0.7816,0.7819,2.44,3.15
2013.07.10 18:11:28.976,0.78162,0.78186,1.50,2.44
2013.07.10 18:11:29.154,0.78162,0.78189,1.69,2.44
2013.07.10 18:11:30.309,0.78163,0.7819,1.69,3.19
2013.07.10 18:11:32.609,0.78163,0.78188,1.32,1.02
2013.07.10 18:11:32.669,0.78161,0.78185,2.07,1.58
2013.07.10 18:11:33.220,0.78156,0.7818,1.50,3.15
2013.07.10 18:11:33.528,0.78155,0.78179,2.25,1.41
2013.07.10 18:11:33.949,0.7815,0.78169,2.44,1.68
2013.07.10 18:11:34.212,0.7815,0.78169,1.50,1.68
2013.07.10 18:11:34.578,0.78152,0.78171,1.50,1.68
2013.07.10 18:11:34.762,0.78155,0.78177,1.13,1.20
2013.07.10 18:11:34.891,0.78154,0.78178,1.13,1.50
2013.07.10 18:11:35.441,0.78154,0.78182,1.88,2.25
2013.07.10 18:11:35.510,0.78155,0.78182,1.50,1.50
2013.07.10 18:11:35.700,0.78155,0.78182,1.13,2.25
2013.07.10 18:11:35.880,0.78159,0.78181,1.58,2.25
2013.07.10 18:11:36.118,0.7816,0.78182,1.58,1.50
2013.07.10 18:11:36.180,0.7816,0.78182,1.95,1.50
2013.07.10 18:11:36.240,0.7816,0.78185,2.14,3.00
2013.07.10 18:11:36.428,0.7816,0.78185,3.27,1.50
2013.07.10 18:11:36.487,0.7816,0.78189,4.02,1.50
2013.07.10 18:11:37.854,0.78162,0.7819,1.69,2.25
2013.07.10 18:11:38.668,0.78162,0.7819,1.69,3.75
2013.07.10 18:11:39.300,0.78161,0.78178,1.69,1.13
2013.07.10 18:11:39.371,0.7816,0.78178,1.50,1.13
2013.07.10 18:11:39.560,0.78156,0.78176,1.69,1.50
2013.07.10 18:11:39.631,0.78157,0.7817,1.13,1.50
2013.07.10 18:11:39.819,0.78152,0.78169,1.50,1.05
2013.07.10 18:11:39.999,0.7815,0.78167,1.13,1.50
2013.07.10 18:11:40.059,0.78141,0.78165,1.69,1.13
2013.07.10 18:11:40.119,0.78141,0.78161,1.69,1.05
2013.07.10 18:11:40.179,0.78135,0.78161,2.07,2.55
2013.07.10 18:11:40.240,0.78135,0.7816,1.39,2.44
2013.07.10 18:11:40.549,0.78142,0.78166,1.50,2.44
2013.07.10 18:11:40.669,0.78142,0.78165,1.13,1.69
2013.07.10 18:11:40.788,0.78137,0.78165,1.88,1.69
2013.07.10 18:11:41.209,0.78142,0.78166,1.88,3.19
2013.07.10 18:11:41.328,0.78142,0.78168,2.44,1.69
2013.07.10 18:11:44.180,0.78144,0.7817,1.32,1.69
2013.07.10 18:11:45.159,0.78146,0.78173,1.32,1.69
2013.07.10 18:11:46.369,0.78146,0.78171,1.32,1.77
2013.07.10 18:11:46.848,0.7814,0.78169,2.44,2.52
2013.07.10 18:11:47.873,0.78142,0.78169,1.69,2.44
2013.07.10 18:11:48.121,0.78147,0.78174,1.32,2.44
2013.07.10 18:11:48.250,0.7815,0.78176,4.02,1.69
2013.07.10 18:11:48.608,0.78157,0.78171,1.13,2.25
2013.07.10 18:11:48.728,0.78154,0.78171,1.50,2.25
2013.07.10 18:11:49.508,0.78152,0.7817,1.50,1.73
2013.07.10 18:11:50.048,0.78152,0.7817,1.50,1.73
2013.07.10 18:11:50.228,0.78147,0.78169,1.69,1.50
2013.07.10 18:11:50.289,0.78142,0.78166,2.44,1.50
2013.07.10 18:11:50.351,0.7814,0.78165,1.69,1.50
2013.07.10 18:11:50.847,0.78133,0.78161,1.69,2.25
2013.07.10 18:11:52.809,0.78133,0.7816,1.69,3.19
2013.07.10 18:11:54.078,0.78134,0.7816,1.32,1.69
2013.07.10 18:11:54.379,0.7814,0.7816,1.58,1.69
2013.07.10 18:11:54.681,0.78142,0.78161,1.50,2.44
2013.07.10 18:11:54.751,0.78142,0.78167,1.50,1.69
2013.07.10 18:11:54.821,0.78142,0.7817,1.50,2.44
2013.07.10 18:11:54.948,0.78147,0.7817,1.13,1.69
2013.07.10 18:11:55.250,0.78152,0.78173,1.13,1.69
2013.07.10 18:11:55.741,0.78161,0.78174,1.13,3.19
2013.07.10 18:11:55.812,0.78161,0.78175,1.13,1.69
2013.07.10 18:11:56.059,0.78162,0.78185,1.13,2.44
2013.07.10 18:11:56.120,0.78163,0.78185,1.13,2.44
2013.07.10 18:11:56.180,0.78163,0.78186,1.13,1.69
2013.07.10 18:11:56.698,0.78163,0.7819,1.50,3.19
2013.07.10 18:11:57.604,0.78164,0.7819,1.20,3.19
2013.07.10 18:11:57.686,0.78175,0.78202,1.13,2.44
2013.07.10 18:11:58.676,0.78175,0.78205,1.13,3.19
2013.07.10 18:11:59.634,0.78174,0.782,2.25,2.05
2013.07.10 18:11:59.879,0.78169,0.7819,1.69,1.58
2013.07.10 18:12:00.178,0.78165,0.78188,2.07,1.50
2013.07.10 18:12:00.299,0.78165,0.78188,1.69,1.50
2013.07.10 18:12:00.359,0.78158,0.78186,1.69,1.50
2013.07.10 18:12:00.667,0.78155,0.78185,2.07,1.69
2013.07.10 18:12:02.670,0.78155,0.78185,3.19,3.19
2013.07.10 18:12:03.441,0.78156,0.78185,1.69,3.19
2013.07.10 18:12:03.748,0.78169,0.7819,2.70,2.44
2013.07.10 18:12:03.808,0.78169,0.78194,2.70,3.19
2013.07.10 18:12:03.988,0.7817,0.78197,1.58,2.44
2013.07.10 18:12:04.861,0.7817,0.78199,2.33,2.44
2013.07.10 18:12:05.109,0.78175,0.78202,2.25,2.44
2013.07.10 18:12:05.419,0.7818,0.78208,1.39,2.44
2013.07.10 18:12:05.479,0.7818,0.7821,1.39,4.02
2013.07.10 18:12:07.499,0.78181,0.78206,3.57,1.02
2013.07.10 18:12:08.300,0.78165,0.78191,1.69,1.50
2013.07.10 18:12:08.488,0.78165,0.78195,1.69,1.50
2013.07.10 18:12:09.028,0.78159,0.78191,1.69,1.69
2013.07.10 18:12:10.180,0.78161,0.78191,1.13,1.50
2013.07.10 18:12:10.538,0.78164,0.78195,1.88,1.69
2013.07.10 18:12:10.899,0.78174,0.78196,1.13,1.69
2013.07.10 18:12:11.019,0.78174,0.78204,1.88,2.44
2013.07.10 18:12:11.258,0.78175,0.78204,1.58,2.44
2013.07.10 18:12:11.379,0.78179,0.78206,1.50,2.44
2013.07.10 18:12:11.439,0.78181,0.78206,1.50,1.69
2013.07.10 18:12:11.498,0.78184,0.78215,1.88,3.57
2013.07.10 18:12:11.679,0.78184,0.78215,1.88,1.32
2013.07.10 18:12:13.242,0.78184,0.78216,1.88,2.44
2013.07.10 18:12:13.748,0.78184,0.78215,1.88,1.77
2013.07.10 18:12:14.050,0.78183,0.78211,1.32,3.83
2013.07.10 18:12:14.168,0.7818,0.7821,1.69,1.58
2013.07.10 18:12:15.778,0.7818,0.78209,3.19,2.44
2013.07.10 18:12:16.137,0.78188,0.78215,1.50,3.94
2013.07.10 18:12:16.438,0.78194,0.78216,1.88,2.44
2013.07.10 18:12:16.499,0.78194,0.78223,1.88,1.69
2013.07.10 18:12:17.917,0.78195,0.78225,1.50,1.69
2013.07.10 18:12:18.903,0.78195,0.78225,3.19,1.69
2013.07.10 18:12:19.788,0.78195,0.78225,3.19,1.69
2013.07.10 18:12:20.210,0.78199,0.78226,3.19,1.69
2013.07.10 18:12:20.518,0.78204,0.7823,1.88,3.27
2013.07.10 18:12:20.880,0.78204,0.78226,1.50,1.02
2013.07.10 18:12:21.011,0.78196,0.78224,1.69,1.58
2013.07.10 18:12:21.579,0.78195,0.78221,2.44,1.58
2013.07.10 18:12:25.388,0.78196,0.78223,3.19,1.69
2013.07.10 18:12:25.949,0.78199,0.78225,1.69,3.19
2013.07.10 18:12:26.250,0.782,0.78225,3.08,2.44
2013.07.10 18:12:26.314,0.78202,0.7823,1.69,1.69
2013.07.10 18:12:26.382,0.78204,0.78231,1.69,1.50
2013.07.10 18:12:26.508,0.78209,0.78236,2.25,2.44
2013.07.10 18:12:28.078,0.78209,0.78238,2.25,2.44
2013.07.10 18:12:28.736,0.7821,0.7824,3.00,3.27
2013.07.10 18:12:29.495,0.7821,0.78238,3.00,1.69
2013.07.10 18:12:29.562,0.78206,0.78231,1.69,1.58
2013.07.10 18:12:30.059,0.782,0.7823,3.19,1.58
2013.07.10 18:12:30.179,0.78199,0.78229,1.69,1.50
2013.07.10 18:12:30.238,0.78196,0.78226,2.44,1.50
2013.07.10 18:12:32.868,0.78197,0.78226,2.44,2.44
2013.07.10 18:12:33.701,0.78197,0.78223,2.44,1.13
2013.07.10 18:12:33.827,0.78194,0.7822,2.44,1.02
2013.07.10 18:12:34.009,0.7819,0.78217,1.69,1.13
2013.07.10 18:12:34.129,0.7819,0.78217,1.69,1.88
2013.07.10 18:12:34.307,0.78181,0.78211,3.19,2.33
2013.07.10 18:12:36.768,0.78185,0.78215,1.69,1.69
2013.07.10 18:12:37.837,0.78188,0.78216,1.69,1.69
2013.07.10 18:12:38.078,0.78194,0.78225,1.50,3.19
2013.07.10 18:12:39.099,0.78194,0.78226,1.50,2.44
2013.07.10 18:12:39.641,0.78194,0.78226,1.58,2.44
2013.07.10 18:12:40.392,0.782,0.78226,1.58,2.44
2013.07.10 18:12:40.469,0.78209,0.78238,1.58,2.44
2013.07.10 18:12:40.779,0.7821,0.78238,1.58,2.44
2013.07.10 18:12:41.021,0.78214,0.7824,1.50,1.09
2013.07.10 18:12:41.638,0.78215,0.78243,1.50,2.44
2013.07.10 18:12:42.239,0.78215,0.78245,1.50,3.94
2013.07.10 18:12:44.024,0.78216,0.78245,2.25,3.94
2013.07.10 18:12:44.988,0.78221,0.78245,1.50,3.94
2013.07.10 18:12:45.921,0.78221,0.78245,1.50,2.44
2013.07.10 18:12:46.478,0.78221,0.78245,1.50,2.44
2013.07.10 18:12:47.641,0.78221,0.78245,2.07,1.69
2013.07.10 18:12:47.829,0.78222,0.78245,1.50,1.69
2013.07.10 18:12:47.949,0.78225,0.78248,1.69,3.19
2013.07.10 18:12:48.011,0.78231,0.78248,1.50,1.69
2013.07.10 18:12:48.079,0.78231,0.7825,1.50,3.94
2013.07.10 18:12:49.510,0.78235,0.7825,1.58,3.94
2013.07.10 18:12:49.640,0.78236,0.7825,1.58,2.25
2013.07.10 18:12:49.818,0.7824,0.78268,1.50,2.14
2013.07.10 18:12:49.880,0.7824,0.7827,1.50,2.07
2013.07.10 18:12:50.429,0.7824,0.78271,3.00,2.44
2013.07.10 18:12:51.165,0.78242,0.78272,2.25,1.32
2013.07.10 18:12:51.701,0.78244,0.78275,1.50,3.19
2013.07.10 18:12:52.288,0.78245,0.78275,1.50,3.19
2013.07.10 18:12:52.592,0.78259,0.7829,1.58,1.69
2013.07.10 18:12:52.721,0.78255,0.78288,1.50,1.69
2013.07.10 18:12:52.789,0.78254,0.78286,2.25,1.50
2013.07.10 18:12:53.088,0.78256,0.78286,1.50,1.50
2013.07.10 18:12:53.208,0.78254,0.78286,3.00,1.50
2013.07.10 18:12:53.690,0.78255,0.78286,1.69,1.69
2013.07.10 18:12:54.239,0.78259,0.78287,1.50,2.07
2013.07.10 18:12:55.028,0.78259,0.78287,2.44,3.57
2013.07.10 18:12:57.858,0.78259,0.78287,3.19,2.25
2013.07.10 18:12:59.252,0.7826,0.78288,1.69,3.19
2013.07.10 18:13:02.792,0.7826,0.78287,1.69,2.07
2013.07.10 18:13:03.039,0.78259,0.78286,3.19,2.44
2013.07.10 18:13:04.049,0.78256,0.78285,3.19,2.44
2013.07.10 18:13:05.838,0.78256,0.78285,3.19,3.94
2013.07.10 18:13:07.388,0.78256,0.78282,3.19,1.77
2013.07.10 18:13:07.719,0.78256,0.78281,3.19,2.33
2013.07.10 18:13:07.961,0.78255,0.7828,1.69,1.69
2013.07.10 18:13:08.209,0.78255,0.78278,1.69,1.13
2013.07.10 18:13:08.510,0.78253,0.78266,2.44,1.95
2013.07.10 18:13:08.929,0.78249,0.78266,1.88,2.78
2013.07.10 18:13:08.991,0.78249,0.78266,1.13,2.78
2013.07.10 18:13:09.181,0.78247,0.78261,1.13,2.40
2013.07.10 18:13:09.250,0.78239,0.7826,1.50,1.50
2013.07.10 18:13:09.319,0.78232,0.7826,1.69,1.69
2013.07.10 18:13:09.379,0.78233,0.7826,1.69,1.69
2013.07.10 18:13:09.498,0.78248,0.78261,2.25,1.84
2013.07.10 18:13:09.560,0.78248,0.7826,2.25,2.44
2013.07.10 18:13:09.801,0.78247,0.78262,1.50,1.84
2013.07.10 18:13:10.604,0.78248,0.78261,2.25,1.09
2013.07.10 18:13:11.732,0.78248,0.78262,2.25,1.09
2013.07.10 18:13:13.670,0.7825,0.7827,1.50,2.07
2013.07.10 18:13:13.801,0.78252,0.78276,2.25,2.44
2013.07.10 18:13:13.928,0.78252,0.78276,3.00,2.44
2013.07.10 18:13:13.989,0.78252,0.78278,3.00,3.94
2013.07.10 18:13:14.230,0.78255,0.78278,1.50,3.19
2013.07.10 18:13:14.538,0.78267,0.78281,1.50,3.34
2013.07.10 18:13:14.899,0.7827,0.78284,1.50,1.69
2013.07.10 18:13:15.019,0.7827,0.78289,1.50,1.50
2013.07.10 18:13:17.340,0.7827,0.78281,1.50,2.85
2013.07.10 18:13:17.578,0.78252,0.7828,5.29,1.50
2013.07.10 18:13:17.639,0.78256,0.78281,1.50,2.25
2013.07.10 18:13:17.833,0.78255,0.78285,1.50,2.25
2013.07.10 18:13:17.899,0.78255,0.7828,1.50,2.44
2013.07.10 18:13:18.200,0.78255,0.7828,1.50,2.44
2013.07.10 18:13:18.270,0.78259,0.78285,1.50,2.44
2013.07.10 18:13:18.759,0.78255,0.78281,1.50,1.77
2013.07.10 18:13:19.300,0.78255,0.78282,1.50,1.02
2013.07.10 18:13:19.660,0.78255,0.78281,1.50,1.02
2013.07.10 18:13:20.675,0.78255,0.78281,1.50,1.77
2013.07.10 18:13:21.411,0.78255,0.78279,1.50,1.69
2013.07.10 18:13:21.720,0.78259,0.78283,1.50,2.44
2013.07.10 18:13:22.029,0.78279,0.78292,2.25,1.50
2013.07.10 18:13:22.459,0.7828,0.78302,2.25,2.55
2013.07.10 18:13:22.818,0.78284,0.78307,1.50,1.65
2013.07.10 18:13:22.938,0.78284,0.78315,1.50,4.32
2013.07.10 18:13:23.929,0.78284,0.78315,1.50,2.82
2013.07.10 18:13:27.949,0.78284,0.78314,1.50,1.32
2013.07.10 18:13:28.488,0.78284,0.78313,2.44,2.44
2013.07.10 18:13:29.366,0.78284,0.78313,2.44,1.32
2013.07.10 18:13:30.228,0.78284,0.78314,2.44,3.94
2013.07.10 18:13:31.870,0.78282,0.7831,1.69,2.07
2013.07.10 18:13:32.359,0.78287,0.78311,1.58,3.19
2013.07.10 18:13:32.429,0.78291,0.78312,1.50,1.50
2013.07.10 18:13:33.136,0.78291,0.78312,1.50,1.50
2013.07.10 18:13:35.309,0.78291,0.78313,1.50,1.50
2013.07.10 18:13:35.368,0.78296,0.78315,1.50,3.19
2013.07.10 18:13:35.670,0.78301,0.7832,1.50,2.29
2013.07.10 18:13:36.182,0.78302,0.78321,1.50,3.34
2013.07.10 18:13:36.427,0.78296,0.7832,2.25,2.44
2013.07.10 18:13:36.547,0.78298,0.78318,1.50,1.69
2013.07.10 18:13:36.607,0.78295,0.78318,1.69,1.69
2013.07.10 18:13:36.789,0.78294,0.78318,1.32,1.69
2013.07.10 18:13:36.848,0.78293,0.78318,2.44,1.69
2013.07.10 18:13:37.690,0.78293,0.78318,2.44,1.69
2013.07.10 18:13:37.939,0.78301,0.78318,1.50,1.69
2013.07.10 18:13:37.999,0.78304,0.7832,1.50,1.32
2013.07.10 18:13:38.118,0.78304,0.78322,1.50,1.69
2013.07.10 18:13:38.630,0.78304,0.78322,1.50,1.32
2013.07.10 18:13:38.930,0.78302,0.78321,2.25,2.07
2013.07.10 18:13:39.000,0.78299,0.78318,1.50,2.25
2013.07.10 18:13:39.120,0.78292,0.78318,2.44,2.25
2013.07.10 18:13:39.181,0.78292,0.78315,1.50,1.69
2013.07.10 18:13:39.884,0.78292,0.78315,1.13,1.69
2013.07.10 18:13:40.220,0.78309,0.7833,2.33,1.69
2013.07.10 18:13:40.347,0.7831,0.78335,1.58,2.44
2013.07.10 18:13:41.360,0.78309,0.78334,2.44,1.32
2013.07.10 18:13:42.649,0.78305,0.78333,3.94,1.32
2013.07.10 18:13:44.433,0.78307,0.78332,1.02,1.32
2013.07.10 18:13:44.750,0.78309,0.78332,3.08,1.32
2013.07.10 18:13:45.911,0.78312,0.78334,1.50,2.44
2013.07.10 18:13:46.039,0.78319,0.78337,1.50,3.19
2013.07.10 18:13:47.021,0.78321,0.7834,1.50,3.19
2013.07.10 18:13:47.270,0.78329,0.78347,2.25,1.69
2013.07.10 18:13:47.689,0.78331,0.7835,3.00,2.44
2013.07.10 18:13:47.988,0.78339,0.78364,1.50,1.69
2013.07.10 18:13:48.049,0.7834,0.78366,1.50,1.50
2013.07.10 18:13:48.360,0.7835,0.78368,1.50,2.03
2013.07.10 18:13:48.420,0.7835,0.78371,1.65,1.13
2013.07.10 18:13:49.201,0.78365,0.78385,1.50,1.32
2013.07.10 18:13:49.930,0.78365,0.78388,1.50,1.02
2013.07.10 18:13:50.110,0.78365,0.78391,1.69,2.33
2013.07.10 18:13:50.413,0.78369,0.78396,3.19,1.58
2013.07.10 18:13:51.139,0.7837,0.78398,1.69,1.32
2013.07.10 18:13:51.648,0.7837,0.784,2.44,2.56
2013.07.10 18:13:52.008,0.78374,0.78399,1.69,1.14
2013.07.10 18:13:52.567,0.78374,0.78399,1.69,1.13
2013.07.10 18:13:53.118,0.78374,0.78403,1.69,1.58
2013.07.10 18:13:53.777,0.78375,0.78406,3.19,1.77
2013.07.10 18:13:55.161,0.78379,0.7841,2.44,1.22
2013.07.10 18:13:56.796,0.78379,0.78408,1.69,1.03
2013.07.10 18:13:56.909,0.78375,0.78406,1.69,1.58
2013.07.10 18:13:57.208,0.7838,0.78407,1.50,1.02
2013.07.10 18:13:57.509,0.78381,0.78411,2.44,1.50
2013.07.10 18:13:57.570,0.78384,0.78415,1.50,1.69
2013.07.10 18:13:58.499,0.78389,0.78416,1.50,2.44
2013.07.10 18:13:58.581,0.78389,0.7842,1.50,1.69
2013.07.10 18:13:58.959,0.7839,0.7842,1.50,1.69
2013.07.10 18:13:59.260,0.78395,0.78421,1.58,1.54
2013.07.10 18:13:59.378,0.78399,0.78424,1.50,1.09
2013.07.10 18:14:00.918,0.78401,0.7843,1.50,3.19
2013.07.10 18:14:01.013,0.78409,0.78439,1.50,1.69
2013.07.10 18:14:01.269,0.78404,0.78436,1.69,1.50
2013.07.10 18:14:01.451,0.78409,0.78439,2.25,1.69
2013.07.10 18:14:02.003,0.78409,0.7844,3.75,1.54
2013.07.10 18:14:02.470,0.78405,0.78436,1.69,1.50
2013.07.10 18:14:02.863,0.78404,0.78436,1.69,1.50
2013.07.10 18:14:02.991,0.78404,0.78436,1.69,1.65
2013.07.10 18:14:03.299,0.78404,0.7843,1.50,1.17
2013.07.10 18:14:03.420,0.78395,0.78426,1.50,1.58
2013.07.10 18:14:03.489,0.78394,0.78416,1.50,1.50
2013.07.10 18:14:04.028,0.78385,0.78415,1.58,1.05
2013.07.10 18:14:04.329,0.78385,0.78415,1.50,1.73
2013.07.10 18:14:04.631,0.78385,0.78412,1.50,1.73
2013.07.10 18:14:04.938,0.78383,0.78402,2.85,1.32
2013.07.10 18:14:05.179,0.78375,0.78403,1.50,2.07
2013.07.10 18:14:05.298,0.78374,0.78403,1.50,2.07
2013.07.10 18:14:07.478,0.78375,0.78403,1.50,1.32
2013.07.10 18:14:08.008,0.78374,0.78401,1.50,1.99
2013.07.10 18:14:08.068,0.78374,0.784,1.50,1.05
2013.07.10 18:14:08.569,0.7837,0.78399,1.50,1.24
2013.07.10 18:14:08.879,0.7837,0.78399,1.58,1.92
2013.07.10 18:14:08.999,0.78372,0.78396,1.50,1.50
2013.07.10 18:14:09.790,0.78369,0.78395,1.50,1.13
2013.07.10 18:14:10.109,0.78365,0.78391,1.69,1.13
2013.07.10 18:14:10.659,0.78365,0.7839,1.50,1.13
2013.07.10 18:14:12.850,0.78365,0.78395,1.50,2.67
2013.07.10 18:14:14.350,0.78365,0.78395,1.50,1.58
2013.07.10 18:14:14.859,0.78365,0.78391,1.50,1.58
2013.07.10 18:14:15.398,0.78365,0.7839,1.50,1.95
2013.07.10 18:14:17.389,0.7837,0.78391,1.50,2.52
2013.07.10 18:14:18.499,0.7837,0.7838,1.50,1.05
2013.07.10 18:14:18.740,0.78345,0.78371,1.69,2.25
2013.07.10 18:14:18.808,0.78344,0.78371,1.69,2.25
2013.07.10 18:14:19.720,0.78345,0.78371,1.50,1.73
2013.07.10 18:14:21.171,0.78345,0.78369,1.50,1.32
2013.07.10 18:14:21.419,0.7834,0.78369,1.50,2.07
2013.07.10 18:14:21.779,0.78349,0.7837,2.33,1.69
2013.07.10 18:14:21.902,0.78351,0.78371,1.50,1.50
2013.07.10 18:14:22.089,0.78353,0.78375,1.50,1.69
2013.07.10 18:14:22.211,0.78354,0.78377,1.50,1.73
2013.07.10 18:14:22.279,0.78359,0.78377,1.50,1.73
2013.07.10 18:14:22.400,0.78361,0.78385,1.50,2.44
2013.07.10 18:14:22.471,0.78363,0.78389,1.50,1.32
2013.07.10 18:14:22.779,0.78363,0.7839,1.50,1.32
2013.07.10 18:14:23.259,0.78369,0.7839,1.50,1.32
2013.07.10 18:14:23.439,0.78371,0.78391,1.50,1.50
2013.07.10 18:14:23.620,0.78365,0.78392,1.50,1.17
2013.07.10 18:14:23.879,0.78365,0.78396,1.50,1.99
2013.07.10 18:14:24.000,0.78365,0.78396,1.58,1.69
2013.07.10 18:14:24.308,0.78372,0.784,1.50,1.24
2013.07.10 18:14:24.925,0.78372,0.784,1.50,1.24
2013.07.10 18:14:26.101,0.78372,0.784,1.50,1.24
2013.07.10 18:14:27.258,0.78375,0.78405,1.50,1.99
2013.07.10 18:14:27.378,0.78375,0.78405,1.50,1.99
2013.07.10 18:14:27.941,0.78375,0.78405,1.50,1.99
2013.07.10 18:14:28.679,0.78375,0.78405,1.50,1.24
