2012.09.14 06:00:00.028,0.8345,0.83466,2.25,2.63
2012.09.14 06:00:00.307,0.8345,0.83466,2.25,2.63
2012.09.14 06:00:00.857,0.83451,0.83466,1.65,1.50
2012.09.14 06:00:01.782,0.83453,0.83467,2.25,1.50
2012.09.14 06:00:03.245,0.83454,0.83469,2.25,1.50
2012.09.14 06:00:04.256,0.83453,0.83469,2.25,3.00
2012.09.14 06:00:04.326,0.83453,0.83469,1.50,3.00
2012.09.14 06:00:04.576,0.83453,0.83469,2.25,3.00
2012.09.14 06:00:05.925,0.83451,0.83467,4.50,1.50
2012.09.14 06:00:06.606,0.83452,0.83468,2.25,1.50
2012.09.14 06:00:07.155,0.83452,0.83468,2.25,1.50
2012.09.14 06:00:08.841,0.83452,0.83468,2.25,1.50
2012.09.14 06:00:09.423,0.83451,0.83467,3.00,1.50
2012.09.14 06:00:09.977,0.83452,0.83468,2.25,3.00
2012.09.14 06:00:10.240,0.83455,0.83471,2.25,3.23
2012.09.14 06:00:10.595,0.8346,0.83474,1.50,1.73
2012.09.14 06:00:11.267,0.83459,0.83475,1.50,2.48
2012.09.14 06:00:12.206,0.83459,0.83475,2.25,2.48
2012.09.14 06:00:12.766,0.83459,0.83473,1.50,1.50
2012.09.14 06:00:14.027,0.83457,0.83471,2.25,1.50
2012.09.14 06:00:15.700,0.83455,0.8347,3.23,1.50
2012.09.14 06:00:16.231,0.83455,0.83469,2.18,1.50
2012.09.14 06:00:17.260,0.83454,0.83467,1.13,1.50
2012.09.14 06:00:17.618,0.83451,0.83466,1.13,1.50
2012.09.14 06:00:17.829,0.83453,0.83467,1.50,1.50
2012.09.14 06:00:18.402,0.83452,0.83466,1.50,1.50
2012.09.14 06:00:18.480,0.83452,0.83468,1.50,1.50
2012.09.14 06:00:18.839,0.83452,0.83466,1.50,1.50
2012.09.14 06:00:19.059,0.83448,0.83464,3.38,1.50
2012.09.14 06:00:19.137,0.8345,0.83464,2.25,1.50
2012.09.14 06:00:19.486,0.83448,0.83464,1.50,1.50
2012.09.14 06:00:20.154,0.83446,0.83462,2.63,1.50
2012.09.14 06:00:20.705,0.83447,0.83463,2.25,1.50
2012.09.14 06:00:23.125,0.8345,0.83464,1.50,1.50
2012.09.14 06:00:23.297,0.83448,0.83464,1.50,1.50
2012.09.14 06:00:24.246,0.8345,0.83464,1.50,1.50
2012.09.14 06:00:24.556,0.83451,0.83467,1.50,1.50
2012.09.14 06:00:25.438,0.83452,0.83468,1.50,1.50
2012.09.14 06:00:26.080,0.83451,0.83467,1.50,1.50
2012.09.14 06:00:26.316,0.83451,0.83465,1.50,1.50
2012.09.14 06:00:27.073,0.83452,0.83466,1.50,1.50
2012.09.14 06:00:28.296,0.8345,0.83466,3.75,1.50
2012.09.14 06:00:28.746,0.83452,0.83466,1.50,1.50
2012.09.14 06:00:29.568,0.83451,0.83465,1.50,1.50
2012.09.14 06:00:31.535,0.83451,0.83467,1.50,1.50
2012.09.14 06:00:32.676,0.83451,0.83465,1.50,1.50
2012.09.14 06:00:34.003,0.83453,0.83469,1.50,1.50
2012.09.14 06:00:34.147,0.83455,0.83469,1.50,1.50
2012.09.14 06:00:34.698,0.83455,0.83469,2.25,1.50
2012.09.14 06:00:34.919,0.83458,0.83472,1.50,1.50
2012.09.14 06:00:34.998,0.8346,0.83474,1.50,1.73
2012.09.14 06:00:35.526,0.83458,0.83474,1.50,2.48
2012.09.14 06:00:36.809,0.83459,0.83473,1.50,1.50
2012.09.14 06:00:37.039,0.83457,0.83473,1.50,1.50
2012.09.14 06:00:38.957,0.83459,0.83475,1.50,3.98
2012.09.14 06:00:39.760,0.83458,0.83474,1.50,2.48
2012.09.14 06:00:40.228,0.8346,0.83474,1.50,2.48
2012.09.14 06:00:40.738,0.83458,0.83474,3.00,2.48
2012.09.14 06:00:42.589,0.83458,0.83472,1.50,1.50
2012.09.14 06:00:44.717,0.83458,0.83474,1.50,2.48
2012.09.14 06:00:45.523,0.83461,0.83477,1.50,1.73
2012.09.14 06:00:45.603,0.83461,0.83477,1.50,1.50
2012.09.14 06:00:46.802,0.83464,0.83478,2.48,1.50
2012.09.14 06:00:47.358,0.83465,0.83479,2.25,1.50
2012.09.14 06:00:48.686,0.83464,0.8348,2.48,1.50
2012.09.14 06:00:49.205,0.83465,0.83479,2.25,1.50
2012.09.14 06:00:50.457,0.83466,0.83481,1.50,2.54
2012.09.14 06:00:54.567,0.83467,0.83481,1.50,1.79
2012.09.14 06:00:54.867,0.83472,0.83486,1.50,1.50
2012.09.14 06:00:54.937,0.83472,0.83486,1.50,1.73
2012.09.14 06:00:55.773,0.83475,0.8349,1.50,2.16
2012.09.14 06:00:55.851,0.83475,0.83491,1.50,3.44
2012.09.14 06:00:55.930,0.83475,0.83491,1.50,2.54
2012.09.14 06:00:56.806,0.83476,0.83492,1.50,1.79
2012.09.14 06:00:58.618,0.83478,0.83494,1.50,1.79
2012.09.14 06:00:59.134,0.83477,0.83493,1.50,1.79
2012.09.14 06:01:00.458,0.83479,0.83493,1.50,1.79
2012.09.14 06:01:00.586,0.83477,0.83493,1.50,1.79
2012.09.14 06:01:01.281,0.83477,0.83493,1.50,1.79
2012.09.14 06:01:01.415,0.83479,0.83493,1.50,1.79
2012.09.14 06:01:01.610,0.83477,0.83493,1.50,1.79
2012.09.14 06:01:02.182,0.83477,0.83493,1.50,1.79
2012.09.14 06:01:02.869,0.83478,0.83494,1.50,1.79
2012.09.14 06:01:03.021,0.83483,0.83495,1.50,1.26
2012.09.14 06:01:03.117,0.83483,0.83496,1.50,1.88
2012.09.14 06:01:03.340,0.83486,0.83499,1.50,1.88
2012.09.14 06:01:03.419,0.83486,0.83499,1.50,1.73
2012.09.14 06:01:03.638,0.83484,0.835,1.50,2.48
2012.09.14 06:01:05.220,0.83484,0.83497,1.50,2.48
2012.09.14 06:01:05.307,0.83477,0.83497,1.88,2.63
2012.09.14 06:01:05.749,0.83477,0.83496,3.60,1.13
2012.09.14 06:01:05.909,0.8348,0.83502,2.85,3.38
2012.09.14 06:01:06.918,0.8348,0.83501,4.35,1.88
2012.09.14 06:01:08.757,0.8348,0.83501,1.73,1.88
2012.09.14 06:01:09.297,0.83483,0.83502,1.20,1.88
2012.09.14 06:01:10.655,0.83484,0.83502,1.35,1.88
2012.09.14 06:01:11.161,0.83484,0.83502,2.85,1.88
2012.09.14 06:01:13.608,0.8348,0.835,3.23,2.48
2012.09.14 06:01:14.617,0.8348,0.835,1.73,2.48
2012.09.14 06:01:14.838,0.83479,0.83499,1.88,1.35
2012.09.14 06:01:14.968,0.83479,0.83495,1.88,1.50
2012.09.14 06:01:15.541,0.8348,0.83495,1.73,1.50
2012.09.14 06:01:15.619,0.8348,0.83499,1.73,2.10
2012.09.14 06:01:19.488,0.83478,0.83498,4.50,1.50
2012.09.14 06:01:19.559,0.83476,0.83495,1.95,1.35
2012.09.14 06:01:19.638,0.83476,0.83495,1.95,1.35
2012.09.14 06:01:19.710,0.83478,0.83496,1.50,1.73
2012.09.14 06:01:20.219,0.83477,0.83495,2.70,1.35
2012.09.14 06:01:20.749,0.83477,0.83495,1.20,1.35
2012.09.14 06:01:21.102,0.8348,0.835,1.50,1.88
2012.09.14 06:01:21.316,0.8348,0.835,1.50,1.73
2012.09.14 06:01:21.855,0.8348,0.835,1.50,2.10
2012.09.14 06:01:23.906,0.83485,0.835,1.95,1.73
2012.09.14 06:01:24.129,0.83486,0.83504,1.50,2.25
2012.09.14 06:01:24.278,0.83486,0.83504,1.50,1.35
2012.09.14 06:01:24.810,0.83486,0.83504,1.50,1.35
2012.09.14 06:01:25.899,0.83486,0.83504,1.50,1.35
2012.09.14 06:01:27.992,0.83486,0.83503,1.50,2.25
2012.09.14 06:01:28.145,0.83484,0.835,1.50,1.35
2012.09.14 06:01:29.398,0.83484,0.835,1.35,1.35
2012.09.14 06:01:30.103,0.83482,0.835,1.50,1.35
2012.09.14 06:01:30.579,0.83484,0.83502,1.95,1.13
2012.09.14 06:01:30.868,0.83489,0.83505,1.20,2.48
2012.09.14 06:01:31.362,0.83491,0.8351,1.50,1.50
2012.09.14 06:01:31.440,0.83491,0.8351,1.50,1.35
2012.09.14 06:01:31.935,0.8349,0.83508,1.50,1.50
2012.09.14 06:01:32.327,0.8349,0.8351,2.10,1.35
2012.09.14 06:01:32.621,0.83493,0.8351,1.50,1.35
2012.09.14 06:01:33.123,0.83493,0.8351,1.95,1.35
2012.09.14 06:01:33.677,0.83491,0.83512,1.50,5.63
2012.09.14 06:01:37.479,0.83491,0.83511,1.50,2.25
2012.09.14 06:01:39.748,0.8349,0.83505,1.50,1.50
2012.09.14 06:01:39.897,0.8349,0.83505,1.95,1.73
2012.09.14 06:01:40.503,0.8349,0.83508,1.50,3.16
2012.09.14 06:01:41.069,0.83486,0.83505,1.50,1.73
2012.09.14 06:01:41.357,0.83485,0.83505,2.93,1.73
2012.09.14 06:01:41.982,0.83485,0.83504,2.48,2.11
2012.09.14 06:01:42.061,0.83485,0.83503,1.50,3.24
2012.09.14 06:01:42.208,0.83483,0.83503,1.20,3.23
2012.09.14 06:01:42.417,0.8348,0.835,1.95,1.35
2012.09.14 06:01:43.291,0.8348,0.835,1.20,1.35
2012.09.14 06:01:45.085,0.8348,0.835,1.20,1.36
2012.09.14 06:01:45.618,0.83479,0.835,1.43,2.10
2012.09.14 06:01:47.418,0.83478,0.835,1.13,1.35
2012.09.14 06:01:48.000,0.83479,0.83497,1.13,2.25
2012.09.14 06:01:48.219,0.83477,0.83497,1.95,2.48
2012.09.14 06:01:48.299,0.83479,0.835,1.20,1.50
2012.09.14 06:01:48.439,0.83479,0.835,2.18,1.35
2012.09.14 06:02:07.168,0.83479,0.83499,1.13,1.14
2012.09.14 06:02:07.657,0.83475,0.83496,1.65,1.73
2012.09.14 06:02:07.744,0.83473,0.83495,1.13,1.35
2012.09.14 06:02:28.291,0.83474,0.83494,1.13,1.88
2012.09.14 06:02:29.547,0.83475,0.83494,1.20,1.13
2012.09.14 06:02:44.937,0.83471,0.83491,2.18,1.13
2012.09.14 06:02:45.819,0.83471,0.8349,1.95,1.35
2012.09.14 06:02:45.900,0.83471,0.8349,1.50,1.35
2012.09.14 06:02:46.050,0.83467,0.83486,1.20,1.73
2012.09.14 06:02:46.198,0.83467,0.83484,1.05,1.13
2012.09.14 06:03:00.148,0.83465,0.83484,1.58,1.13
2012.09.14 06:03:00.293,0.83465,0.83484,1.58,1.88
2012.09.14 06:03:00.509,0.83464,0.83478,1.13,1.88
2012.09.14 06:03:00.592,0.83463,0.83478,1.32,2.85
2012.09.14 06:03:01.376,0.83452,0.83474,1.95,1.35
2012.09.14 06:03:01.649,0.83451,0.83472,2.18,2.48
2012.09.14 06:03:02.570,0.83451,0.83471,1.43,1.13
2012.09.14 06:03:03.141,0.83451,0.83472,1.35,2.63
2012.09.14 06:03:06.798,0.83454,0.8347,3.00,1.35
2012.09.14 06:03:07.352,0.83455,0.83474,1.43,2.25
2012.09.14 06:03:11.408,0.83453,0.83473,2.48,2.40
2012.09.14 06:03:11.494,0.83452,0.83472,2.25,1.13
2012.09.14 06:03:15.084,0.83456,0.83472,1.50,1.88
2012.09.14 06:03:15.165,0.83455,0.83475,3.23,2.63
2012.09.14 06:03:15.236,0.83455,0.83475,3.23,2.48
2012.09.14 06:03:15.748,0.83455,0.83472,1.43,2.40
2012.09.14 06:03:15.888,0.83454,0.83472,1.95,2.63
2012.09.14 06:03:15.959,0.83454,0.83474,1.95,1.50
2012.09.14 06:03:16.296,0.83453,0.83472,1.20,2.63
2012.09.14 06:03:16.978,0.83454,0.83472,1.20,2.63
2012.09.14 06:03:17.260,0.83456,0.83474,1.50,1.28
2012.09.14 06:03:17.410,0.83456,0.83474,1.95,1.13
2012.09.14 06:03:17.559,0.83454,0.83472,1.43,2.25
2012.09.14 06:03:18.168,0.83454,0.83472,1.20,2.63
2012.09.14 06:03:18.720,0.83454,0.83471,1.20,1.13
2012.09.14 06:03:19.485,0.83455,0.83474,1.50,2.25
2012.09.14 06:03:19.769,0.83455,0.83475,2.93,1.73
2012.09.14 06:03:30.237,0.83456,0.83476,2.93,1.13
2012.09.14 06:03:30.594,0.83459,0.83476,1.43,1.50
2012.09.14 06:03:30.669,0.83458,0.83475,1.50,1.50
2012.09.14 06:03:30.959,0.83458,0.83478,3.23,3.31
2012.09.14 06:03:31.110,0.83459,0.83478,1.13,1.50
2012.09.14 06:03:33.450,0.83458,0.83479,3.38,1.88
2012.09.14 06:03:33.976,0.83459,0.83479,1.13,1.88
2012.09.14 06:03:37.443,0.83458,0.83479,3.38,1.50
2012.09.14 06:03:52.168,0.83459,0.83479,1.13,2.25
2012.09.14 06:03:52.310,0.83458,0.83477,1.13,1.88
2012.09.14 06:03:52.392,0.83455,0.83477,2.63,2.10
2012.09.14 06:03:52.543,0.83455,0.83476,2.18,1.88
2012.09.14 06:03:53.148,0.83458,0.83479,1.50,1.51
2012.09.14 06:03:53.669,0.83459,0.8348,1.13,2.11
2012.09.14 06:03:55.067,0.83458,0.8348,1.50,2.11
2012.09.14 06:03:55.737,0.83459,0.8348,1.13,2.11
2012.09.14 06:03:59.048,0.83456,0.83477,1.73,2.40
2012.09.14 06:03:59.188,0.83456,0.83476,1.50,1.35
2012.09.14 06:04:11.219,0.83457,0.83476,2.25,1.50
2012.09.14 06:04:11.439,0.83459,0.83477,1.13,1.13
2012.09.14 06:04:12.029,0.83459,0.8348,1.13,2.10
2012.09.14 06:04:12.567,0.83458,0.8348,1.88,2.10
2012.09.14 06:04:13.367,0.83459,0.8348,1.13,2.10
2012.09.14 06:04:16.497,0.83458,0.8348,1.88,2.10
2012.09.14 06:04:17.839,0.83459,0.8348,1.13,2.10
2012.09.14 06:04:18.117,0.83458,0.8348,1.88,1.35
2012.09.14 06:04:18.699,0.83458,0.8348,1.13,2.11
2012.09.14 06:04:18.909,0.83455,0.83475,1.20,1.35
2012.09.14 06:04:21.028,0.83455,0.83475,2.25,1.35
2012.09.14 06:04:21.307,0.83458,0.83477,2.25,1.50
2012.09.14 06:04:21.775,0.83458,0.83477,3.23,1.28
2012.09.14 06:04:22.001,0.83458,0.83479,3.38,1.73
2012.09.14 06:04:22.663,0.83459,0.83479,1.13,1.73
2012.09.14 06:04:24.086,0.83458,0.83479,3.38,1.73
2012.09.14 06:04:27.760,0.83459,0.83479,1.13,1.73
2012.09.14 06:04:28.995,0.83458,0.83479,3.38,1.73
2012.09.14 06:04:29.556,0.83459,0.83479,1.13,1.73
2012.09.14 06:04:31.430,0.83459,0.83479,1.73,1.73
2012.09.14 06:04:32.063,0.83459,0.83479,1.88,1.73
2012.09.14 06:04:32.626,0.83459,0.83479,1.73,1.73
2012.09.14 06:04:33.256,0.83459,0.83479,1.88,1.73
2012.09.14 06:04:34.001,0.83459,0.83479,1.73,1.73
2012.09.14 06:04:36.126,0.83459,0.83479,1.88,1.73
2012.09.14 06:04:36.570,0.83455,0.83475,2.93,1.13
2012.09.14 06:04:36.857,0.83455,0.83475,2.25,1.35
2012.09.14 06:04:37.509,0.83458,0.83479,2.48,1.65
2012.09.14 06:04:37.592,0.83459,0.8348,1.73,2.10
2012.09.14 06:04:47.485,0.83459,0.83479,1.13,1.50
2012.09.14 06:04:48.046,0.83458,0.83479,3.38,1.50
2012.09.14 06:04:50.310,0.83459,0.83479,1.13,1.50
2012.09.14 06:04:50.848,0.83458,0.83479,3.38,1.50
2012.09.14 06:04:51.406,0.83459,0.83479,1.13,1.50
2012.09.14 06:04:52.119,0.83458,0.83479,3.38,1.50
2012.09.14 06:04:53.265,0.83459,0.83479,1.13,1.50
2012.09.14 06:04:57.539,0.83459,0.8348,1.13,1.35
2012.09.14 06:05:07.898,0.83459,0.83479,1.13,2.33
2012.09.14 06:05:08.411,0.83456,0.83478,1.35,3.91
2012.09.14 06:05:08.698,0.83454,0.83475,2.25,1.73
2012.09.14 06:05:12.997,0.83454,0.83474,1.13,1.73
2012.09.14 06:05:13.128,0.83454,0.83477,1.43,3.39
2012.09.14 06:05:13.397,0.83455,0.83473,1.43,1.50
2012.09.14 06:05:13.614,0.83447,0.83468,1.13,1.13
2012.09.14 06:05:13.687,0.83446,0.83468,3.38,1.50
2012.09.14 06:05:14.042,0.83453,0.83474,2.48,1.73
2012.09.14 06:05:14.191,0.83453,0.83475,2.63,1.73
2012.09.14 06:05:14.338,0.83449,0.83476,2.03,1.73
2012.09.14 06:05:14.491,0.83449,0.83476,2.03,2.63
2012.09.14 06:05:14.568,0.83449,0.83476,1.88,2.48
2012.09.14 06:05:15.110,0.83449,0.83475,1.88,2.41
2012.09.14 06:05:15.180,0.83449,0.83469,1.13,1.58
2012.09.14 06:05:15.845,0.8345,0.8347,1.88,1.50
2012.09.14 06:05:16.189,0.83447,0.83468,1.13,1.50
2012.09.14 06:05:18.610,0.83446,0.83468,1.13,1.50
2012.09.14 06:05:19.603,0.83445,0.83468,3.60,1.50
2012.09.14 06:05:19.879,0.83445,0.83468,1.73,3.00
2012.09.14 06:05:20.217,0.83444,0.83463,1.73,1.50
2012.09.14 06:05:20.767,0.83443,0.83463,3.23,1.50
2012.09.14 06:05:22.633,0.83445,0.83464,1.73,1.50
2012.09.14 06:05:22.966,0.83443,0.83461,3.98,1.50
2012.09.14 06:05:23.158,0.83447,0.83468,1.50,1.50
2012.09.14 06:05:23.229,0.83448,0.83468,1.88,2.25
2012.09.14 06:05:23.578,0.83453,0.83468,2.63,1.50
2012.09.14 06:05:26.760,0.83453,0.83469,2.63,2.25
2012.09.14 06:05:37.841,0.83446,0.83462,1.50,1.50
2012.09.14 06:05:39.680,0.83445,0.83459,1.73,1.88
2012.09.14 06:05:39.761,0.83444,0.83458,1.50,1.88
2012.09.14 06:05:39.983,0.83442,0.83456,1.50,1.50
2012.09.14 06:05:40.501,0.83444,0.83458,2.25,1.88
2012.09.14 06:05:40.647,0.83444,0.8346,2.48,1.50
2012.09.14 06:05:46.656,0.83444,0.8346,1.73,2.25
2012.09.14 06:05:46.729,0.83444,0.83458,1.73,1.50
2012.09.14 06:05:47.282,0.83441,0.83457,3.75,1.50
2012.09.14 06:05:47.817,0.83442,0.83456,1.50,1.50
2012.09.14 06:05:48.266,0.83442,0.83458,1.50,1.50
2012.09.14 06:05:49.400,0.83443,0.83457,1.50,1.50
2012.09.14 06:05:49.547,0.83441,0.83457,1.50,1.50
2012.09.14 06:05:50.845,0.83442,0.83458,1.50,1.50
2012.09.14 06:05:51.175,0.8344,0.83456,3.60,1.50
2012.09.14 06:05:51.508,0.83438,0.83454,2.18,2.25
2012.09.14 06:05:51.718,0.83438,0.83454,1.88,2.25
2012.09.14 06:05:52.314,0.83434,0.83452,2.63,1.50
2012.09.14 06:05:52.869,0.83434,0.83448,3.60,1.50
2012.09.14 06:05:53.411,0.83433,0.83449,4.05,1.50
2012.09.14 06:05:58.547,0.83434,0.8345,2.55,1.50
2012.09.14 06:05:59.256,0.83434,0.83449,1.13,1.50
2012.09.14 06:06:01.546,0.83436,0.8345,2.18,1.88
2012.09.14 06:06:10.254,0.83433,0.83446,2.63,1.50
2012.09.14 06:06:11.247,0.83434,0.83447,1.13,1.50
2012.09.14 06:06:11.903,0.83433,0.83446,2.63,1.50
2012.09.14 06:06:19.541,0.83434,0.83448,2.63,2.63
2012.09.14 06:06:20.938,0.83433,0.83446,2.63,1.50
2012.09.14 06:06:21.022,0.83427,0.83445,1.88,1.50
2012.09.14 06:06:21.104,0.83429,0.83445,1.50,1.88
2012.09.14 06:06:21.249,0.83428,0.83442,1.50,1.50
2012.09.14 06:06:22.049,0.8343,0.83444,1.50,1.50
2012.09.14 06:06:22.387,0.83431,0.83444,1.50,1.50
2012.09.14 06:06:22.926,0.83428,0.83444,2.25,3.00
2012.09.14 06:06:23.471,0.83429,0.83443,1.50,1.88
2012.09.14 06:06:28.896,0.8343,0.83444,1.50,3.00
2012.09.14 06:06:29.718,0.83429,0.83444,1.50,1.50
2012.09.14 06:06:30.636,0.83431,0.83444,1.50,1.50
2012.09.14 06:06:32.802,0.83431,0.83445,2.25,1.88
2012.09.14 06:06:33.089,0.83433,0.83446,2.25,1.50
2012.09.14 06:06:33.561,0.83434,0.83448,2.63,1.50
2012.09.14 06:06:35.468,0.83436,0.8345,1.50,3.38
2012.09.14 06:06:36.201,0.83435,0.83449,2.25,1.88
2012.09.14 06:06:37.785,0.83434,0.83448,2.63,1.50
2012.09.14 06:06:38.440,0.83432,0.83448,1.88,1.50
2012.09.14 06:06:38.522,0.83432,0.83446,1.50,3.00
2012.09.14 06:06:40.700,0.83432,0.83446,1.50,1.88
2012.09.14 06:06:41.109,0.83434,0.83446,1.13,1.50
2012.09.14 06:06:41.883,0.83434,0.83448,2.48,1.50
2012.09.14 06:06:42.100,0.83434,0.8345,2.63,1.50
2012.09.14 06:06:44.095,0.83434,0.83448,2.63,1.50
2012.09.14 06:06:44.226,0.83434,0.8345,2.48,1.50
2012.09.14 06:06:45.348,0.83435,0.83451,2.25,2.63
2012.09.14 06:06:52.696,0.83435,0.83449,2.25,1.50
2012.09.14 06:06:53.210,0.83434,0.83448,3.38,1.50
2012.09.14 06:06:55.627,0.83435,0.83449,2.25,1.50
2012.09.14 06:06:56.171,0.83434,0.8345,3.23,1.50
2012.09.14 06:07:00.446,0.83434,0.83448,3.38,1.50
2012.09.14 06:07:03.898,0.83436,0.8345,2.25,2.25
2012.09.14 06:07:04.454,0.83438,0.83452,1.50,1.13
2012.09.14 06:07:06.897,0.83438,0.83453,1.50,1.13
2012.09.14 06:07:07.258,0.83441,0.83454,3.00,1.13
2012.09.14 06:07:08.137,0.83444,0.83456,1.50,2.25
2012.09.14 06:07:08.214,0.83445,0.83456,1.50,1.13
2012.09.14 06:07:09.559,0.83445,0.83459,1.50,2.85
2012.09.14 06:07:10.478,0.83444,0.83458,1.50,1.50
2012.09.14 06:07:11.502,0.83444,0.83459,1.50,1.35
2012.09.14 06:07:12.053,0.83443,0.83459,1.50,2.48
2012.09.14 06:07:14.919,0.83444,0.8346,1.50,3.23
2012.09.14 06:07:15.631,0.83447,0.8346,1.50,1.73
2012.09.14 06:07:16.170,0.83446,0.8346,1.50,3.23
2012.09.14 06:07:18.795,0.83444,0.83458,1.50,1.50
2012.09.14 06:07:20.836,0.83445,0.83459,1.50,2.48
2012.09.14 06:07:21.515,0.83444,0.83458,1.50,1.50
2012.09.14 06:07:22.979,0.83444,0.8346,2.25,3.60
2012.09.14 06:07:24.226,0.83444,0.83458,2.25,1.50
2012.09.14 06:07:29.045,0.83444,0.8346,2.25,3.60
2012.09.14 06:07:34.986,0.83444,0.8346,2.85,3.60
2012.09.14 06:07:35.267,0.83449,0.8346,1.50,1.35
2012.09.14 06:07:35.757,0.83449,0.83463,1.50,1.50
2012.09.14 06:07:36.576,0.8345,0.83464,1.50,3.53
2012.09.14 06:07:37.118,0.8345,0.83464,1.50,2.48
2012.09.14 06:07:40.276,0.83449,0.83463,1.88,1.50
2012.09.14 06:07:42.358,0.83446,0.83462,3.00,1.50
2012.09.14 06:07:43.331,0.83445,0.83461,5.48,1.50
2012.09.14 06:07:44.070,0.83446,0.83462,2.25,1.50
2012.09.14 06:07:44.772,0.83445,0.83461,3.98,1.50
2012.09.14 06:07:44.856,0.83444,0.83458,4.58,1.50
2012.09.14 06:07:45.420,0.83443,0.83458,1.50,1.50
2012.09.14 06:07:45.747,0.83444,0.83457,1.50,1.50
2012.09.14 06:07:46.286,0.83444,0.83457,1.50,1.50
2012.09.14 06:07:48.729,0.83444,0.83457,1.95,1.50
2012.09.14 06:07:48.950,0.83447,0.83463,2.25,2.25
2012.09.14 06:07:49.308,0.83447,0.83463,2.25,1.50
2012.09.14 06:07:51.568,0.83446,0.83462,3.00,1.50
2012.09.14 06:07:52.507,0.83447,0.83461,2.25,1.50
2012.09.14 06:07:52.937,0.83447,0.83463,2.25,3.00
2012.09.14 06:07:53.806,0.83447,0.83461,2.25,1.50
2012.09.14 06:07:55.008,0.83446,0.83462,3.00,1.50
2012.09.14 06:07:55.620,0.83447,0.83463,2.25,1.50
2012.09.14 06:07:56.287,0.83447,0.83461,2.25,1.50
2012.09.14 06:07:56.968,0.83448,0.83462,1.50,1.50
2012.09.14 06:07:57.638,0.83447,0.83461,2.25,1.50
2012.09.14 06:07:58.251,0.83446,0.8346,2.70,1.50
2012.09.14 06:07:58.607,0.83447,0.83454,1.50,1.73
2012.09.14 06:07:58.682,0.83441,0.83454,1.20,1.73
2012.09.14 06:07:58.830,0.83442,0.83456,1.50,1.88
2012.09.14 06:07:59.413,0.83442,0.83458,1.50,1.50
2012.09.14 06:08:00.098,0.83443,0.83457,1.50,1.50
2012.09.14 06:08:00.659,0.83441,0.83457,3.00,1.50
2012.09.14 06:08:01.916,0.83443,0.83457,1.50,1.50
2012.09.14 06:08:02.421,0.83442,0.83458,1.50,1.50
2012.09.14 06:08:11.957,0.83441,0.83457,3.00,1.50
2012.09.14 06:08:12.307,0.83443,0.83457,1.50,1.50
2012.09.14 06:08:18.779,0.83445,0.83459,1.43,3.00
2012.09.14 06:08:19.131,0.83446,0.83462,1.43,1.50
2012.09.14 06:08:19.279,0.83448,0.83462,1.43,1.50
2012.09.14 06:08:19.870,0.83446,0.83462,1.43,1.50
2012.09.14 06:08:20.228,0.83445,0.83461,2.10,2.25
2012.09.14 06:08:20.428,0.83443,0.83459,1.43,2.25
2012.09.14 06:08:20.967,0.83442,0.83458,1.43,3.00
2012.09.14 06:08:21.504,0.83441,0.83457,2.93,1.50
2012.09.14 06:08:21.576,0.83443,0.83457,1.43,1.50
2012.09.14 06:08:22.689,0.83442,0.83456,1.43,1.50
2012.09.14 06:08:23.278,0.83441,0.83457,2.93,1.50
2012.09.14 06:08:23.964,0.83442,0.83458,1.43,1.50
2012.09.14 06:08:29.098,0.83442,0.83456,1.50,1.50
2012.09.14 06:08:29.852,0.83443,0.83457,1.50,1.50
2012.09.14 06:08:36.096,0.83445,0.83459,1.50,2.63
2012.09.14 06:08:36.868,0.83444,0.83458,1.50,1.50
2012.09.14 06:08:40.428,0.83442,0.83456,2.25,1.50
2012.09.14 06:08:41.448,0.83441,0.83455,3.00,1.50
2012.09.14 06:08:41.598,0.83441,0.83457,3.00,1.50
2012.09.14 06:08:42.750,0.83443,0.83457,1.50,1.50
2012.09.14 06:08:44.985,0.83442,0.83456,1.50,1.50
2012.09.14 06:08:48.445,0.83442,0.83456,2.25,1.50
2012.09.14 06:08:48.955,0.83443,0.83457,2.25,1.50
2012.09.14 06:08:53.666,0.83442,0.83456,3.00,1.50
2012.09.14 06:08:54.156,0.83442,0.83458,3.00,1.50
2012.09.14 06:08:54.776,0.83442,0.83458,3.00,1.50
2012.09.14 06:08:54.856,0.83442,0.83456,3.00,1.50
2012.09.14 06:08:55.207,0.83442,0.83458,3.00,1.50
2012.09.14 06:08:55.979,0.83444,0.8346,2.25,3.38
2012.09.14 06:08:56.477,0.83442,0.83456,4.50,1.50
2012.09.14 06:08:56.667,0.83442,0.83458,2.25,3.00
2012.09.14 06:08:57.487,0.83441,0.83457,4.50,1.50
2012.09.14 06:08:58.376,0.83441,0.83457,3.00,1.50
2012.09.14 06:08:58.446,0.83441,0.83457,3.00,1.50
2012.09.14 06:08:59.497,0.83443,0.83457,1.50,1.50
2012.09.14 06:09:00.161,0.83442,0.83456,1.50,1.50
2012.09.14 06:09:01.521,0.83443,0.83457,2.25,1.50
2012.09.14 06:09:01.878,0.83446,0.83461,2.25,2.63
2012.09.14 06:09:01.946,0.83444,0.83458,1.50,1.50
2012.09.14 06:09:02.626,0.83445,0.83459,1.50,2.25
2012.09.14 06:09:03.160,0.83444,0.83458,1.50,1.50
2012.09.14 06:09:05.268,0.83444,0.8346,2.25,2.25
2012.09.14 06:09:05.616,0.83455,0.83461,1.73,1.50
2012.09.14 06:09:05.950,0.83458,0.83469,1.50,2.37
2012.09.14 06:09:06.101,0.8345,0.83465,1.43,1.50
2012.09.14 06:09:06.178,0.83449,0.83465,2.25,1.50
2012.09.14 06:09:06.787,0.83449,0.83465,2.48,1.50
2012.09.14 06:09:11.559,0.83449,0.83465,2.48,1.50
2012.09.14 06:09:14.548,0.83451,0.83467,3.23,1.62
2012.09.14 06:09:15.076,0.83452,0.83468,1.73,1.62
2012.09.14 06:09:20.216,0.83452,0.83468,1.73,1.62
2012.09.14 06:09:20.755,0.83456,0.83472,1.50,2.37
2012.09.14 06:09:21.296,0.83455,0.83471,1.73,1.62
2012.09.14 06:09:22.386,0.83457,0.83471,1.50,1.62
2012.09.14 06:09:22.966,0.83455,0.83471,1.73,1.62
2012.09.14 06:09:27.381,0.83457,0.83471,1.50,1.62
2012.09.14 06:09:27.462,0.83455,0.83471,1.73,1.62
2012.09.14 06:09:28.016,0.83456,0.8347,1.50,1.62
2012.09.14 06:09:28.089,0.83458,0.83472,1.50,1.50
2012.09.14 06:09:28.372,0.83459,0.83473,2.25,2.25
2012.09.14 06:09:28.591,0.83461,0.83475,1.50,2.25
2012.09.14 06:09:28.809,0.83459,0.83475,1.50,3.75
2012.09.14 06:09:28.877,0.83459,0.83473,2.25,1.50
2012.09.14 06:09:29.023,0.83461,0.83475,1.50,1.50
2012.09.14 06:09:29.103,0.83461,0.83477,1.50,1.50
2012.09.14 06:09:29.328,0.83461,0.83476,2.85,1.13
2012.09.14 06:09:29.682,0.83464,0.83475,1.50,2.48
2012.09.14 06:09:30.204,0.83465,0.83475,2.48,1.50
2012.09.14 06:09:30.305,0.8347,0.83484,1.50,1.50
2012.09.14 06:09:30.380,0.83467,0.83483,1.50,1.50
2012.09.14 06:09:34.003,0.83467,0.83482,1.50,2.48
2012.09.14 06:09:34.150,0.83465,0.83479,2.25,2.25
2012.09.14 06:09:34.581,0.83463,0.83479,2.25,2.25
2012.09.14 06:09:35.230,0.83463,0.83477,2.25,1.50
2012.09.14 06:09:36.885,0.83463,0.83479,2.25,2.25
2012.09.14 06:09:39.898,0.83463,0.83477,2.25,1.50
2012.09.14 06:09:40.559,0.83464,0.83478,1.50,1.50
2012.09.14 06:09:42.336,0.83462,0.83478,2.25,1.50
2012.09.14 06:09:42.856,0.83463,0.83479,2.25,2.25
2012.09.14 06:09:43.368,0.83462,0.83478,2.25,1.50
2012.09.14 06:09:43.937,0.83463,0.83479,2.25,3.00
2012.09.14 06:09:44.290,0.83463,0.83477,3.75,1.50
2012.09.14 06:09:44.369,0.83464,0.83479,1.50,1.50
2012.09.14 06:09:47.267,0.83465,0.83479,1.50,2.25
2012.09.14 06:09:47.718,0.83463,0.83477,2.25,1.50
2012.09.14 06:09:48.332,0.83464,0.83478,1.50,1.50
2012.09.14 06:09:49.248,0.83462,0.83478,2.25,1.50
2012.09.14 06:09:49.761,0.83463,0.83477,2.25,1.50
2012.09.14 06:09:49.967,0.83463,0.83479,2.25,2.25
2012.09.14 06:09:50.517,0.83464,0.83479,1.50,1.50
2012.09.14 06:09:51.048,0.83463,0.83479,2.25,3.00
2012.09.14 06:09:51.666,0.83462,0.83478,2.25,1.50
2012.09.14 06:09:52.313,0.83463,0.83479,2.25,2.25
2012.09.14 06:09:52.393,0.83463,0.83477,2.25,1.50
2012.09.14 06:09:54.088,0.83464,0.83478,1.50,1.50
2012.09.14 06:09:57.607,0.83463,0.83477,2.25,1.50
2012.09.14 06:09:58.284,0.83462,0.83478,2.25,1.50
2012.09.14 06:09:59.547,0.83463,0.83478,1.50,1.50
2012.09.14 06:09:59.827,0.83473,0.83487,2.48,1.88
2012.09.14 06:10:05.202,0.83475,0.83489,2.48,1.50
2012.09.14 06:10:13.086,0.83475,0.83487,2.18,1.50
2012.09.14 06:10:13.428,0.83468,0.83481,2.10,1.50
2012.09.14 06:10:13.963,0.83463,0.83479,3.68,1.50
2012.09.14 06:10:14.045,0.83463,0.83477,1.50,1.50
2012.09.14 06:10:14.614,0.83459,0.83473,3.23,1.50
2012.09.14 06:10:14.758,0.83459,0.83475,3.68,1.50
2012.09.14 06:10:15.278,0.8346,0.83474,2.48,1.50
2012.09.14 06:10:19.767,0.8346,0.83476,2.48,1.50
2012.09.14 06:10:20.369,0.83461,0.83475,1.50,1.50
2012.09.14 06:10:25.569,0.83459,0.83475,2.48,1.50
2012.09.14 06:10:30.401,0.83456,0.83471,1.20,1.50
2012.09.14 06:10:30.481,0.83455,0.8347,3.00,1.50
2012.09.14 06:10:30.560,0.83454,0.83468,3.38,1.50
2012.09.14 06:10:31.068,0.83455,0.83469,2.25,1.50
2012.09.14 06:10:31.847,0.83455,0.83471,3.00,1.50
2012.09.14 06:10:31.918,0.83457,0.83471,1.50,1.50
2012.09.14 06:10:32.379,0.83455,0.83471,3.00,1.50
2012.09.14 06:10:33.149,0.83454,0.83468,2.48,1.50
2012.09.14 06:10:33.688,0.83455,0.83469,2.25,1.50
2012.09.14 06:10:34.036,0.83457,0.83471,1.50,1.50
2012.09.14 06:10:36.315,0.83455,0.83471,3.00,1.50
2012.09.14 06:10:38.276,0.83456,0.8347,2.25,1.50
2012.09.14 06:10:38.406,0.83456,0.83472,2.25,1.50
2012.09.14 06:10:39.037,0.83456,0.8347,1.50,1.50
2012.09.14 06:10:39.848,0.83457,0.83471,1.50,1.50
2012.09.14 06:10:40.807,0.83459,0.83473,1.50,1.50
2012.09.14 06:10:41.990,0.83458,0.83472,1.50,1.50
2012.09.14 06:10:42.336,0.83458,0.83474,1.50,1.50
2012.09.14 06:10:48.692,0.83457,0.83473,1.50,1.50
2012.09.14 06:10:50.099,0.83458,0.83474,1.50,3.00
2012.09.14 06:10:50.178,0.83458,0.83472,1.50,1.50
2012.09.14 06:10:50.996,0.83459,0.83473,1.50,1.50
2012.09.14 06:10:51.571,0.8346,0.83474,1.50,1.50
2012.09.14 06:10:53.398,0.83458,0.83474,1.50,1.50
2012.09.14 06:10:53.466,0.83458,0.83472,1.50,1.50
2012.09.14 06:10:54.597,0.83456,0.8347,3.00,1.50
2012.09.14 06:11:02.998,0.83456,0.83472,1.50,1.50
2012.09.14 06:11:03.697,0.83455,0.83471,2.25,1.50
2012.09.14 06:11:07.096,0.83455,0.83471,3.00,1.50
2012.09.14 06:11:07.415,0.83459,0.83473,1.50,1.50
2012.09.14 06:11:13.784,0.83458,0.83472,1.50,1.50
2012.09.14 06:11:14.427,0.83459,0.83473,1.50,1.50
2012.09.14 06:11:15.161,0.83458,0.83472,1.50,1.50
2012.09.14 06:11:15.240,0.83455,0.83471,2.25,1.50
2012.09.14 06:11:15.440,0.83457,0.83473,1.50,1.50
2012.09.14 06:11:16.138,0.83456,0.83471,1.50,1.50
2012.09.14 06:11:16.801,0.83455,0.83471,2.25,1.50
2012.09.14 06:11:20.436,0.83455,0.83471,3.00,1.50
2012.09.14 06:11:20.988,0.83459,0.83473,1.50,1.50
2012.09.14 06:11:21.562,0.83458,0.83474,1.50,1.50
2012.09.14 06:11:22.297,0.83457,0.83471,1.50,1.50
2012.09.14 06:11:22.903,0.83456,0.8347,2.25,1.50
2012.09.14 06:11:24.306,0.83457,0.83471,1.50,1.50
2012.09.14 06:11:25.345,0.83455,0.83471,3.00,1.50
2012.09.14 06:11:25.948,0.83455,0.83471,2.25,1.50
2012.09.14 06:11:27.318,0.83456,0.83472,1.50,1.50
2012.09.14 06:11:27.911,0.83457,0.83471,1.50,1.50
2012.09.14 06:11:28.663,0.83457,0.83473,1.50,1.50
2012.09.14 06:11:29.207,0.83457,0.83471,1.50,1.50
2012.09.14 06:11:29.892,0.83456,0.8347,2.25,1.50
2012.09.14 06:11:30.756,0.83456,0.83472,2.25,3.00
2012.09.14 06:11:31.490,0.83457,0.83473,1.50,1.50
2012.09.14 06:11:31.625,0.83457,0.83471,1.50,1.50
2012.09.14 06:11:35.378,0.83457,0.83473,1.50,3.00
2012.09.14 06:11:35.445,0.83457,0.83471,1.50,1.50
2012.09.14 06:11:36.226,0.83457,0.83473,1.50,1.50
2012.09.14 06:11:37.107,0.83458,0.83474,1.50,1.50
2012.09.14 06:11:37.188,0.83461,0.83477,1.50,1.50
2012.09.14 06:11:38.568,0.8346,0.83476,2.25,1.50
2012.09.14 06:11:41.026,0.83462,0.83476,1.50,1.50
2012.09.14 06:11:41.835,0.83461,0.83475,1.50,1.50
2012.09.14 06:11:43.897,0.83462,0.83476,1.50,1.50
2012.09.14 06:11:44.398,0.83461,0.83477,1.50,1.50
2012.09.14 06:11:45.846,0.8346,0.83476,3.00,1.50
2012.09.14 06:11:46.377,0.83461,0.83475,1.50,1.50
2012.09.14 06:11:47.537,0.83461,0.83477,1.50,1.50
2012.09.14 06:11:48.656,0.83461,0.83475,1.50,1.50
2012.09.14 06:11:51.107,0.83462,0.83476,1.50,1.50
2012.09.14 06:11:51.625,0.83461,0.83475,1.50,1.50
2012.09.14 06:11:52.371,0.83462,0.83476,1.50,1.50
2012.09.14 06:11:54.267,0.83461,0.83475,1.50,1.50
2012.09.14 06:11:59.376,0.83461,0.83477,1.50,1.50
2012.09.14 06:12:00.867,0.83464,0.83478,1.50,1.50
2012.09.14 06:12:00.997,0.83464,0.8348,1.50,3.23
2012.09.14 06:12:01.069,0.83463,0.83477,1.50,1.50
2012.09.14 06:12:01.197,0.8346,0.83476,3.75,1.50
2012.09.14 06:12:01.781,0.83461,0.83477,1.50,1.50
2012.09.14 06:12:17.636,0.8346,0.83476,3.00,1.50
2012.09.14 06:12:17.766,0.83462,0.83476,1.50,1.50
2012.09.14 06:12:22.177,0.83461,0.83475,1.50,1.50
2012.09.14 06:12:22.703,0.8346,0.83476,3.00,1.50
2012.09.14 06:12:23.509,0.83461,0.83477,1.50,1.50
2012.09.14 06:12:28.435,0.83464,0.83478,1.50,3.00
2012.09.14 06:12:29.916,0.83463,0.83477,1.50,1.50
2012.09.14 06:12:30.828,0.83464,0.83478,1.50,2.25
2012.09.14 06:12:31.227,0.83462,0.83478,1.50,2.25
2012.09.14 06:12:32.721,0.83463,0.83479,1.50,3.75
2012.09.14 06:12:33.270,0.83463,0.83477,1.50,1.50
2012.09.14 06:12:33.787,0.83463,0.83479,1.50,3.75
2012.09.14 06:12:34.356,0.83464,0.83478,1.50,2.25
2012.09.14 06:12:35.208,0.83463,0.83479,1.50,2.25
2012.09.14 06:12:35.851,0.83463,0.83477,1.50,1.50
2012.09.14 06:12:36.945,0.83463,0.83479,1.50,3.75
2012.09.14 06:12:37.519,0.83464,0.83478,1.50,2.25
2012.09.14 06:12:38.273,0.83462,0.83478,1.50,2.25
2012.09.14 06:12:38.964,0.83463,0.83479,1.50,2.25
2012.09.14 06:12:40.687,0.83463,0.83479,1.50,2.25
2012.09.14 06:12:40.757,0.83468,0.8348,1.50,1.73
2012.09.14 06:12:40.900,0.83468,0.83484,1.50,3.98
2012.09.14 06:12:41.515,0.8347,0.83484,1.50,1.73
2012.09.14 06:12:42.162,0.83469,0.83484,1.50,1.73
2012.09.14 06:12:42.680,0.83468,0.83483,1.50,1.50
2012.09.14 06:12:43.229,0.83467,0.83483,1.50,1.50
2012.09.14 06:12:46.028,0.83467,0.83482,1.50,1.50
2012.09.14 06:12:46.540,0.83465,0.83481,2.48,1.50
2012.09.14 06:12:47.085,0.83466,0.83482,2.25,1.50
2012.09.14 06:12:47.635,0.83465,0.83481,2.48,1.50
2012.09.14 06:12:51.326,0.83469,0.83483,1.50,1.50
2012.09.14 06:12:53.156,0.83468,0.83482,1.50,1.50
2012.09.14 06:12:53.508,0.83468,0.83482,1.50,3.75
2012.09.14 06:12:53.719,0.83464,0.8348,1.65,2.48
2012.09.14 06:12:55.402,0.83465,0.83481,1.50,4.13
2012.09.14 06:12:56.302,0.83464,0.8348,1.50,2.48
2012.09.14 06:12:56.567,0.83466,0.8348,1.50,2.48
2012.09.14 06:12:57.478,0.83465,0.83479,1.50,1.50
2012.09.14 06:12:58.356,0.83466,0.8348,1.50,2.48
2012.09.14 06:13:00.149,0.83465,0.83479,1.50,1.50
2012.09.14 06:13:00.869,0.83464,0.8348,1.50,2.48
2012.09.14 06:13:01.208,0.83464,0.83478,1.50,1.50
2012.09.14 06:13:02.568,0.83464,0.8348,1.50,4.73
2012.09.14 06:13:03.415,0.83463,0.83477,3.00,1.50
2012.09.14 06:13:04.341,0.83464,0.8348,1.50,3.23
2012.09.14 06:13:09.165,0.83464,0.8348,1.50,2.48
2012.09.14 06:13:10.607,0.83462,0.83478,3.00,1.50
2012.09.14 06:13:10.951,0.83459,0.83475,2.48,1.50
2012.09.14 06:13:11.652,0.8346,0.83476,2.25,1.50
2012.09.14 06:13:12.730,0.83461,0.83475,1.50,1.50
2012.09.14 06:13:13.517,0.83461,0.83477,1.50,1.50
2012.09.14 06:13:14.468,0.8346,0.83476,2.25,3.75
2012.09.14 06:13:14.665,0.83458,0.83474,2.63,1.50
2012.09.14 06:13:15.403,0.83459,0.83475,2.48,1.50
2012.09.14 06:13:17.762,0.83462,0.83476,1.50,1.50
2012.09.14 06:13:20.648,0.83461,0.83475,1.50,1.50
2012.09.14 06:13:21.217,0.83458,0.83474,2.63,1.50
2012.09.14 06:13:23.130,0.83458,0.83472,2.63,1.50
2012.09.14 06:13:24.789,0.83458,0.83474,2.63,1.50
2012.09.14 06:13:25.609,0.83459,0.83472,1.13,1.50
2012.09.14 06:13:29.060,0.83459,0.83474,1.13,1.50
2012.09.14 06:13:30.143,0.83458,0.83472,1.13,1.50
2012.09.14 06:13:33.506,0.83458,0.83471,1.13,1.50
2012.09.14 06:13:34.195,0.83457,0.83469,2.40,3.00
2012.09.14 06:13:34.285,0.83455,0.83469,1.50,4.50
2012.09.14 06:13:34.432,0.83455,0.83465,1.50,1.50
2012.09.14 06:13:34.515,0.83446,0.83462,2.25,1.50
2012.09.14 06:13:34.589,0.83446,0.83462,1.50,1.50
2012.09.14 06:13:35.138,0.83447,0.83463,1.50,1.50
2012.09.14 06:13:35.791,0.83447,0.83461,1.50,1.50
2012.09.14 06:13:36.222,0.83446,0.83459,1.50,1.50
2012.09.14 06:13:43.377,0.83443,0.83459,3.38,2.25
2012.09.14 06:13:43.708,0.83443,0.83457,1.50,1.50
2012.09.14 06:13:43.977,0.83441,0.83456,2.25,1.50
2012.09.14 06:13:44.531,0.83441,0.83457,3.75,1.50
2012.09.14 06:13:46.686,0.83441,0.83456,2.25,1.50
2012.09.14 06:13:47.301,0.83441,0.83457,3.00,1.50
2012.09.14 06:13:48.486,0.83441,0.83455,2.25,1.50
2012.09.14 06:13:50.436,0.83441,0.83457,2.25,1.50
2012.09.14 06:14:03.746,0.83442,0.83458,1.50,1.50
2012.09.14 06:14:04.450,0.83441,0.83455,3.75,1.50
2012.09.14 06:14:06.247,0.83442,0.83456,1.50,1.50
2012.09.14 06:14:06.806,0.83441,0.83457,2.25,1.50
2012.09.14 06:14:09.877,0.83441,0.83456,1.50,1.50
2012.09.14 06:14:11.418,0.83441,0.83457,3.00,1.50
2012.09.14 06:14:11.927,0.83442,0.83456,1.50,1.50
2012.09.14 06:14:17.778,0.83441,0.83455,2.25,1.50
2012.09.14 06:14:19.395,0.83441,0.83457,2.25,1.50
2012.09.14 06:14:21.798,0.8344,0.83456,3.00,1.50
2012.09.14 06:14:22.597,0.83442,0.83456,1.50,1.50
2012.09.14 06:14:23.147,0.8344,0.83456,3.00,1.50
2012.09.14 06:14:24.015,0.83443,0.83459,1.50,3.75
2012.09.14 06:14:24.146,0.83442,0.83456,1.50,1.50
2012.09.14 06:14:25.977,0.8344,0.83456,2.25,1.50
2012.09.14 06:14:26.315,0.83439,0.83453,3.23,1.50
2012.09.14 06:14:27.946,0.8344,0.83454,2.25,1.50
2012.09.14 06:14:28.489,0.83439,0.83455,3.38,1.50
2012.09.14 06:14:29.286,0.8344,0.83454,2.25,1.50
2012.09.14 06:14:29.814,0.83439,0.83455,3.38,1.50
2012.09.14 06:14:32.127,0.83442,0.83456,1.50,1.50
2012.09.14 06:14:33.495,0.8344,0.83456,2.25,1.50
2012.09.14 06:14:34.168,0.8344,0.83454,2.25,1.50
2012.09.14 06:14:34.247,0.83442,0.83458,1.50,2.25
2012.09.14 06:14:34.858,0.83441,0.83457,2.25,1.50
2012.09.14 06:14:35.377,0.83442,0.83458,1.50,3.00
2012.09.14 06:14:36.238,0.83442,0.83456,1.50,1.50
2012.09.14 06:14:36.746,0.8344,0.83456,2.25,1.50
2012.09.14 06:14:38.587,0.83442,0.83456,1.50,1.50
2012.09.14 06:14:39.101,0.8344,0.83456,2.25,1.50
2012.09.14 06:14:40.066,0.83442,0.83456,1.50,1.50
2012.09.14 06:14:40.625,0.83441,0.83455,2.25,1.50
2012.09.14 06:14:41.286,0.83442,0.83456,1.50,1.50
2012.09.14 06:14:41.836,0.83441,0.83455,2.25,1.50
2012.09.14 06:14:42.094,0.83441,0.83457,2.25,1.50
2012.09.14 06:14:42.721,0.8344,0.83456,2.25,1.50
2012.09.14 06:14:43.225,0.83442,0.83456,1.50,1.50
2012.09.14 06:14:43.816,0.8344,0.83456,1.50,1.50
2012.09.14 06:14:43.945,0.83442,0.83456,1.50,1.50
2012.09.14 06:14:46.105,0.8344,0.83456,1.50,1.50
2012.09.14 06:14:46.178,0.83442,0.83456,1.50,1.50
2012.09.14 06:14:46.605,0.8344,0.83456,1.50,1.50
2012.09.14 06:14:46.755,0.83442,0.83456,1.50,1.50
2012.09.14 06:14:47.075,0.8344,0.83456,1.50,1.50
2012.09.14 06:14:47.904,0.8344,0.83456,1.50,2.25
2012.09.14 06:14:48.050,0.8344,0.83453,1.50,1.50
2012.09.14 06:14:48.246,0.83437,0.83451,1.50,1.50
2012.09.14 06:14:48.447,0.83438,0.83454,1.50,2.25
2012.09.14 06:14:56.737,0.83438,0.83452,1.50,1.50
2012.09.14 06:14:57.475,0.83437,0.83451,1.50,1.50
2012.09.14 06:14:57.977,0.83438,0.83452,1.50,1.50
2012.09.14 06:14:58.528,0.83437,0.83453,1.50,1.50
2012.09.14 06:14:58.937,0.83439,0.83455,1.50,2.85
2012.09.14 06:14:59.531,0.83439,0.83455,2.48,1.50
2012.09.14 06:14:59.878,0.83443,0.83457,1.50,1.88
2012.09.14 06:15:00.400,0.83443,0.83457,1.50,1.50
2012.09.14 06:15:00.773,0.83441,0.83455,1.50,2.63
2012.09.14 06:15:00.854,0.83434,0.8345,2.25,1.73
2012.09.14 06:15:00.931,0.83434,0.83448,1.50,1.50
2012.09.14 06:15:01.493,0.83435,0.83449,1.50,1.88
2012.09.14 06:15:01.570,0.83435,0.83451,1.50,1.50
2012.09.14 06:15:02.099,0.83435,0.83451,2.25,1.50
2012.09.14 06:15:04.426,0.83434,0.8345,2.48,1.50
2012.09.14 06:15:05.865,0.83434,0.83449,1.13,1.50
2012.09.14 06:15:06.599,0.83434,0.83448,1.13,1.50
2012.09.14 06:15:07.268,0.83434,0.83447,1.13,1.50
2012.09.14 06:15:07.779,0.83434,0.83448,1.13,1.50
2012.09.14 06:15:10.421,0.83433,0.83447,4.13,1.50
2012.09.14 06:15:13.020,0.83434,0.8345,2.48,1.50
2012.09.14 06:15:13.566,0.83433,0.83449,4.13,1.50
2012.09.14 06:15:14.120,0.83434,0.83448,2.48,1.50
2012.09.14 06:15:17.430,0.83433,0.83447,2.63,1.50
2012.09.14 06:15:18.281,0.83434,0.83446,1.13,1.50
2012.09.14 06:15:18.501,0.83432,0.83446,1.88,1.50
2012.09.14 06:15:18.582,0.83429,0.83444,1.65,1.50
2012.09.14 06:15:18.732,0.83428,0.83444,1.50,1.50
2012.09.14 06:15:19.093,0.83427,0.83441,1.50,1.50
2012.09.14 06:15:19.241,0.83421,0.83437,3.00,1.50
2012.09.14 06:15:19.784,0.83423,0.83439,1.50,3.23
2012.09.14 06:15:20.153,0.83426,0.8344,1.50,1.50
2012.09.14 06:15:20.512,0.83422,0.83436,1.65,1.50
2012.09.14 06:15:20.590,0.83423,0.83442,1.13,1.50
2012.09.14 06:15:21.091,0.83423,0.83442,2.40,1.73
2012.09.14 06:15:21.238,0.83424,0.83442,1.13,1.50
2012.09.14 06:15:21.866,0.83423,0.83445,2.63,2.10
2012.09.14 06:15:23.501,0.83423,0.83442,1.13,1.50
2012.09.14 06:15:24.194,0.8342,0.8344,3.23,2.48
2012.09.14 06:15:24.587,0.83423,0.8344,2.25,1.73
2012.09.14 06:15:24.931,0.83419,0.8344,2.63,2.48
2012.09.14 06:15:25.013,0.8342,0.83441,1.50,1.13
2012.09.14 06:15:25.089,0.8342,0.83442,1.65,2.85
2012.09.14 06:15:25.298,0.83423,0.83444,1.13,2.25
2012.09.14 06:15:25.574,0.83423,0.83444,1.13,1.88
2012.09.14 06:15:32.693,0.83423,0.83444,1.13,3.38
2012.09.14 06:15:32.775,0.8342,0.83442,3.38,1.36
2012.09.14 06:15:32.921,0.8342,0.83441,2.48,1.13
2012.09.14 06:15:33.072,0.83423,0.83442,2.48,1.29
2012.09.14 06:15:33.429,0.83418,0.8344,1.88,1.73
2012.09.14 06:15:43.151,0.83419,0.83438,1.13,1.88
2012.09.14 06:15:43.582,0.83413,0.83435,3.00,1.73
2012.09.14 06:15:43.804,0.83411,0.83433,1.65,1.50
2012.09.14 06:15:43.879,0.83411,0.83433,1.65,1.50
2012.09.14 06:15:44.168,0.83409,0.83433,1.95,1.50
2012.09.14 06:15:45.288,0.83409,0.83433,1.50,1.50
2012.09.14 06:15:45.745,0.83409,0.83432,1.50,1.13
2012.09.14 06:15:48.338,0.83408,0.83431,1.50,1.13
2012.09.14 06:15:49.949,0.83409,0.83431,1.50,1.13
2012.09.14 06:15:50.690,0.83409,0.83432,1.50,1.13
2012.09.14 06:15:54.021,0.83409,0.83433,1.50,3.00
2012.09.14 06:15:57.618,0.83412,0.83432,2.25,1.13
2012.09.14 06:15:57.762,0.83413,0.83432,1.73,1.13
2012.09.14 06:15:57.840,0.83413,0.83434,1.73,2.63
2012.09.14 06:15:58.199,0.83411,0.83434,2.25,2.85
2012.09.14 06:15:58.821,0.83411,0.83434,2.25,2.10
2012.09.14 06:15:59.032,0.83411,0.83434,2.25,2.48
2012.09.14 06:15:59.669,0.83416,0.83434,1.50,2.25
2012.09.14 06:15:59.970,0.83417,0.83436,1.50,1.13
2012.09.14 06:16:06.089,0.83416,0.83435,2.25,1.35
2012.09.14 06:16:10.219,0.83416,0.83435,1.50,1.35
2012.09.14 06:16:16.267,0.83416,0.83436,1.50,1.35
2012.09.14 06:16:40.840,0.83418,0.83436,1.13,1.35
2012.09.14 06:16:41.188,0.83419,0.83439,1.73,2.25
2012.09.14 06:16:41.587,0.8342,0.8344,1.50,1.35
2012.09.14 06:16:55.139,0.83424,0.83441,1.50,1.13
2012.09.14 06:16:55.480,0.83425,0.83447,1.13,2.40
2012.09.14 06:16:55.550,0.83429,0.83448,1.50,2.10
2012.09.14 06:16:55.899,0.83428,0.8345,2.48,5.48
2012.09.14 06:16:57.858,0.83428,0.8345,2.10,1.73
2012.09.14 06:16:58.006,0.83437,0.83451,1.50,1.73
2012.09.14 06:16:58.224,0.83436,0.83454,2.25,1.35
2012.09.14 06:17:00.040,0.83439,0.83456,1.50,1.50
2012.09.14 06:17:00.561,0.8344,0.83457,1.50,2.63
2012.09.14 06:17:01.132,0.83442,0.83456,1.50,1.13
2012.09.14 06:17:01.283,0.83443,0.83459,1.50,1.50
2012.09.14 06:17:01.433,0.83445,0.83462,1.50,2.63
2012.09.14 06:17:01.790,0.83452,0.83466,1.50,1.88
2012.09.14 06:17:01.858,0.83452,0.83469,1.50,2.48
2012.09.14 06:17:02.139,0.83452,0.83469,1.50,1.50
2012.09.14 06:17:02.768,0.83456,0.83474,2.25,2.48
2012.09.14 06:17:03.409,0.83454,0.83473,1.88,3.75
2012.09.14 06:17:03.969,0.83454,0.83469,1.73,1.50
2012.09.14 06:17:04.320,0.83452,0.83469,1.80,1.73
2012.09.14 06:17:05.533,0.83453,0.83469,1.80,1.73
2012.09.14 06:17:06.073,0.83456,0.83472,1.05,1.13
2012.09.14 06:17:07.900,0.83456,0.83474,1.05,2.25
2012.09.14 06:17:08.709,0.83458,0.83474,1.50,1.50
2012.09.14 06:17:08.990,0.83458,0.83474,1.50,1.50
2012.09.14 06:17:09.269,0.83456,0.83474,1.80,1.50
2012.09.14 06:17:11.117,0.83456,0.83474,1.05,1.50
2012.09.14 06:17:11.997,0.83456,0.83474,1.05,1.50
2012.09.14 06:17:13.511,0.83456,0.83474,1.05,1.50
2012.09.14 06:17:14.719,0.83456,0.83474,1.05,1.50
2012.09.14 06:17:16.167,0.83456,0.83474,1.80,1.50
2012.09.14 06:17:17.298,0.83456,0.83474,1.05,1.50
2012.09.14 06:17:18.538,0.83456,0.83474,1.05,1.50
2012.09.14 06:17:21.650,0.83456,0.83474,1.80,1.50
2012.09.14 06:17:25.437,0.83458,0.83476,2.25,1.13
2012.09.14 06:17:25.508,0.83458,0.83477,2.25,2.63
2012.09.14 06:17:30.477,0.83459,0.83477,1.13,1.88
2012.09.14 06:17:30.609,0.83456,0.83474,3.08,1.50
2012.09.14 06:17:30.680,0.83456,0.83474,2.18,1.50
2012.09.14 06:17:31.232,0.83456,0.83474,1.80,1.50
2012.09.14 06:17:31.324,0.83456,0.83474,1.05,1.50
2012.09.14 06:17:31.850,0.83456,0.83474,1.05,1.50
2012.09.14 06:17:35.500,0.83452,0.8347,1.43,1.50
2012.09.14 06:17:35.851,0.8345,0.8347,1.88,1.73
2012.09.14 06:17:35.930,0.8345,0.8347,1.88,1.73
2012.09.14 06:17:36.490,0.83446,0.83465,2.18,1.50
2012.09.14 06:17:36.852,0.83445,0.83465,1.88,1.73
2012.09.14 06:17:36.929,0.83445,0.83465,1.73,1.73
2012.09.14 06:17:38.978,0.83443,0.83465,1.13,1.73
2012.09.14 06:17:39.261,0.83447,0.83466,2.25,2.48
2012.09.14 06:17:39.340,0.83447,0.83466,2.48,2.25
2012.09.14 06:17:39.482,0.83445,0.83465,2.10,1.73
2012.09.14 06:17:39.561,0.83445,0.83465,1.50,1.73
2012.09.14 06:17:39.641,0.83445,0.83465,1.35,2.48
2012.09.14 06:17:40.905,0.83446,0.83465,1.50,1.73
2012.09.14 06:17:40.985,0.83446,0.83465,1.73,1.50
2012.09.14 06:17:41.203,0.83448,0.83467,2.40,1.73
2012.09.14 06:17:41.283,0.83445,0.83465,1.13,1.73
2012.09.14 06:17:41.362,0.83444,0.83465,2.25,1.73
2012.09.14 06:17:41.890,0.83444,0.83465,2.25,1.73
2012.09.14 06:17:44.309,0.83448,0.83469,2.48,4.28
2012.09.14 06:17:45.229,0.83446,0.83464,1.13,1.50
2012.09.14 06:17:45.300,0.83446,0.83464,1.13,1.50
2012.09.14 06:17:45.440,0.83444,0.83464,2.85,1.73
2012.09.14 06:17:52.804,0.83448,0.83466,2.25,1.50
2012.09.14 06:17:52.884,0.83448,0.83467,2.63,1.13
2012.09.14 06:17:53.702,0.83446,0.83465,1.13,1.50
2012.09.14 06:17:54.111,0.83445,0.83465,1.73,1.73
2012.09.14 06:17:54.330,0.83444,0.83465,1.13,1.73
2012.09.14 06:18:01.557,0.83443,0.83465,1.88,2.48
2012.09.14 06:18:02.109,0.83444,0.83465,1.13,2.48
2012.09.14 06:18:06.080,0.83445,0.83465,1.73,1.73
2012.09.14 06:18:06.600,0.83448,0.83466,2.25,1.50
2012.09.14 06:18:06.702,0.8345,0.83469,2.25,1.50
2012.09.14 06:18:06.780,0.83453,0.83471,1.50,1.50
2012.09.14 06:18:15.167,0.83453,0.83474,1.13,1.65
2012.09.14 06:18:15.752,0.83454,0.83474,1.13,2.03
2012.09.14 06:18:18.476,0.83453,0.83475,1.13,3.60
2012.09.14 06:18:19.031,0.83454,0.83474,1.13,1.28
2012.09.14 06:18:20.510,0.83451,0.8347,1.65,1.88
2012.09.14 06:18:21.156,0.83451,0.8347,1.50,1.88
2012.09.14 06:18:21.247,0.83452,0.83471,3.23,1.05
2012.09.14 06:18:21.881,0.83451,0.8347,2.40,1.88
2012.09.14 06:18:21.959,0.83452,0.8347,1.13,1.65
2012.09.14 06:18:22.029,0.83451,0.8347,2.40,1.88
2012.09.14 06:18:22.242,0.83453,0.8347,2.25,1.13
2012.09.14 06:18:22.459,0.83452,0.83469,1.13,1.65
2012.09.14 06:18:22.600,0.83451,0.83469,1.50,1.50
2012.09.14 06:18:23.782,0.83451,0.83469,1.50,1.50
2012.09.14 06:18:24.363,0.8345,0.83469,1.50,1.50
2012.09.14 06:18:28.167,0.8345,0.83469,1.50,1.50
2012.09.14 06:18:28.763,0.83449,0.83469,1.88,3.00
2012.09.14 06:18:32.336,0.83449,0.83468,1.73,1.50
2012.09.14 06:19:01.699,0.83449,0.83467,1.65,2.48
2012.09.14 06:19:01.897,0.83448,0.83468,1.13,1.73
2012.09.14 06:19:08.688,0.83448,0.83457,1.13,1.50
2012.09.14 06:19:08.899,0.83444,0.83455,1.50,1.73
2012.09.14 06:19:09.043,0.83443,0.8346,1.73,1.50
2012.09.14 06:19:09.258,0.83441,0.83461,1.20,1.35
2012.09.14 06:19:09.588,0.83441,0.83464,1.73,3.23
2012.09.14 06:19:10.426,0.8344,0.83461,2.25,1.35
2012.09.14 06:19:10.807,0.83443,0.83459,1.50,2.48
2012.09.14 06:19:11.278,0.83441,0.83457,1.50,1.50
2012.09.14 06:19:11.833,0.83442,0.83458,1.50,2.48
2012.09.14 06:19:12.708,0.83441,0.83457,2.25,2.25
2012.09.14 06:19:13.490,0.83442,0.83457,1.50,2.25
2012.09.14 06:19:14.035,0.83443,0.83459,1.50,2.48
2012.09.14 06:19:14.428,0.83441,0.83457,1.50,2.25
2012.09.14 06:19:15.057,0.83441,0.83455,1.50,1.50
2012.09.14 06:19:15.468,0.83442,0.83458,1.50,2.48
2012.09.14 06:19:16.718,0.83442,0.83458,1.50,2.48
2012.09.14 06:19:16.990,0.83444,0.83458,1.50,1.73
2012.09.14 06:19:17.773,0.83445,0.83459,2.25,1.50
2012.09.14 06:19:21.682,0.83448,0.83459,1.50,1.50
2012.09.14 06:19:22.752,0.8345,0.83461,1.50,1.13
2012.09.14 06:19:22.835,0.83446,0.8346,1.50,3.23
2012.09.14 06:19:23.656,0.83446,0.8346,1.50,3.23
2012.09.14 06:19:23.798,0.83442,0.83458,1.50,2.48
2012.09.14 06:19:24.130,0.8344,0.83456,3.75,2.25
2012.09.14 06:19:24.788,0.83441,0.83457,1.50,2.25
2012.09.14 06:19:24.931,0.83441,0.83454,1.50,1.50
2012.09.14 06:19:25.208,0.83437,0.83451,1.50,1.50
2012.09.14 06:19:25.853,0.83438,0.83452,1.50,1.73
2012.09.14 06:19:26.952,0.83439,0.83453,1.50,2.48
2012.09.14 06:19:27.034,0.83439,0.83455,2.25,2.48
2012.09.14 06:19:27.179,0.8344,0.83455,2.25,2.25
2012.09.14 06:19:27.727,0.83441,0.83455,2.25,2.25
2012.09.14 06:19:28.390,0.8344,0.83454,2.25,1.50
2012.09.14 06:19:28.531,0.83438,0.83454,3.15,1.50
2012.09.14 06:19:28.611,0.8344,0.83456,1.50,3.23
2012.09.14 06:19:28.889,0.83438,0.83454,2.25,1.73
2012.09.14 06:19:30.461,0.83438,0.83454,2.25,2.48
2012.09.14 06:19:30.539,0.83439,0.83455,2.25,2.25
2012.09.14 06:19:31.077,0.83441,0.83457,1.50,2.25
2012.09.14 06:19:32.278,0.83442,0.83456,1.50,2.25
2012.09.14 06:19:32.420,0.83442,0.83456,1.50,1.50
2012.09.14 06:19:32.971,0.83442,0.83458,1.50,3.98
2012.09.14 06:19:33.892,0.83441,0.83457,3.00,2.25
2012.09.14 06:19:33.975,0.83445,0.83459,1.50,2.48
2012.09.14 06:19:38.477,0.83445,0.83459,1.50,2.48
2012.09.14 06:19:39.738,0.83443,0.83457,1.50,1.50
2012.09.14 06:19:44.790,0.83443,0.83457,3.68,1.50
2012.09.14 06:19:44.871,0.83447,0.83457,1.50,1.50
2012.09.14 06:19:45.023,0.83451,0.83465,2.25,2.10
2012.09.14 06:19:45.102,0.83451,0.83465,2.25,1.88
2012.09.14 06:19:46.103,0.83448,0.83464,1.65,3.23
2012.09.14 06:19:48.284,0.83448,0.83464,1.50,3.23
2012.09.14 06:19:48.939,0.83447,0.83461,1.50,1.50
2012.09.14 06:19:52.149,0.83446,0.8346,2.25,1.50
2012.09.14 06:19:55.369,0.83446,0.83462,2.25,3.00
2012.09.14 06:19:55.556,0.83446,0.8346,2.25,1.50
2012.09.14 06:19:59.137,0.83447,0.83461,1.50,1.50
2012.09.14 06:19:59.802,0.83445,0.83461,2.25,1.50
2012.09.14 06:20:01.449,0.83443,0.83459,4.65,1.50
2012.09.14 06:20:02.301,0.83444,0.83458,2.25,1.50
2012.09.14 06:20:03.303,0.83443,0.83456,2.40,1.50
2012.09.14 06:20:03.661,0.83439,0.83454,1.50,1.50
2012.09.14 06:20:03.798,0.83439,0.83453,2.63,1.50
2012.09.14 06:20:04.363,0.83439,0.83453,2.25,1.50
2012.09.14 06:20:04.868,0.8344,0.83454,1.50,1.50
2012.09.14 06:20:06.103,0.83445,0.83459,2.25,1.50
2012.09.14 06:20:06.821,0.83444,0.8346,2.25,2.25
2012.09.14 06:20:07.709,0.83444,0.83458,2.40,1.50
2012.09.14 06:20:08.358,0.83443,0.83456,2.40,1.50
2012.09.14 06:20:08.429,0.83442,0.83456,1.88,1.50
2012.09.14 06:20:08.571,0.83439,0.83453,3.00,1.50
2012.09.14 06:20:08.800,0.83439,0.83453,2.63,1.50
2012.09.14 06:20:09.517,0.83439,0.83452,1.13,1.50
2012.09.14 06:20:13.277,0.83436,0.83452,4.13,1.73
2012.09.14 06:20:13.420,0.83436,0.83449,2.25,1.50
2012.09.14 06:20:14.177,0.83435,0.83448,1.50,1.50
2012.09.14 06:20:14.824,0.83435,0.83449,3.00,1.50
2012.09.14 06:20:15.248,0.83436,0.83451,1.50,2.25
2012.09.14 06:20:15.754,0.83436,0.8345,3.00,1.50
2012.09.14 06:20:27.007,0.83436,0.8345,3.75,1.50
2012.09.14 06:20:27.388,0.83438,0.83452,2.25,1.73
2012.09.14 06:20:30.587,0.83436,0.83452,3.00,1.73
2012.09.14 06:20:31.031,0.83435,0.8345,1.50,1.50
2012.09.14 06:20:31.568,0.83435,0.83451,2.25,1.50
2012.09.14 06:20:32.454,0.83436,0.83452,3.00,1.73
2012.09.14 06:20:33.119,0.83436,0.8345,3.00,1.50
2012.09.14 06:20:34.300,0.83435,0.83449,2.25,1.50
2012.09.14 06:20:35.284,0.83434,0.8345,2.40,1.73
2012.09.14 06:20:35.430,0.83437,0.83451,1.50,1.65
2012.09.14 06:20:36.298,0.83438,0.83452,1.50,1.73
2012.09.14 06:20:37.490,0.83436,0.83452,2.25,1.73
2012.09.14 06:20:37.999,0.83437,0.83453,1.50,1.73
2012.09.14 06:20:38.663,0.83438,0.83452,1.50,1.73
2012.09.14 06:20:39.271,0.83436,0.83452,2.25,1.73
2012.09.14 06:20:39.499,0.83438,0.83452,1.50,1.73
2012.09.14 06:20:44.828,0.83437,0.83453,1.50,1.73
2012.09.14 06:20:45.378,0.83436,0.83452,2.25,1.73
2012.09.14 06:20:45.719,0.8344,0.83454,1.50,2.48
2012.09.14 06:20:46.007,0.83438,0.83454,1.50,2.48
2012.09.14 06:20:48.651,0.83437,0.83451,1.50,1.50
2012.09.14 06:20:49.199,0.83438,0.83452,1.50,1.73
2012.09.14 06:20:51.310,0.83436,0.83452,2.25,1.73
2012.09.14 06:20:51.878,0.8344,0.83454,1.50,2.48
2012.09.14 06:20:52.459,0.83438,0.83454,1.50,2.48
2012.09.14 06:20:52.889,0.8344,0.83454,1.50,2.48
2012.09.14 06:20:53.029,0.83438,0.83454,1.50,2.48
2012.09.14 06:20:53.559,0.83437,0.83453,1.50,1.73
2012.09.14 06:20:55.251,0.83439,0.83453,1.50,1.73
2012.09.14 06:20:55.769,0.8344,0.83454,1.50,3.23
2012.09.14 06:20:56.102,0.83442,0.83456,1.50,2.63
2012.09.14 06:20:58.133,0.8344,0.83454,1.50,2.48
2012.09.14 06:21:04.079,0.83438,0.83454,1.50,2.48
2012.09.14 06:21:06.096,0.83439,0.83455,1.50,2.48
2012.09.14 06:21:08.048,0.83438,0.83454,1.50,3.23
2012.09.14 06:21:08.118,0.8344,0.83454,1.50,3.23
2012.09.14 06:21:08.683,0.83439,0.83453,1.50,1.73
2012.09.14 06:21:09.819,0.83438,0.83452,1.50,1.73
2012.09.14 06:21:10.409,0.83436,0.83452,2.25,1.73
2012.09.14 06:21:11.075,0.83436,0.8345,2.25,1.50
2012.09.14 06:21:11.619,0.83437,0.83451,1.50,1.50
2012.09.14 06:21:12.146,0.83437,0.83453,1.50,1.73
2012.09.14 06:21:14.267,0.83437,0.83451,1.50,1.50
2012.09.14 06:21:15.012,0.83437,0.83453,1.50,1.73
2012.09.14 06:21:16.449,0.83437,0.83451,1.50,1.50
2012.09.14 06:21:17.001,0.83437,0.83452,1.50,1.73
2012.09.14 06:21:17.353,0.83436,0.8345,1.50,2.48
2012.09.14 06:21:17.433,0.83436,0.8345,1.50,2.25
2012.09.14 06:21:17.582,0.83436,0.8345,1.50,2.48
2012.09.14 06:21:17.801,0.83437,0.83451,1.50,1.50
2012.09.14 06:21:18.349,0.83438,0.83452,1.50,1.73
2012.09.14 06:21:26.782,0.83441,0.83455,1.50,4.73
2012.09.14 06:21:27.628,0.83444,0.83457,1.50,1.88
2012.09.14 06:21:27.931,0.8345,0.8346,1.50,1.73
2012.09.14 06:21:28.001,0.83449,0.8346,1.50,1.73
2012.09.14 06:21:28.222,0.83451,0.83461,1.50,2.25
2012.09.14 06:21:28.720,0.83453,0.83464,1.50,2.78
2012.09.14 06:21:28.858,0.83453,0.83464,1.50,1.88
2012.09.14 06:21:29.201,0.8345,0.83464,1.50,2.63
2012.09.14 06:21:29.782,0.8345,0.83464,1.50,3.38
2012.09.14 06:21:30.949,0.83448,0.83462,1.50,3.00
2012.09.14 06:21:31.489,0.83449,0.83462,1.50,1.50
2012.09.14 06:21:32.028,0.83449,0.83462,1.50,1.50
2012.09.14 06:21:33.687,0.83448,0.83462,1.50,2.25
2012.09.14 06:21:34.189,0.83449,0.83464,1.50,3.38
2012.09.14 06:21:34.328,0.83449,0.83462,1.50,1.65
2012.09.14 06:21:34.401,0.83447,0.83462,1.50,1.65
2012.09.14 06:21:34.947,0.83447,0.83462,1.50,1.65
2012.09.14 06:21:44.376,0.83445,0.83461,2.48,2.25
2012.09.14 06:21:46.219,0.83447,0.83462,1.50,1.65
2012.09.14 06:21:51.108,0.83445,0.83461,3.98,2.25
2012.09.14 06:21:51.390,0.83444,0.83458,1.65,1.50
2012.09.14 06:21:52.156,0.83443,0.83459,1.50,1.50
2012.09.14 06:21:53.080,0.83444,0.8346,1.50,1.50
2012.09.14 06:21:53.838,0.83443,0.83459,1.50,1.50
2012.09.14 06:21:55.905,0.83443,0.83459,1.50,2.25
2012.09.14 06:21:56.229,0.83445,0.83459,1.50,2.25
2012.09.14 06:21:57.157,0.83443,0.83458,1.50,1.50
2012.09.14 06:21:57.302,0.83445,0.83459,1.50,2.25
2012.09.14 06:21:57.859,0.83446,0.8346,1.50,2.25
2012.09.14 06:21:58.205,0.83448,0.83462,1.50,3.15
2012.09.14 06:21:59.102,0.83449,0.83463,1.50,2.40
2012.09.14 06:21:59.754,0.83451,0.83464,1.50,1.65
2012.09.14 06:22:01.250,0.83446,0.8346,2.40,1.50
2012.09.14 06:22:01.319,0.83446,0.8346,2.25,1.50
2012.09.14 06:22:01.643,0.83446,0.83462,2.25,1.62
2012.09.14 06:22:06.753,0.83445,0.83461,3.98,1.50
2012.09.14 06:22:10.258,0.83447,0.83461,1.50,1.50
2012.09.14 06:22:12.039,0.83446,0.8346,2.25,1.50
2012.09.14 06:22:12.318,0.83448,0.83462,1.50,1.62
2012.09.14 06:22:12.866,0.83447,0.83461,1.50,1.50
2012.09.14 06:22:13.417,0.83448,0.83462,1.50,1.62
2012.09.14 06:22:13.559,0.83446,0.83462,2.25,1.62
2012.09.14 06:22:15.129,0.83445,0.83461,2.48,1.50
2012.09.14 06:22:15.689,0.83448,0.83462,1.50,3.12
2012.09.14 06:22:16.526,0.83447,0.83461,1.50,1.50
2012.09.14 06:22:17.040,0.83445,0.83461,2.48,1.50
2012.09.14 06:22:17.347,0.83444,0.83458,2.48,1.50
2012.09.14 06:22:18.119,0.83445,0.83459,2.48,1.50
2012.09.14 06:22:19.677,0.83444,0.83458,2.63,1.50
2012.09.14 06:22:20.319,0.83445,0.83461,2.48,2.25
2012.09.14 06:22:21.279,0.83448,0.83462,1.50,4.77
2012.09.14 06:22:24.237,0.83445,0.83461,2.48,2.25
2012.09.14 06:22:28.739,0.83443,0.83459,4.13,1.50
2012.09.14 06:22:31.529,0.83444,0.83458,2.63,1.50
2012.09.14 06:22:32.307,0.83445,0.83459,2.48,2.25
2012.09.14 06:22:32.963,0.83444,0.83458,2.63,1.50
2012.09.14 06:22:34.947,0.83445,0.83459,2.48,2.25
2012.09.14 06:22:35.817,0.83444,0.83458,2.48,1.50
2012.09.14 06:22:37.767,0.83445,0.83459,2.48,2.25
2012.09.14 06:22:38.766,0.83447,0.83462,1.50,2.37
2012.09.14 06:22:38.840,0.8345,0.83464,1.50,4.09
2012.09.14 06:22:39.944,0.83453,0.83464,1.50,2.59
2012.09.14 06:22:40.510,0.83453,0.83464,1.50,1.65
2012.09.14 06:22:40.662,0.8345,0.83464,1.50,2.40
2012.09.14 06:22:41.316,0.8345,0.83464,2.25,3.38
2012.09.14 06:22:41.950,0.83451,0.83466,1.50,3.15
2012.09.14 06:22:44.953,0.83455,0.83468,1.50,1.65
2012.09.14 06:22:45.032,0.83455,0.83469,1.50,3.23
2012.09.14 06:22:45.579,0.83455,0.83469,1.50,1.73
2012.09.14 06:22:46.258,0.83454,0.83468,1.50,1.50
2012.09.14 06:22:46.804,0.83454,0.8347,1.50,2.48
2012.09.14 06:22:48.762,0.83455,0.83469,1.50,1.73
2012.09.14 06:22:49.961,0.83453,0.83469,1.50,1.73
2012.09.14 06:22:50.100,0.83455,0.83469,1.50,1.73
2012.09.14 06:22:50.859,0.83457,0.83471,1.50,2.48
2012.09.14 06:22:52.730,0.83456,0.83472,1.50,3.53
2012.09.14 06:22:55.670,0.83455,0.83471,1.50,2.48
2012.09.14 06:22:56.407,0.83458,0.83471,2.25,1.13
2012.09.14 06:22:56.771,0.83465,0.83479,1.50,2.10
2012.09.14 06:22:56.850,0.83463,0.83479,1.50,1.73
2012.09.14 06:22:57.408,0.83464,0.8348,1.50,1.73
2012.09.14 06:22:57.748,0.83463,0.83477,1.50,1.50
2012.09.14 06:22:58.556,0.83461,0.83475,1.50,2.25
2012.09.14 06:22:59.539,0.83463,0.83479,1.50,3.00
2012.09.14 06:23:00.732,0.83465,0.8348,1.50,1.80
2012.09.14 06:23:01.090,0.83467,0.83479,1.50,1.50
2012.09.14 06:23:01.610,0.83466,0.8348,1.50,2.55
2012.09.14 06:23:03.251,0.83467,0.8348,1.50,1.05
2012.09.14 06:23:04.742,0.83465,0.8348,1.50,1.05
2012.09.14 06:23:05.402,0.83466,0.8348,1.50,1.05
2012.09.14 06:23:06.723,0.83465,0.8348,1.50,1.05
2012.09.14 06:23:09.509,0.83464,0.8348,1.50,2.55
2012.09.14 06:23:09.919,0.83463,0.83478,1.50,1.50
2012.09.14 06:23:10.474,0.83462,0.83478,1.50,1.50
2012.09.14 06:23:11.044,0.83464,0.83478,1.50,1.50
2012.09.14 06:23:12.927,0.83465,0.8348,1.50,1.73
2012.09.14 06:23:13.446,0.83465,0.83479,1.50,1.50
2012.09.14 06:23:16.038,0.83463,0.83479,1.50,1.50
2012.09.14 06:23:16.591,0.83462,0.83478,1.50,1.50
2012.09.14 06:23:18.434,0.83461,0.83477,1.50,1.50
2012.09.14 06:23:18.568,0.83461,0.83475,1.50,1.50
2012.09.14 06:23:22.923,0.8346,0.83476,2.25,1.50
2012.09.14 06:23:23.367,0.83462,0.83476,1.50,1.50
2012.09.14 06:23:23.917,0.83461,0.83475,1.50,1.50
2012.09.14 06:23:24.246,0.83461,0.83477,1.50,1.50
2012.09.14 06:23:25.739,0.8346,0.83476,2.25,1.50
2012.09.14 06:23:28.262,0.8346,0.83476,2.25,3.00
2012.09.14 06:23:28.343,0.8346,0.83475,1.50,2.25
2012.09.14 06:23:28.701,0.8346,0.83472,1.50,3.00
2012.09.14 06:23:29.129,0.83452,0.83466,3.30,1.50
2012.09.14 06:23:29.332,0.83452,0.83466,3.30,1.50
2012.09.14 06:23:30.147,0.83453,0.83467,1.58,1.50
2012.09.14 06:23:30.810,0.83451,0.83467,2.33,2.25
2012.09.14 06:23:30.891,0.83451,0.83467,2.25,2.25
2012.09.14 06:23:31.392,0.83451,0.83465,1.50,1.73
2012.09.14 06:23:31.993,0.83452,0.83466,1.50,2.25
2012.09.14 06:23:33.288,0.8345,0.83466,2.48,2.25
2012.09.14 06:23:33.769,0.8345,0.83464,2.48,1.50
2012.09.14 06:23:33.979,0.8345,0.83466,2.48,1.50
2012.09.14 06:23:34.321,0.83452,0.83468,1.50,1.50
2012.09.14 06:23:34.673,0.83453,0.83467,2.85,1.50
2012.09.14 06:23:36.715,0.83455,0.83469,2.48,1.50
2012.09.14 06:23:38.646,0.83454,0.83468,2.48,1.50
2012.09.14 06:23:41.649,0.83454,0.83469,1.13,1.50
2012.09.14 06:23:42.168,0.83454,0.8347,2.63,1.50
2012.09.14 06:23:42.852,0.83453,0.83469,3.00,1.50
2012.09.14 06:23:45.028,0.83454,0.8347,2.63,3.00
2012.09.14 06:23:48.151,0.83456,0.83472,1.50,1.50
2012.09.14 06:23:48.301,0.83456,0.8347,1.95,1.50
2012.09.14 06:23:48.660,0.83459,0.83475,3.98,1.50
2012.09.14 06:23:48.741,0.83461,0.83477,2.25,1.50
2012.09.14 06:23:49.099,0.8346,0.83476,2.25,2.25
2012.09.14 06:23:51.887,0.8346,0.83475,1.50,1.50
2012.09.14 06:23:52.360,0.83458,0.83472,3.75,1.50
2012.09.14 06:23:52.500,0.8346,0.83474,2.48,2.25
2012.09.14 06:23:54.542,0.83462,0.83476,1.50,1.50
2012.09.14 06:23:54.693,0.83459,0.83474,1.13,1.50
2012.09.14 06:23:55.329,0.83459,0.83473,1.13,1.50
2012.09.14 06:23:55.887,0.83459,0.83472,1.13,1.50
2012.09.14 06:23:56.179,0.8346,0.83474,2.48,2.25
2012.09.14 06:23:57.584,0.83458,0.83473,2.63,1.50
2012.09.14 06:23:59.908,0.83458,0.83472,2.63,1.50
2012.09.14 06:24:00.240,0.83458,0.83469,2.63,1.50
2012.09.14 06:24:00.379,0.83455,0.83469,3.15,1.50
2012.09.14 06:24:01.001,0.83454,0.83465,1.13,1.50
2012.09.14 06:24:01.084,0.8345,0.83464,1.88,1.50
2012.09.14 06:24:01.163,0.83448,0.83464,3.38,1.50
2012.09.14 06:24:02.071,0.83451,0.83465,1.50,3.00
2012.09.14 06:24:02.221,0.83451,0.83467,1.50,1.50
2012.09.14 06:24:03.171,0.8345,0.83466,2.48,1.50
2012.09.14 06:24:03.705,0.83452,0.83466,1.50,1.50
2012.09.14 06:24:08.878,0.8345,0.83466,2.48,1.50
2012.09.14 06:24:08.947,0.83452,0.83466,1.50,1.50
2012.09.14 06:24:09.443,0.8345,0.83466,2.48,1.50
2012.09.14 06:24:10.042,0.83452,0.83466,1.50,1.50
2012.09.14 06:24:24.229,0.83449,0.83463,3.38,1.50
2012.09.14 06:24:24.679,0.83451,0.83465,1.50,1.50
2012.09.14 06:24:24.868,0.83449,0.83463,2.48,1.50
2012.09.14 06:24:25.298,0.83449,0.83465,2.63,1.50
2012.09.14 06:24:26.027,0.83449,0.83463,2.63,1.50
2012.09.14 06:24:27.537,0.83449,0.83465,2.63,1.50
2012.09.14 06:24:28.152,0.83449,0.83464,1.13,1.50
2012.09.14 06:24:32.687,0.83451,0.83465,1.50,2.25
2012.09.14 06:24:34.427,0.83449,0.83464,2.48,1.50
2012.09.14 06:24:36.088,0.83449,0.83463,2.63,1.50
2012.09.14 06:24:36.157,0.83449,0.83465,2.63,1.50
2012.09.14 06:24:36.228,0.83449,0.83463,2.63,1.50
2012.09.14 06:24:36.768,0.8345,0.83464,2.48,1.50
2012.09.14 06:24:39.978,0.83449,0.83463,2.48,1.50
2012.09.14 06:24:40.539,0.83449,0.83465,2.63,1.50
2012.09.14 06:24:41.153,0.83452,0.83468,1.50,1.50
2012.09.14 06:24:41.523,0.83452,0.83468,3.75,1.50
2012.09.14 06:24:41.814,0.83456,0.8347,1.50,1.50
2012.09.14 06:24:42.032,0.83459,0.83472,1.50,2.25
2012.09.14 06:24:42.110,0.83457,0.83473,1.50,3.00
2012.09.14 06:24:43.914,0.83456,0.8347,1.50,1.50
2012.09.14 06:24:44.307,0.83456,0.8347,1.50,3.00
2012.09.14 06:24:44.455,0.8345,0.83466,2.48,1.50
2012.09.14 06:24:44.981,0.83449,0.83464,2.63,1.50
2012.09.14 06:24:45.528,0.83449,0.83463,2.48,1.50
2012.09.14 06:24:46.403,0.83449,0.83465,2.48,1.50
2012.09.14 06:24:46.484,0.83449,0.83463,2.48,1.50
2012.09.14 06:24:47.041,0.8345,0.83464,2.48,1.50
2012.09.14 06:24:48.590,0.83451,0.83467,1.50,2.25
2012.09.14 06:24:48.869,0.83452,0.83468,1.50,1.50
2012.09.14 06:24:50.258,0.83454,0.8347,1.50,6.23
2012.09.14 06:24:50.821,0.83455,0.83469,1.50,1.73
2012.09.14 06:24:51.183,0.8346,0.83473,1.50,1.50
2012.09.14 06:24:51.670,0.8346,0.83474,2.48,1.50
2012.09.14 06:24:51.870,0.83463,0.83477,1.50,2.25
2012.09.14 06:24:52.527,0.83463,0.83477,1.50,3.75
2012.09.14 06:24:52.779,0.8346,0.83476,2.48,2.25
2012.09.14 06:24:54.360,0.83462,0.83476,1.50,2.25
2012.09.14 06:24:54.789,0.83463,0.83477,1.50,2.25
2012.09.14 06:24:55.340,0.83462,0.83478,1.50,3.75
2012.09.14 06:24:55.410,0.8346,0.83476,2.48,2.25
2012.09.14 06:24:56.216,0.83459,0.83473,2.48,1.50
2012.09.14 06:24:57.195,0.8346,0.83474,2.48,2.25
2012.09.14 06:24:57.620,0.83457,0.83471,1.88,1.50
2012.09.14 06:24:57.688,0.83457,0.83471,1.50,1.50
2012.09.14 06:24:58.255,0.83455,0.83471,2.25,1.50
2012.09.14 06:24:59.144,0.83457,0.83471,3.75,1.50
2012.09.14 06:24:59.241,0.8346,0.83476,3.75,2.25
2012.09.14 06:25:00.071,0.8346,0.83476,2.25,2.25
2012.09.14 06:25:00.878,0.83459,0.83472,1.13,1.50
2012.09.14 06:25:01.531,0.83459,0.83473,2.63,1.50
2012.09.14 06:25:04.603,0.83456,0.8347,1.95,1.50
2012.09.14 06:25:04.679,0.83456,0.8347,1.50,1.50
2012.09.14 06:25:05.232,0.83457,0.83471,1.50,1.50
2012.09.14 06:25:05.962,0.83458,0.83472,1.50,2.25
2012.09.14 06:25:06.110,0.83456,0.83472,3.00,2.25
2012.09.14 06:25:07.249,0.83455,0.83471,2.48,1.50
2012.09.14 06:25:09.688,0.83456,0.8347,1.50,1.50
2012.09.14 06:25:10.051,0.83456,0.83472,1.50,2.25
2012.09.14 06:25:10.321,0.83456,0.8347,1.50,1.50
2012.09.14 06:25:10.852,0.83457,0.83471,1.50,1.50
2012.09.14 06:25:11.377,0.83456,0.8347,1.50,1.50
2012.09.14 06:25:14.093,0.83458,0.8347,1.35,1.50
2012.09.14 06:25:14.311,0.83462,0.83476,1.50,1.50
2012.09.14 06:25:14.532,0.83459,0.83473,2.48,1.50
2012.09.14 06:25:15.132,0.83459,0.83472,1.13,1.50
2012.09.14 06:25:15.198,0.83459,0.83474,1.13,3.00
2012.09.14 06:25:15.984,0.83459,0.83473,1.13,1.50
2012.09.14 06:25:16.550,0.83459,0.83472,1.13,1.50
2012.09.14 06:25:17.280,0.83459,0.83473,2.48,1.50
2012.09.14 06:25:17.491,0.83456,0.8347,2.25,1.50
2012.09.14 06:25:17.628,0.83456,0.8347,1.50,1.50
2012.09.14 06:25:19.322,0.83459,0.83473,2.25,1.50
2012.09.14 06:25:19.822,0.83459,0.83473,1.65,1.50
2012.09.14 06:25:20.045,0.83456,0.8347,3.23,1.50
2012.09.14 06:25:20.399,0.83459,0.83472,1.13,1.50
2012.09.14 06:25:20.472,0.83456,0.83472,1.88,1.50
2012.09.14 06:25:20.618,0.83458,0.83472,2.40,1.50
2012.09.14 06:25:21.112,0.83458,0.83474,4.13,1.50
2012.09.14 06:25:21.919,0.83459,0.83473,1.13,1.50
2012.09.14 06:25:33.001,0.8346,0.83474,2.48,1.50
2012.09.14 06:25:33.563,0.83461,0.83475,2.25,1.50
2012.09.14 06:25:34.109,0.83458,0.83474,4.13,1.50
2012.09.14 06:25:38.739,0.83457,0.83473,2.10,1.50
2012.09.14 06:25:38.814,0.83457,0.83471,1.73,1.50
2012.09.14 06:25:38.888,0.83457,0.83471,1.50,1.50
2012.09.14 06:25:39.428,0.83456,0.8347,2.25,1.50
2012.09.14 06:25:40.629,0.83455,0.83471,3.00,1.50
2012.09.14 06:25:41.375,0.83456,0.83472,2.25,1.50
2012.09.14 06:25:41.689,0.83458,0.83472,2.48,1.50
2012.09.14 06:25:41.900,0.8346,0.83474,2.25,1.50
2012.09.14 06:25:44.532,0.83462,0.83474,1.50,1.50
2012.09.14 06:25:44.610,0.83463,0.83479,1.50,4.50
2012.09.14 06:25:45.149,0.83462,0.83478,1.50,1.50
2012.09.14 06:25:46.082,0.83463,0.83479,1.50,3.75
2012.09.14 06:25:46.608,0.83464,0.83478,1.50,1.50
2012.09.14 06:25:47.030,0.83462,0.83478,1.50,1.50
2012.09.14 06:25:48.303,0.83464,0.83479,1.50,1.50
2012.09.14 06:25:48.770,0.83462,0.83478,1.50,1.50
2012.09.14 06:25:48.970,0.83464,0.83478,1.50,1.50
2012.09.14 06:25:49.311,0.83466,0.83479,1.50,1.50
2012.09.14 06:25:49.449,0.83464,0.83479,1.50,1.50
2012.09.14 06:25:50.501,0.83463,0.83477,1.50,1.50
2012.09.14 06:25:51.012,0.83464,0.83478,1.50,1.50
2012.09.14 06:25:51.434,0.83464,0.83476,1.50,1.50
2012.09.14 06:25:51.514,0.8346,0.83476,1.50,3.00
2012.09.14 06:25:51.660,0.83459,0.83473,1.50,1.50
2012.09.14 06:25:51.870,0.83457,0.83473,1.50,1.50
2012.09.14 06:25:52.614,0.83459,0.83475,1.50,3.98
2012.09.14 06:25:53.120,0.8346,0.83474,1.50,1.73
2012.09.14 06:25:53.786,0.83461,0.83475,1.50,3.23
2012.09.14 06:25:54.342,0.83462,0.83475,1.50,1.73
2012.09.14 06:25:54.629,0.83462,0.83476,3.00,1.50
2012.09.14 06:25:54.699,0.83464,0.83478,1.50,3.38
2012.09.14 06:25:55.258,0.83465,0.83478,1.50,1.13
2012.09.14 06:25:55.896,0.83463,0.83477,1.50,2.25
2012.09.14 06:25:56.459,0.83464,0.83478,1.50,1.50
2012.09.14 06:25:56.601,0.83462,0.83478,1.50,3.00
2012.09.14 06:25:57.643,0.83463,0.83478,1.50,1.50
2012.09.14 06:25:58.338,0.83467,0.8348,1.50,1.80
2012.09.14 06:25:58.702,0.83465,0.8348,1.50,1.80
2012.09.14 06:25:59.259,0.83466,0.83481,1.50,1.80
2012.09.14 06:26:00.060,0.83465,0.83481,1.50,3.30
2012.09.14 06:26:00.740,0.83464,0.8348,3.00,2.48
2012.09.14 06:26:01.521,0.83466,0.8348,1.50,3.98
2012.09.14 06:26:02.181,0.83467,0.8348,1.50,2.48
2012.09.14 06:26:03.710,0.83469,0.83481,1.50,1.95
2012.09.14 06:26:04.124,0.83469,0.83483,1.50,3.23
2012.09.14 06:26:04.681,0.8347,0.83483,1.50,1.58
2012.09.14 06:26:04.762,0.83472,0.83484,1.50,1.43
2012.09.14 06:26:04.980,0.83472,0.83485,1.50,1.73
2012.09.14 06:26:05.806,0.8347,0.83485,3.00,1.73
2012.09.14 06:26:06.483,0.83471,0.83485,1.50,1.73
2012.09.14 06:26:06.814,0.83473,0.83485,1.50,1.73
2012.09.14 06:26:06.891,0.83471,0.83486,1.50,1.13
2012.09.14 06:26:07.042,0.83475,0.83486,1.50,1.13
2012.09.14 06:26:07.395,0.83477,0.8349,1.50,3.00
2012.09.14 06:26:07.541,0.83477,0.8349,1.50,2.85
2012.09.14 06:26:08.042,0.83476,0.8349,1.50,3.60
2012.09.14 06:26:08.688,0.83476,0.8349,1.50,3.60
2012.09.14 06:26:09.581,0.83475,0.8349,1.50,1.73
2012.09.14 06:26:09.780,0.83475,0.8349,1.50,2.48
2012.09.14 06:26:10.330,0.83476,0.8349,1.50,1.73
2012.09.14 06:26:10.968,0.83475,0.83489,1.50,2.25
2012.09.14 06:26:12.348,0.83474,0.8349,1.50,3.98
2012.09.14 06:26:12.908,0.83474,0.8349,1.50,3.23
2012.09.14 06:26:13.451,0.83475,0.8349,1.50,1.73
2012.09.14 06:26:14.073,0.83475,0.83489,1.50,1.50
2012.09.14 06:26:15.003,0.83476,0.8349,1.50,3.23
2012.09.14 06:26:15.518,0.83475,0.83489,1.50,1.50
2012.09.14 06:26:16.334,0.83475,0.8349,1.50,1.73
2012.09.14 06:26:17.252,0.83475,0.83489,1.50,1.50
2012.09.14 06:26:17.979,0.83474,0.8349,1.50,3.23
2012.09.14 06:26:18.405,0.83476,0.8349,1.50,3.23
2012.09.14 06:26:19.115,0.83475,0.83489,1.50,1.50
2012.09.14 06:26:20.609,0.8347,0.83486,2.25,2.48
2012.09.14 06:26:20.820,0.8347,0.83486,2.48,1.65
2012.09.14 06:26:21.099,0.83474,0.83488,1.50,2.25
2012.09.14 06:26:21.489,0.83472,0.83488,1.50,2.25
2012.09.14 06:26:24.488,0.83472,0.83484,1.50,1.50
2012.09.14 06:26:24.711,0.83465,0.83479,1.50,1.73
2012.09.14 06:26:25.282,0.83466,0.8348,1.50,1.73
2012.09.14 06:26:25.819,0.83467,0.83481,1.50,1.73
2012.09.14 06:26:26.800,0.83468,0.83482,1.50,1.73
2012.09.14 06:26:26.943,0.83471,0.83485,1.50,3.90
2012.09.14 06:26:27.089,0.83473,0.83485,1.50,2.25
2012.09.14 06:26:27.370,0.8347,0.83486,1.73,3.75
2012.09.14 06:26:27.501,0.8347,0.83484,1.73,1.50
2012.09.14 06:26:27.652,0.83467,0.83483,1.73,1.50
2012.09.14 06:26:28.254,0.83468,0.83482,1.50,1.50
2012.09.14 06:26:32.535,0.83466,0.8348,3.98,1.50
2012.09.14 06:26:32.890,0.83465,0.83481,1.50,2.40
2012.09.14 06:26:33.727,0.83465,0.83479,1.50,1.50
2012.09.14 06:26:37.773,0.83465,0.83481,1.50,2.63
2012.09.14 06:26:38.287,0.83464,0.8348,1.50,2.25
2012.09.14 06:26:39.600,0.83462,0.83478,3.98,1.50
2012.09.14 06:26:39.921,0.83461,0.83475,2.18,1.50
2012.09.14 06:26:40.139,0.83461,0.83477,1.73,1.50
2012.09.14 06:26:40.718,0.8346,0.83476,5.18,1.50
2012.09.14 06:26:41.342,0.83461,0.83477,1.73,1.50
2012.09.14 06:26:41.488,0.83461,0.83475,1.73,1.50
2012.09.14 06:26:41.998,0.83462,0.83476,1.73,1.50
2012.09.14 06:26:44.768,0.83461,0.83477,1.73,1.50
2012.09.14 06:26:45.838,0.8346,0.83476,2.48,1.50
2012.09.14 06:26:46.640,0.83461,0.83477,1.73,1.50
2012.09.14 06:26:47.922,0.83461,0.83476,1.73,1.50
2012.09.14 06:26:48.488,0.83461,0.83475,1.73,1.50
2012.09.14 06:26:49.160,0.83462,0.83476,1.73,1.50
2012.09.14 06:26:49.938,0.83461,0.83477,1.73,1.50
2012.09.14 06:26:57.918,0.83461,0.83475,1.73,1.50
2012.09.14 06:26:57.988,0.83461,0.83477,1.73,1.50
2012.09.14 06:26:58.570,0.83462,0.83476,1.73,1.50
2012.09.14 06:26:58.639,0.8346,0.83474,2.48,1.50
2012.09.14 06:27:00.369,0.8346,0.83476,2.48,1.50
2012.09.14 06:27:00.437,0.8346,0.83474,2.48,1.50
2012.09.14 06:27:01.999,0.83459,0.83475,3.38,2.25
2012.09.14 06:27:15.821,0.83463,0.83475,1.50,1.50
2012.09.14 06:27:16.150,0.83466,0.83479,2.48,1.50
2012.09.14 06:27:16.291,0.83463,0.83477,1.65,2.25
2012.09.14 06:27:16.479,0.83463,0.83477,1.50,2.25
2012.09.14 06:27:19.772,0.8346,0.83476,2.48,2.25
2012.09.14 06:27:22.048,0.83462,0.83477,1.73,2.25
2012.09.14 06:27:22.578,0.83462,0.83477,1.73,2.25
2012.09.14 06:27:26.321,0.83462,0.83477,1.73,2.25
2012.09.14 06:27:27.245,0.83462,0.83477,1.73,2.25
2012.09.14 06:27:28.085,0.83466,0.83479,1.50,1.50
2012.09.14 06:27:28.402,0.83464,0.8348,1.50,3.38
2012.09.14 06:27:32.552,0.83466,0.8348,1.50,3.00
2012.09.14 06:27:33.758,0.83464,0.8348,1.50,3.75
2012.09.14 06:27:34.111,0.83466,0.8348,1.50,3.00
2012.09.14 06:27:34.651,0.83467,0.8348,1.50,2.25
2012.09.14 06:27:35.020,0.83465,0.8348,1.50,3.75
2012.09.14 06:27:35.532,0.83464,0.8348,1.50,4.50
2012.09.14 06:27:41.959,0.83466,0.8348,1.50,3.75
2012.09.14 06:27:42.702,0.83466,0.8348,1.50,3.00
2012.09.14 06:27:43.560,0.83464,0.8348,1.50,3.00
2012.09.14 06:27:50.232,0.83463,0.83478,1.50,1.50
2012.09.14 06:27:50.509,0.83464,0.8348,1.50,3.00
2012.09.14 06:27:52.761,0.83466,0.8348,1.50,3.00
2012.09.14 06:27:52.898,0.83464,0.8348,1.50,3.00
2012.09.14 06:27:53.821,0.83463,0.83477,3.00,1.50
2012.09.14 06:27:54.442,0.83463,0.83479,1.50,1.50
2012.09.14 06:27:55.577,0.83466,0.8348,1.50,2.25
2012.09.14 06:27:55.929,0.83468,0.83482,1.50,1.88
2012.09.14 06:27:56.271,0.8347,0.83484,1.50,3.00
2012.09.14 06:27:59.263,0.83472,0.83487,1.50,2.40
2012.09.14 06:27:59.339,0.83473,0.83488,1.50,1.50
2012.09.14 06:27:59.552,0.83476,0.83492,1.50,5.40
2012.09.14 06:27:59.632,0.83476,0.83492,1.50,4.65
2012.09.14 06:28:00.515,0.83477,0.83491,1.50,3.90
2012.09.14 06:28:02.030,0.83475,0.8349,1.50,1.50
2012.09.14 06:28:02.625,0.83475,0.83489,1.50,1.50
2012.09.14 06:28:08.413,0.83469,0.83483,1.73,2.25
2012.09.14 06:28:08.495,0.83469,0.83483,1.50,2.48
2012.09.14 06:28:08.573,0.83464,0.8348,3.75,1.50
2012.09.14 06:28:08.652,0.83464,0.8348,2.25,2.25
2012.09.14 06:28:08.732,0.83464,0.8348,2.48,2.25
2012.09.14 06:28:09.022,0.83464,0.8348,2.25,2.25
2012.09.14 06:28:09.564,0.83465,0.83479,1.50,1.50
2012.09.14 06:28:12.470,0.83462,0.83478,1.73,1.50
2012.09.14 06:28:12.820,0.83464,0.83478,1.50,1.50
2012.09.14 06:28:13.790,0.83464,0.83478,2.25,1.50
2012.09.14 06:28:13.930,0.83465,0.83481,2.25,3.75
2012.09.14 06:28:15.410,0.83466,0.8348,1.50,2.25
2012.09.14 06:28:17.693,0.83466,0.83482,2.48,2.25
2012.09.14 06:28:18.198,0.83466,0.83479,2.48,1.50
2012.09.14 06:28:18.288,0.83464,0.83478,2.25,2.25
2012.09.14 06:28:18.434,0.83464,0.83478,2.25,2.25
2012.09.14 06:28:20.373,0.83466,0.83479,1.50,1.50
2012.09.14 06:28:20.923,0.8347,0.8348,1.50,1.50
2012.09.14 06:28:21.390,0.83472,0.83486,3.60,1.50
2012.09.14 06:28:21.952,0.83475,0.83489,1.50,1.50
2012.09.14 06:28:22.380,0.83477,0.83491,1.50,2.25
2012.09.14 06:28:23.049,0.83475,0.83491,1.50,2.25
2012.09.14 06:28:23.263,0.83475,0.8349,1.50,2.48
2012.09.14 06:28:23.760,0.83477,0.8349,3.00,2.25
2012.09.14 06:28:23.968,0.83478,0.83491,1.50,1.88
2012.09.14 06:28:26.127,0.83475,0.83489,1.50,1.50
2012.09.14 06:28:26.705,0.83475,0.8349,1.50,1.13
2012.09.14 06:28:27.383,0.83474,0.8349,2.25,2.63
2012.09.14 06:28:30.663,0.83476,0.8349,1.50,2.25
2012.09.14 06:28:31.209,0.83477,0.83491,1.50,2.63
2012.09.14 06:28:31.419,0.83475,0.83491,1.50,2.63
2012.09.14 06:28:33.084,0.83474,0.8349,3.75,2.25
2012.09.14 06:28:34.822,0.83472,0.83483,2.48,1.50
2012.09.14 06:28:35.329,0.83471,0.83484,1.73,1.50
2012.09.14 06:28:36.362,0.83472,0.83486,2.48,1.50
2012.09.14 06:28:36.832,0.83473,0.83489,2.48,1.50
2012.09.14 06:28:38.834,0.83472,0.83488,2.48,1.50
2012.09.14 06:28:39.352,0.83474,0.83488,1.50,1.50
2012.09.14 06:28:39.908,0.83473,0.83489,1.73,1.50
2012.09.14 06:28:41.011,0.83472,0.83488,2.48,1.50
2012.09.14 06:28:42.447,0.8347,0.83486,5.48,1.50
2012.09.14 06:28:42.984,0.83471,0.83485,2.48,1.50
2012.09.14 06:28:46.294,0.8347,0.83486,3.98,1.50
2012.09.14 06:28:46.670,0.83474,0.83488,1.50,1.50
2012.09.14 06:28:46.739,0.83474,0.8349,1.50,2.25
2012.09.14 06:28:46.882,0.83474,0.83488,1.50,1.50
2012.09.14 06:28:47.452,0.83473,0.83487,1.73,1.50
2012.09.14 06:28:48.094,0.83474,0.83488,1.50,1.50
2012.09.14 06:28:53.998,0.83472,0.83488,3.23,1.50
2012.09.14 06:28:54.555,0.83477,0.83491,1.50,2.25
2012.09.14 06:28:58.708,0.83476,0.8349,1.50,2.25
2012.09.14 06:28:59.510,0.83477,0.83491,1.50,2.25
2012.09.14 06:29:00.059,0.83476,0.8349,1.50,2.25
2012.09.14 06:29:02.452,0.83477,0.83492,1.50,3.38
2012.09.14 06:29:03.044,0.83476,0.83492,1.50,3.38
2012.09.14 06:29:04.518,0.83475,0.83491,1.50,2.40
2012.09.14 06:29:05.080,0.83474,0.8349,1.50,2.25
2012.09.14 06:29:05.588,0.83475,0.83491,1.50,2.25
2012.09.14 06:29:06.021,0.83474,0.83488,1.50,1.50
2012.09.14 06:29:07.024,0.83475,0.83491,1.50,2.78
2012.09.14 06:29:08.831,0.83474,0.8349,3.00,2.25
2012.09.14 06:29:09.021,0.83476,0.8349,1.50,2.25
2012.09.14 06:29:09.622,0.83474,0.8349,3.00,2.25
2012.09.14 06:29:09.971,0.83473,0.83488,1.73,1.50
2012.09.14 06:29:10.678,0.83473,0.83489,1.73,1.50
2012.09.14 06:29:11.570,0.83473,0.83487,1.73,1.50
2012.09.14 06:29:12.618,0.83473,0.83489,1.73,1.50
2012.09.14 06:29:13.209,0.83472,0.83488,2.48,1.50
2012.09.14 06:29:14.811,0.83473,0.83489,1.73,1.50
2012.09.14 06:29:19.479,0.83472,0.83488,1.73,1.50
2012.09.14 06:29:23.179,0.83473,0.83489,1.73,1.50
2012.09.14 06:29:23.600,0.83473,0.83487,1.73,1.50
2012.09.14 06:29:24.101,0.83474,0.83488,1.50,1.50
2012.09.14 06:29:24.768,0.83472,0.83488,1.73,1.50
2012.09.14 06:29:27.908,0.83474,0.83488,1.50,1.50
2012.09.14 06:29:29.360,0.83471,0.83485,1.73,1.50
2012.09.14 06:29:29.441,0.83473,0.83489,1.73,1.50
2012.09.14 06:29:29.980,0.83472,0.83488,1.73,1.50
2012.09.14 06:29:30.501,0.83473,0.83489,1.73,1.50
2012.09.14 06:29:33.599,0.83474,0.8349,1.50,1.50
2012.09.14 06:29:34.070,0.83473,0.83487,3.23,1.50
2012.09.14 06:29:34.557,0.83473,0.83484,1.73,1.50
2012.09.14 06:29:34.647,0.83465,0.83481,1.73,1.50
2012.09.14 06:29:34.862,0.83466,0.8348,1.50,1.50
2012.09.14 06:29:35.000,0.83467,0.83483,1.50,1.50
2012.09.14 06:29:35.515,0.83466,0.83482,2.48,1.50
2012.09.14 06:29:37.301,0.83468,0.83482,1.50,1.50
2012.09.14 06:29:40.900,0.83467,0.83481,1.73,1.50
2012.09.14 06:29:44.126,0.83467,0.83481,1.73,2.25
2012.09.14 06:29:44.689,0.83465,0.83479,2.48,1.50
2012.09.14 06:29:45.041,0.83463,0.83479,1.65,2.25
2012.09.14 06:29:45.183,0.8346,0.83474,2.48,1.50
2012.09.14 06:29:46.023,0.83459,0.83475,1.50,2.25
2012.09.14 06:29:48.989,0.83458,0.83472,1.73,1.50
2012.09.14 06:29:49.741,0.83459,0.83473,1.50,1.50
2012.09.14 06:29:51.458,0.83459,0.83475,1.50,2.25
2012.09.14 06:29:52.301,0.83459,0.83473,1.50,1.50
2012.09.14 06:29:53.576,0.83458,0.83474,1.73,1.50
2012.09.14 06:29:54.353,0.83459,0.83475,1.50,2.25
2012.09.14 06:29:54.776,0.8346,0.83475,2.48,2.25
2012.09.14 06:29:54.990,0.8346,0.83475,2.25,2.25
2012.09.14 06:29:55.275,0.83461,0.83477,2.48,1.65
2012.09.14 06:29:55.888,0.83464,0.83478,1.50,1.50
2012.09.14 06:29:59.160,0.83463,0.83477,1.73,1.50
2012.09.14 06:29:59.848,0.83464,0.83478,1.50,1.50
2012.09.14 06:30:00.370,0.83463,0.83477,1.73,1.50
2012.09.14 06:30:00.779,0.83463,0.83479,1.73,2.25
2012.09.14 06:30:00.910,0.83463,0.83477,1.50,1.50
2012.09.14 06:30:01.452,0.83464,0.83478,1.50,1.50
2012.09.14 06:30:02.721,0.83466,0.8348,1.50,2.25
2012.09.14 06:30:03.267,0.83467,0.83481,1.50,3.38
2012.09.14 06:30:03.409,0.83465,0.83481,1.50,4.13
2012.09.14 06:30:05.254,0.83464,0.8348,1.50,2.25
2012.09.14 06:30:05.669,0.83466,0.8348,1.50,2.25
2012.09.14 06:30:07.648,0.83464,0.8348,1.50,2.25
2012.09.14 06:30:07.868,0.83466,0.8348,1.50,2.25
2012.09.14 06:30:07.939,0.83464,0.8348,1.50,2.25
2012.09.14 06:30:08.474,0.83465,0.83481,1.50,3.98
2012.09.14 06:30:09.026,0.83466,0.8348,1.50,2.25
2012.09.14 06:30:09.603,0.83465,0.83481,1.50,3.98
2012.09.14 06:30:10.173,0.83464,0.8348,1.50,2.25
2012.09.14 06:30:10.449,0.83466,0.8348,1.50,2.25
2012.09.14 06:30:11.270,0.83467,0.83481,1.50,3.23
2012.09.14 06:30:12.609,0.83466,0.8348,1.50,2.25
2012.09.14 06:30:13.627,0.83464,0.83479,3.00,1.50
2012.09.14 06:30:13.901,0.83466,0.83481,1.50,1.73
2012.09.14 06:30:14.931,0.83465,0.83479,1.50,2.25
2012.09.14 06:30:15.645,0.83466,0.8348,1.50,2.25
2012.09.14 06:30:16.323,0.83464,0.8348,1.50,2.25
2012.09.14 06:30:16.853,0.83465,0.83479,1.50,2.25
2012.09.14 06:30:19.110,0.83466,0.8348,1.50,3.00
2012.09.14 06:30:19.300,0.83464,0.8348,1.50,3.00
2012.09.14 06:30:21.482,0.83463,0.83479,3.00,2.25
2012.09.14 06:30:21.689,0.83465,0.8348,1.50,1.50
2012.09.14 06:30:23.052,0.83466,0.8348,1.50,3.00
2012.09.14 06:30:23.530,0.83464,0.83478,1.50,1.50
2012.09.14 06:30:24.740,0.83465,0.83479,1.50,2.25
2012.09.14 06:30:24.881,0.83467,0.83481,1.50,3.23
2012.09.14 06:30:25.233,0.83467,0.83481,1.50,1.88
2012.09.14 06:30:25.897,0.83472,0.83486,1.50,5.48
2012.09.14 06:30:26.113,0.8347,0.83486,1.50,3.23
2012.09.14 06:30:26.690,0.83471,0.83485,1.50,2.48
2012.09.14 06:30:29.660,0.83472,0.83486,1.50,3.38
2012.09.14 06:30:30.441,0.83471,0.83485,1.50,2.48
2012.09.14 06:30:31.460,0.8347,0.83486,1.50,3.38
2012.09.14 06:30:32.143,0.83469,0.83485,1.50,2.48
2012.09.14 06:30:32.222,0.83471,0.83486,1.50,1.88
2012.09.14 06:30:33.060,0.8347,0.83486,1.50,3.23
2012.09.14 06:30:33.531,0.83472,0.83486,1.50,2.48
2012.09.14 06:30:34.047,0.83473,0.83486,1.50,1.13
2012.09.14 06:30:34.996,0.83472,0.83486,1.50,1.13
2012.09.14 06:30:36.970,0.83471,0.83485,1.50,2.48
2012.09.14 06:30:38.808,0.8347,0.83486,1.50,2.48
2012.09.14 06:30:39.317,0.83471,0.83485,1.50,2.48
2012.09.14 06:30:40.476,0.8347,0.83486,1.50,2.48
2012.09.14 06:30:47.157,0.8347,0.83484,1.50,1.50
2012.09.14 06:30:47.820,0.8347,0.83486,1.50,2.48
2012.09.14 06:30:49.569,0.83471,0.83485,1.50,2.48
2012.09.14 06:30:50.081,0.83472,0.83486,1.50,1.13
2012.09.14 06:30:50.620,0.83471,0.83485,1.50,2.48
2012.09.14 06:30:51.169,0.83472,0.83486,1.50,3.23
2012.09.14 06:30:51.298,0.8347,0.83486,1.50,3.38
2012.09.14 06:30:51.429,0.83472,0.83486,1.50,3.38
2012.09.14 06:30:52.228,0.8347,0.83486,1.50,3.38
2012.09.14 06:30:53.331,0.8347,0.83486,1.50,3.23
2012.09.14 06:30:54.958,0.83469,0.83485,1.50,2.48
2012.09.14 06:30:55.029,0.83471,0.83485,1.50,2.48
2012.09.14 06:30:55.713,0.8347,0.83486,1.50,3.38
2012.09.14 06:30:56.360,0.83469,0.83485,1.50,2.48
2012.09.14 06:30:57.471,0.83472,0.83486,1.50,2.63
2012.09.14 06:30:58.344,0.83473,0.83487,1.50,2.63
2012.09.14 06:31:00.461,0.83474,0.83486,1.50,1.13
2012.09.14 06:31:02.251,0.83473,0.83487,1.50,4.13
2012.09.14 06:31:03.420,0.83472,0.83486,1.50,2.48
2012.09.14 06:31:03.986,0.83471,0.83485,1.50,2.48
2012.09.14 06:31:04.719,0.83472,0.83486,1.50,1.13
2012.09.14 06:31:07.637,0.83471,0.83485,1.50,2.48
2012.09.14 06:31:08.189,0.8347,0.83486,1.50,2.63
2012.09.14 06:31:08.834,0.83471,0.83486,1.50,1.13
2012.09.14 06:31:10.308,0.8347,0.83486,1.50,2.63
2012.09.14 06:31:11.355,0.83471,0.83487,1.50,4.13
2012.09.14 06:31:14.948,0.83472,0.83486,1.50,2.63
2012.09.14 06:31:24.110,0.83471,0.83486,2.25,1.13
2012.09.14 06:31:24.462,0.83478,0.83491,1.50,2.48
2012.09.14 06:31:24.822,0.8348,0.83492,1.50,4.88
2012.09.14 06:31:25.500,0.83477,0.83491,1.50,1.13
2012.09.14 06:31:25.587,0.83473,0.83487,2.25,1.50
2012.09.14 06:31:25.989,0.83473,0.83487,3.00,1.50
2012.09.14 06:31:26.062,0.83473,0.83489,3.00,2.25
2012.09.14 06:31:26.139,0.83473,0.83489,2.25,2.25
2012.09.14 06:31:27.210,0.83475,0.83491,1.50,2.48
2012.09.14 06:31:31.406,0.83475,0.83491,2.25,2.48
2012.09.14 06:31:34.342,0.83476,0.83489,1.50,1.50
2012.09.14 06:31:34.703,0.83479,0.83492,1.50,4.88
2012.09.14 06:31:34.990,0.83485,0.835,1.50,1.05
2012.09.14 06:31:35.061,0.83485,0.83501,2.25,2.48
2012.09.14 06:31:35.973,0.83484,0.835,2.25,2.48
2012.09.14 06:31:40.469,0.83483,0.83497,1.50,1.50
2012.09.14 06:31:44.390,0.83481,0.83496,1.73,1.50
2012.09.14 06:31:44.904,0.83481,0.83497,3.23,1.50
2012.09.14 06:31:45.259,0.83485,0.83499,1.50,1.50
2012.09.14 06:31:45.600,0.83483,0.83499,1.50,1.50
2012.09.14 06:31:46.305,0.83482,0.83498,1.50,1.50
2012.09.14 06:31:47.730,0.83484,0.83498,1.50,1.50
2012.09.14 06:31:54.078,0.83485,0.83499,1.50,1.50
2012.09.14 06:31:54.915,0.83484,0.83498,2.25,1.50
2012.09.14 06:31:55.528,0.83486,0.835,1.50,1.73
2012.09.14 06:31:56.542,0.8349,0.83502,1.50,1.13
2012.09.14 06:31:56.622,0.83487,0.83499,1.50,1.50
2012.09.14 06:31:56.701,0.83485,0.83499,3.00,1.50
2012.09.14 06:31:57.220,0.83486,0.835,1.50,1.73
2012.09.14 06:31:57.744,0.83485,0.835,1.50,1.73
2012.09.14 06:31:59.580,0.83485,0.835,2.25,1.73
2012.09.14 06:32:00.944,0.83485,0.83499,2.25,1.50
2012.09.14 06:32:02.381,0.83485,0.83497,2.25,1.50
2012.09.14 06:32:02.894,0.83485,0.83498,2.25,1.50
2012.09.14 06:32:06.739,0.83486,0.835,2.25,1.73
2012.09.14 06:32:07.450,0.83487,0.83501,1.50,1.88
2012.09.14 06:32:08.288,0.83485,0.83501,3.75,1.73
2012.09.14 06:32:08.923,0.83485,0.83499,3.75,1.50
2012.09.14 06:32:09.564,0.83485,0.83498,2.25,1.50
2012.09.14 06:32:12.309,0.83485,0.83496,2.25,1.50
2012.09.14 06:32:13.276,0.83485,0.83497,2.25,1.50
2012.09.14 06:32:14.519,0.83485,0.83499,2.25,1.50
2012.09.14 06:32:16.256,0.83485,0.83498,2.25,1.50
2012.09.14 06:32:16.770,0.83485,0.83499,2.25,1.50
2012.09.14 06:32:17.562,0.83485,0.83498,2.25,1.50
2012.09.14 06:32:28.890,0.83484,0.83498,1.50,1.50
2012.09.14 06:32:28.960,0.83482,0.83498,1.50,1.50
2012.09.14 06:32:29.031,0.83481,0.83494,2.25,1.50
2012.09.14 06:32:29.394,0.83485,0.83496,1.50,1.50
2012.09.14 06:32:31.540,0.83484,0.83496,1.50,1.50
2012.09.14 06:32:32.010,0.83484,0.83498,1.50,1.50
2012.09.14 06:32:32.279,0.83485,0.83501,2.25,3.23
2012.09.14 06:32:34.109,0.83485,0.83499,2.25,1.50
2012.09.14 06:32:35.623,0.83483,0.83499,3.00,2.25
2012.09.14 06:32:35.769,0.83483,0.83497,2.25,1.50
2012.09.14 06:32:36.119,0.83485,0.83501,1.50,2.48
2012.09.14 06:32:36.818,0.83484,0.835,2.25,1.50
2012.09.14 06:32:37.350,0.83482,0.83495,2.25,1.50
2012.09.14 06:32:38.325,0.8348,0.83495,1.73,1.50
2012.09.14 06:32:38.896,0.83479,0.83495,3.38,2.25
2012.09.14 06:32:39.561,0.83479,0.83495,2.63,2.25
2012.09.14 06:32:39.763,0.83479,0.83495,3.23,2.25
2012.09.14 06:32:39.913,0.83479,0.83493,3.38,1.50
2012.09.14 06:32:40.621,0.83479,0.83491,1.88,1.50
2012.09.14 06:32:41.237,0.83479,0.83493,3.23,1.50
2012.09.14 06:32:41.743,0.83479,0.83492,1.73,1.50
2012.09.14 06:32:42.033,0.83482,0.83496,1.50,3.00
2012.09.14 06:32:42.802,0.8348,0.83494,1.73,2.25
2012.09.14 06:32:44.954,0.83479,0.83492,1.88,1.50
2012.09.14 06:32:45.518,0.8348,0.83494,2.48,2.25
2012.09.14 06:32:46.816,0.83482,0.83496,1.50,3.00
2012.09.14 06:32:47.113,0.8348,0.83494,2.48,2.25
2012.09.14 06:32:47.734,0.83481,0.83495,1.50,2.25
2012.09.14 06:32:48.474,0.83479,0.83493,3.38,2.25
2012.09.14 06:32:49.234,0.83481,0.83495,2.25,2.25
2012.09.14 06:32:49.771,0.83483,0.83496,2.25,1.50
2012.09.14 06:33:06.727,0.83481,0.83494,1.50,2.25
2012.09.14 06:33:07.373,0.83479,0.83494,1.73,2.25
2012.09.14 06:33:09.789,0.83483,0.83495,1.50,1.50
2012.09.14 06:33:10.305,0.83482,0.83495,2.25,1.50
2012.09.14 06:33:13.560,0.83482,0.83495,2.25,1.50
2012.09.14 06:33:14.990,0.83484,0.83495,2.25,1.50
2012.09.14 06:33:15.575,0.83484,0.83498,2.25,2.25
2012.09.14 06:33:15.723,0.83485,0.83498,1.73,1.50
2012.09.14 06:33:16.091,0.83485,0.83498,1.73,1.50
2012.09.14 06:33:16.614,0.83487,0.83501,2.25,1.50
2012.09.14 06:33:16.992,0.83487,0.83503,2.25,2.25
2012.09.14 06:33:17.131,0.83487,0.83503,3.38,2.25
2012.09.14 06:33:19.121,0.83487,0.83502,1.88,1.50
2012.09.14 06:33:19.675,0.83487,0.83501,2.63,1.50
2012.09.14 06:33:19.755,0.83487,0.83503,2.63,2.25
2012.09.14 06:33:21.491,0.83488,0.83502,2.63,1.50
2012.09.14 06:33:21.968,0.83488,0.83504,2.93,2.25
2012.09.14 06:33:22.779,0.83487,0.83503,2.55,1.50
2012.09.14 06:33:22.879,0.83487,0.83501,2.63,3.00
2012.09.14 06:33:23.465,0.83487,0.83501,2.63,3.00
2012.09.14 06:33:24.033,0.83487,0.83501,1.13,3.00
2012.09.14 06:33:24.586,0.83487,0.83501,1.13,3.00
2012.09.14 06:33:25.545,0.83487,0.83498,1.13,1.50
2012.09.14 06:33:26.188,0.83484,0.83495,1.50,3.00
2012.09.14 06:33:26.640,0.83483,0.83495,1.50,3.00
2012.09.14 06:33:26.712,0.83481,0.83491,1.43,1.50
2012.09.14 06:33:26.922,0.83479,0.83491,1.88,1.50
2012.09.14 06:33:27.006,0.83482,0.83492,1.50,1.50
2012.09.14 06:33:27.150,0.83482,0.83496,3.00,3.23
2012.09.14 06:33:27.220,0.83482,0.83496,3.00,3.00
2012.09.14 06:33:27.432,0.83482,0.83496,3.00,1.50
2012.09.14 06:33:27.501,0.83482,0.83496,3.00,1.50
2012.09.14 06:33:27.864,0.83482,0.83494,1.50,1.50
2012.09.14 06:33:28.511,0.83479,0.83491,1.50,3.00
2012.09.14 06:33:28.804,0.83483,0.83496,1.50,1.88
2012.09.14 06:33:28.882,0.83484,0.83498,2.48,1.50
2012.09.14 06:33:28.961,0.83484,0.83498,2.48,2.25
2012.09.14 06:33:29.100,0.83483,0.83496,1.50,1.50
2012.09.14 06:33:29.243,0.83484,0.83498,1.50,1.50
2012.09.14 06:33:29.689,0.83483,0.83497,4.73,2.25
2012.09.14 06:33:29.901,0.83483,0.83494,1.50,2.25
2012.09.14 06:33:30.110,0.83483,0.83494,3.23,1.50
2012.09.14 06:33:30.459,0.83481,0.83491,2.25,1.50
2012.09.14 06:33:31.065,0.83482,0.83491,1.50,1.50
2012.09.14 06:33:32.562,0.83481,0.83492,1.50,1.50
2012.09.14 06:33:34.432,0.83483,0.83493,1.50,3.00
2012.09.14 06:33:34.501,0.83483,0.83494,1.50,1.50
2012.09.14 06:33:34.578,0.83483,0.83495,1.73,1.50
2012.09.14 06:33:34.656,0.83484,0.83498,2.48,1.50
2012.09.14 06:33:35.495,0.83482,0.83498,2.25,1.50
2012.09.14 06:33:38.513,0.83482,0.83495,1.50,1.50
2012.09.14 06:33:38.593,0.83482,0.83495,1.50,1.50
2012.09.14 06:33:39.315,0.83482,0.83496,1.50,1.50
2012.09.14 06:33:40.022,0.83482,0.83496,1.50,1.50
2012.09.14 06:33:40.533,0.83482,0.83497,1.50,1.50
2012.09.14 06:33:42.169,0.83483,0.83499,2.25,3.00
2012.09.14 06:33:42.820,0.83482,0.83498,3.75,1.50
2012.09.14 06:33:43.359,0.83483,0.83499,2.25,1.50
2012.09.14 06:33:43.891,0.83482,0.83498,3.75,1.50
2012.09.14 06:33:44.473,0.83483,0.83497,2.25,1.50
2012.09.14 06:33:44.984,0.83484,0.83498,2.25,1.50
2012.09.14 06:33:48.137,0.83483,0.83497,2.25,1.50
2012.09.14 06:33:48.421,0.83482,0.83495,2.25,1.50
2012.09.14 06:33:48.560,0.83482,0.83495,1.50,1.50
2012.09.14 06:33:49.101,0.8348,0.83494,2.25,1.50
2012.09.14 06:33:49.440,0.8348,0.83494,2.25,1.50
2012.09.14 06:33:56.423,0.83479,0.83493,2.25,1.50
2012.09.14 06:33:58.581,0.83479,0.83493,2.63,1.50
2012.09.14 06:34:00.279,0.83481,0.83493,1.50,1.50
2012.09.14 06:34:00.347,0.83483,0.83496,1.50,1.13
2012.09.14 06:34:00.860,0.83482,0.83496,1.50,2.63
2012.09.14 06:34:02.908,0.8348,0.83494,1.50,1.50
2012.09.14 06:34:03.538,0.8348,0.83496,2.25,2.48
2012.09.14 06:34:03.670,0.8348,0.83494,2.25,1.50
2012.09.14 06:34:05.818,0.8348,0.83494,1.50,1.50
2012.09.14 06:34:08.321,0.83478,0.83493,1.13,1.50
2012.09.14 06:34:08.742,0.83477,0.83493,3.00,1.50
2012.09.14 06:34:09.202,0.83477,0.83491,1.50,1.50
2012.09.14 06:34:09.770,0.83477,0.83492,1.50,1.50
2012.09.14 06:34:10.288,0.83477,0.83491,2.25,1.50
2012.09.14 06:34:16.219,0.83477,0.83491,3.00,1.50
2012.09.14 06:34:21.480,0.83477,0.8349,1.50,1.50
2012.09.14 06:34:21.548,0.83477,0.83492,1.50,1.50
2012.09.14 06:34:26.954,0.83479,0.83493,1.13,1.50
2012.09.14 06:34:27.455,0.83477,0.83492,3.00,1.50
2012.09.14 06:34:27.781,0.83477,0.8349,1.50,1.50
2012.09.14 06:34:27.852,0.83476,0.8349,4.50,1.50
2012.09.14 06:34:28.443,0.83476,0.83489,2.25,1.50
2012.09.14 06:34:29.879,0.83475,0.83489,3.23,1.50
2012.09.14 06:34:30.621,0.83475,0.83488,1.73,1.50
2012.09.14 06:34:30.714,0.83473,0.83487,2.25,1.50
2012.09.14 06:34:30.791,0.83472,0.83484,1.50,1.50
2012.09.14 06:34:31.211,0.83475,0.83489,2.70,1.50
2012.09.14 06:34:31.283,0.83474,0.83489,1.95,1.50
2012.09.14 06:34:32.431,0.83475,0.8349,1.43,1.50
2012.09.14 06:34:32.892,0.83474,0.83488,3.68,1.50
2012.09.14 06:34:33.438,0.83475,0.83489,2.48,1.50
2012.09.14 06:34:34.892,0.83474,0.83488,3.68,1.50
2012.09.14 06:34:35.231,0.83472,0.83485,1.95,1.50
2012.09.14 06:34:38.181,0.83472,0.83487,2.70,1.50
2012.09.14 06:34:38.309,0.83474,0.83487,1.73,1.50
2012.09.14 06:34:38.531,0.83474,0.83487,1.13,1.50
2012.09.14 06:34:39.071,0.83473,0.83487,1.20,1.50
2012.09.14 06:34:39.139,0.83473,0.83485,1.20,1.50
2012.09.14 06:34:39.831,0.83472,0.83486,2.70,1.50
2012.09.14 06:34:40.462,0.83473,0.83485,1.20,1.50
2012.09.14 06:34:40.542,0.83473,0.83487,1.20,1.50
2012.09.14 06:34:41.348,0.83472,0.83486,1.20,1.50
2012.09.14 06:34:41.877,0.83473,0.83487,1.95,1.50
2012.09.14 06:34:41.948,0.83473,0.83487,1.95,1.50
2012.09.14 06:34:42.349,0.83475,0.83489,1.73,1.50
2012.09.14 06:34:43.153,0.83475,0.83488,1.73,1.50
2012.09.14 06:34:45.214,0.83475,0.83487,1.73,1.50
2012.09.14 06:34:45.302,0.83471,0.83486,1.65,1.50
2012.09.14 06:34:45.381,0.83471,0.83485,1.50,1.50
2012.09.14 06:34:45.450,0.83471,0.83483,1.50,1.50
2012.09.14 06:34:45.878,0.83471,0.83483,1.50,1.50
2012.09.14 06:34:46.960,0.83471,0.83485,1.50,1.50
2012.09.14 06:34:48.499,0.83471,0.83485,1.50,1.50
2012.09.14 06:34:48.630,0.83471,0.83485,1.50,1.50
2012.09.14 06:34:48.758,0.83471,0.83485,1.50,1.50
2012.09.14 06:34:49.583,0.83471,0.83485,1.50,1.50
2012.09.14 06:34:50.112,0.83471,0.83485,1.50,1.50
2012.09.14 06:34:50.311,0.83471,0.83487,3.00,3.00
2012.09.14 06:34:50.563,0.83471,0.83485,3.00,1.50
2012.09.14 06:34:52.364,0.83472,0.83486,2.25,1.50
2012.09.14 06:34:55.473,0.83471,0.83487,3.00,1.50
2012.09.14 06:34:55.818,0.83471,0.83485,3.00,1.50
2012.09.14 06:34:56.339,0.83472,0.83486,2.25,1.50
2012.09.14 06:34:57.648,0.83473,0.83486,1.50,1.50
2012.09.14 06:34:57.720,0.83474,0.8349,4.50,1.50
2012.09.14 06:34:57.793,0.83477,0.83491,2.25,1.50
2012.09.14 06:34:58.359,0.83476,0.8349,2.48,1.50
2012.09.14 06:34:58.429,0.83476,0.8349,2.48,1.50
2012.09.14 06:34:59.710,0.83477,0.83491,2.25,1.50
2012.09.14 06:35:00.542,0.83477,0.83491,4.28,1.50
2012.09.14 06:35:00.626,0.83478,0.83494,3.38,1.50
2012.09.14 06:35:00.702,0.8348,0.83496,1.73,2.25
2012.09.14 06:35:01.221,0.83479,0.83495,2.63,1.50
2012.09.14 06:35:01.960,0.83479,0.83494,2.48,1.50
2012.09.14 06:35:02.029,0.83478,0.83492,3.38,1.50
2012.09.14 06:35:02.509,0.83478,0.83494,3.38,3.00
2012.09.14 06:35:03.354,0.83479,0.83495,2.48,1.50
2012.09.14 06:35:04.392,0.8348,0.83496,2.48,2.25
2012.09.14 06:35:07.089,0.83481,0.83495,1.73,1.50
2012.09.14 06:35:07.682,0.8348,0.83494,1.73,1.50
2012.09.14 06:35:08.880,0.8348,0.83496,2.10,2.25
2012.09.14 06:35:09.485,0.83482,0.83496,1.50,1.50
2012.09.14 06:35:10.030,0.8348,0.83494,2.10,1.50
2012.09.14 06:35:11.609,0.8348,0.83496,1.73,2.25
2012.09.14 06:35:13.690,0.8348,0.83494,1.73,1.50
2012.09.14 06:35:17.314,0.83476,0.83491,1.50,1.50
2012.09.14 06:35:17.463,0.83475,0.83489,1.73,1.50
2012.09.14 06:35:18.031,0.83475,0.8349,1.73,1.50
2012.09.14 06:35:18.881,0.83475,0.8349,1.73,1.50
2012.09.14 06:35:19.931,0.83474,0.83488,2.48,1.50
2012.09.14 06:35:20.858,0.83475,0.83489,2.48,1.50
2012.09.14 06:35:22.039,0.83474,0.8349,2.48,2.25
2012.09.14 06:35:24.974,0.83473,0.83489,2.48,1.50
2012.09.14 06:35:25.492,0.83473,0.83488,1.20,1.50
2012.09.14 06:35:29.639,0.83473,0.83487,1.35,1.50
2012.09.14 06:35:29.972,0.83475,0.83489,2.25,3.00
2012.09.14 06:35:31.283,0.83474,0.8349,2.40,2.48
2012.09.14 06:35:31.570,0.83474,0.83488,2.63,1.50
2012.09.14 06:35:32.120,0.83474,0.8349,2.63,2.25
2012.09.14 06:35:32.668,0.83474,0.8349,2.40,1.73
2012.09.14 06:35:33.475,0.83474,0.83488,2.40,1.50
2012.09.14 06:35:33.909,0.83476,0.83491,2.25,2.25
2012.09.14 06:35:33.981,0.83476,0.83492,2.25,2.25
2012.09.14 06:35:34.340,0.83476,0.8349,2.25,1.50
2012.09.14 06:35:34.411,0.83476,0.83492,2.25,1.50
2012.09.14 06:35:35.569,0.83476,0.8349,2.25,1.50
2012.09.14 06:35:37.841,0.83475,0.83489,2.25,1.50
2012.09.14 06:35:38.513,0.83476,0.83492,2.25,3.00
2012.09.14 06:35:39.173,0.83475,0.83491,2.25,1.50
2012.09.14 06:35:40.513,0.83475,0.83491,1.50,1.50
2012.09.14 06:35:40.871,0.83474,0.83488,4.73,1.50
2012.09.14 06:35:41.522,0.83475,0.83489,2.25,1.50
2012.09.14 06:35:44.880,0.83473,0.83487,3.23,1.50
2012.09.14 06:35:45.163,0.83471,0.83487,1.50,1.50
2012.09.14 06:35:45.722,0.8347,0.83486,3.98,2.25
2012.09.14 06:35:46.291,0.8347,0.83484,2.48,1.50
2012.09.14 06:35:46.618,0.8347,0.83484,2.48,1.50
2012.09.14 06:35:47.120,0.8347,0.83484,2.48,1.50
2012.09.14 06:35:49.020,0.8347,0.83484,1.73,1.50
2012.09.14 06:35:49.294,0.83466,0.83479,1.80,1.50
2012.09.14 06:35:49.440,0.83465,0.83479,2.10,1.50
2012.09.14 06:35:49.512,0.83467,0.83479,1.35,1.50
2012.09.14 06:35:49.594,0.83467,0.83482,2.10,1.50
2012.09.14 06:35:49.883,0.83467,0.83481,2.25,1.50
2012.09.14 06:35:49.965,0.83466,0.83482,3.23,1.50
2012.09.14 06:35:50.109,0.8347,0.83484,2.48,1.50
2012.09.14 06:35:50.641,0.83471,0.83487,2.25,2.25
2012.09.14 06:35:50.852,0.83471,0.83487,2.25,2.25
2012.09.14 06:35:51.357,0.83471,0.83487,2.25,2.25
2012.09.14 06:35:51.936,0.83472,0.83486,2.25,1.50
2012.09.14 06:35:52.530,0.83473,0.83489,1.50,2.48
2012.09.14 06:35:53.239,0.83473,0.83487,1.50,1.50
2012.09.14 06:35:57.462,0.83472,0.83486,2.25,1.50
2012.09.14 06:36:05.438,0.83473,0.83489,1.50,3.98
2012.09.14 06:36:07.198,0.83472,0.83488,2.25,2.25
2012.09.14 06:36:08.628,0.83472,0.83488,2.25,2.25
2012.09.14 06:36:09.549,0.8347,0.83484,2.48,1.50
2012.09.14 06:36:12.538,0.8347,0.83486,3.98,2.25
2012.09.14 06:36:12.611,0.8347,0.83486,2.48,2.25
2012.09.14 06:36:13.087,0.83471,0.83487,2.25,2.25
2012.09.14 06:36:13.628,0.8347,0.83486,2.48,1.50
2012.09.14 06:36:14.170,0.83471,0.83487,2.25,2.25
2012.09.14 06:36:14.238,0.83471,0.83487,1.50,2.25
2012.09.14 06:36:14.990,0.83471,0.83485,1.50,1.50
2012.09.14 06:36:15.514,0.8347,0.83486,2.48,1.50
2012.09.14 06:36:16.422,0.83472,0.83486,2.25,1.50
2012.09.14 06:36:16.631,0.83474,0.83488,1.50,1.50
2012.09.14 06:36:17.346,0.83475,0.83489,1.50,1.73
2012.09.14 06:36:17.942,0.83474,0.8349,1.50,1.73
2012.09.14 06:36:18.800,0.83476,0.83491,1.50,1.73
2012.09.14 06:36:19.011,0.83476,0.83492,2.25,1.50
2012.09.14 06:36:19.223,0.83478,0.83494,1.50,2.25
2012.09.14 06:36:19.303,0.83477,0.83492,1.50,1.73
2012.09.14 06:36:19.660,0.83476,0.83492,2.25,1.50
2012.09.14 06:36:23.158,0.83475,0.83491,3.23,1.50
2012.09.14 06:36:23.569,0.83478,0.83492,1.50,1.50
2012.09.14 06:36:23.921,0.83474,0.83488,3.75,1.50
2012.09.14 06:36:24.190,0.83477,0.83491,1.50,1.50
2012.09.14 06:36:32.577,0.83475,0.83491,2.25,1.50
2012.09.14 06:36:33.146,0.83475,0.83491,2.25,1.73
2012.09.14 06:36:38.533,0.83476,0.83492,2.25,1.73
2012.09.14 06:36:38.681,0.83476,0.83492,1.50,3.00
2012.09.14 06:36:38.809,0.83476,0.8349,1.50,1.50
2012.09.14 06:36:39.330,0.83474,0.83489,1.50,1.50
2012.09.14 06:36:39.871,0.83474,0.8349,3.98,1.50
2012.09.14 06:36:40.361,0.83476,0.83492,2.25,1.50
2012.09.14 06:36:40.489,0.83477,0.83493,2.25,1.50
2012.09.14 06:36:40.638,0.83479,0.83493,1.50,1.50
2012.09.14 06:36:40.839,0.83477,0.83493,2.25,1.50
2012.09.14 06:36:49.521,0.83479,0.83493,1.50,1.50
2012.09.14 06:36:53.259,0.83478,0.83492,1.50,1.50
2012.09.14 06:36:54.080,0.83476,0.8349,2.25,1.50
2012.09.14 06:36:54.633,0.83475,0.83489,2.25,1.73
2012.09.14 06:36:54.921,0.83477,0.83491,2.25,1.50
2012.09.14 06:36:55.001,0.83478,0.83494,1.50,2.25
2012.09.14 06:36:56.802,0.83478,0.83492,1.50,1.50
2012.09.14 06:37:00.468,0.83478,0.83494,1.50,1.50
2012.09.14 06:37:02.571,0.83479,0.83493,1.50,1.50
2012.09.14 06:37:03.698,0.83478,0.83492,1.50,1.50
2012.09.14 06:37:09.780,0.83475,0.83491,3.00,1.50
2012.09.14 06:37:09.849,0.83475,0.83491,3.00,1.50
2012.09.14 06:37:10.060,0.83475,0.83491,3.00,1.73
2012.09.14 06:37:10.640,0.83474,0.83488,2.25,1.50
2012.09.14 06:37:11.920,0.83474,0.8349,2.25,3.23
2012.09.14 06:37:13.139,0.83474,0.83488,2.25,1.50
2012.09.14 06:37:13.999,0.83474,0.83488,2.25,1.50
2012.09.14 06:37:16.369,0.83474,0.8349,2.25,1.73
2012.09.14 06:37:16.924,0.83475,0.83489,1.50,1.73
2012.09.14 06:37:17.567,0.83473,0.83489,3.75,1.73
2012.09.14 06:37:19.409,0.83475,0.83491,1.50,1.73
2012.09.14 06:37:20.532,0.83473,0.83489,3.75,1.73
2012.09.14 06:37:23.408,0.83475,0.83489,1.50,1.73
2012.09.14 06:37:24.730,0.83473,0.83489,3.75,1.73
2012.09.14 06:37:25.060,0.83477,0.83491,1.50,1.73
2012.09.14 06:37:25.131,0.83473,0.83489,3.00,1.73
2012.09.14 06:37:26.378,0.83475,0.83489,1.50,1.73
2012.09.14 06:37:26.900,0.83476,0.8349,1.50,1.73
2012.09.14 06:37:27.360,0.83473,0.83488,1.50,1.50
2012.09.14 06:37:29.788,0.83476,0.8349,1.50,1.73
2012.09.14 06:37:31.019,0.83474,0.8349,2.25,1.73
2012.09.14 06:37:34.101,0.83474,0.8349,2.25,1.73
2012.09.14 06:37:34.384,0.83479,0.83493,1.50,1.50
2012.09.14 06:37:34.928,0.83477,0.83493,2.25,2.25
2012.09.14 06:37:35.219,0.83476,0.8349,2.25,1.50
2012.09.14 06:37:36.351,0.83476,0.8349,2.25,1.50
2012.09.14 06:37:36.424,0.83475,0.83489,1.50,1.50
2012.09.14 06:37:36.830,0.83475,0.83488,1.50,1.50
2012.09.14 06:37:37.030,0.83472,0.83488,3.75,1.50
2012.09.14 06:37:37.801,0.83473,0.83487,3.00,1.50
2012.09.14 06:37:39.315,0.83473,0.83487,3.00,1.50
2012.09.14 06:37:39.830,0.83473,0.83488,1.50,1.50
2012.09.14 06:37:40.181,0.83473,0.83488,1.50,1.50
2012.09.14 06:37:40.709,0.83473,0.83487,2.25,1.50
2012.09.14 06:37:40.777,0.83473,0.83487,2.25,1.50
2012.09.14 06:37:40.919,0.83471,0.83485,2.25,1.50
2012.09.14 06:37:41.869,0.83473,0.83487,1.50,1.50
2012.09.14 06:37:42.330,0.83471,0.83485,2.25,1.50
2012.09.14 06:37:42.416,0.83471,0.83487,2.25,1.50
2012.09.14 06:37:42.492,0.83472,0.83487,1.50,1.50
2012.09.14 06:37:42.629,0.83471,0.83487,3.00,1.50
2012.09.14 06:37:42.949,0.83475,0.83488,1.50,1.50
2012.09.14 06:37:43.229,0.83473,0.83489,2.25,1.50
2012.09.14 06:37:43.865,0.83472,0.83488,3.00,1.50
2012.09.14 06:37:44.290,0.83474,0.83488,1.50,1.50
2012.09.14 06:37:44.361,0.83472,0.83488,4.50,1.50
2012.09.14 06:37:44.548,0.83474,0.83488,1.50,1.50
2012.09.14 06:37:45.347,0.83473,0.83487,1.50,1.50
2012.09.14 06:37:45.550,0.83473,0.83489,1.50,1.50
2012.09.14 06:37:46.095,0.83473,0.83489,2.25,1.50
2012.09.14 06:37:46.650,0.83474,0.83488,2.25,1.50
2012.09.14 06:37:47.200,0.83473,0.83487,1.50,1.50
2012.09.14 06:37:48.666,0.83474,0.83488,1.50,1.50
2012.09.14 06:37:48.743,0.83469,0.83482,1.73,1.50
2012.09.14 06:37:48.891,0.83468,0.83482,4.58,1.50
2012.09.14 06:37:49.402,0.83468,0.83481,2.48,1.50
2012.09.14 06:37:49.742,0.8347,0.83484,3.00,1.50
2012.09.14 06:37:50.244,0.83471,0.83485,2.25,3.00
2012.09.14 06:37:50.604,0.83469,0.83483,1.73,1.50
2012.09.14 06:37:51.167,0.83472,0.83486,1.50,3.00
2012.09.14 06:37:51.699,0.83472,0.83487,1.50,1.50
2012.09.14 06:37:52.210,0.83472,0.83486,3.00,1.50
2012.09.14 06:37:54.721,0.8347,0.83486,3.00,1.50
2012.09.14 06:37:54.930,0.83468,0.83482,8.33,1.50
2012.09.14 06:37:55.441,0.8347,0.83484,3.00,1.50
2012.09.14 06:37:55.819,0.83469,0.83484,1.73,1.50
2012.09.14 06:37:56.207,0.83469,0.83485,3.23,3.00
2012.09.14 06:37:56.982,0.83469,0.83485,3.23,1.50
2012.09.14 06:37:58.593,0.83469,0.83483,3.23,1.50
2012.09.14 06:37:59.771,0.83472,0.83487,1.73,1.50
2012.09.14 06:38:00.314,0.83473,0.83486,3.23,1.50
2012.09.14 06:38:00.393,0.83474,0.8349,2.48,1.50
2012.09.14 06:38:00.541,0.83474,0.83488,2.48,1.50
2012.09.14 06:38:02.323,0.83477,0.83491,1.50,1.50
2012.09.14 06:38:02.614,0.83475,0.83491,3.23,1.50
2012.09.14 06:38:03.040,0.83475,0.83496,1.73,1.73
2012.09.14 06:38:03.113,0.83475,0.83491,3.23,1.50
2012.09.14 06:38:03.641,0.83475,0.8349,1.73,1.50
2012.09.14 06:38:04.325,0.83475,0.83489,3.23,1.50
2012.09.14 06:38:04.836,0.83475,0.83488,1.73,1.50
2012.09.14 06:38:05.613,0.83475,0.8349,1.73,1.50
2012.09.14 06:38:06.752,0.83475,0.83489,3.23,1.50
2012.09.14 06:38:07.278,0.83474,0.83488,2.48,1.50
2012.09.14 06:38:07.842,0.83473,0.83489,5.48,1.50
2012.09.14 06:38:08.351,0.83474,0.8349,2.48,1.50
