2009.09.29 04:00:00.823,0.71915,0.71945,2.40,2.40
2009.09.29 04:00:01.473,0.71915,0.71945,2.80,2.40
2009.09.29 04:00:03.372,0.71915,0.71945,2.40,2.40
2009.09.29 04:00:16.679,0.71915,0.71945,2.80,2.40
2009.09.29 04:00:18.229,0.71915,0.71945,2.40,2.40
2009.09.29 04:00:18.938,0.71915,0.71945,2.80,2.40
2009.09.29 04:00:31.256,0.71915,0.71945,2.40,2.40
2009.09.29 04:00:31.945,0.71915,0.71945,2.80,2.40
2009.09.29 04:00:32.395,0.71915,0.71945,2.40,2.40
2009.09.29 04:00:33.095,0.71915,0.71945,2.80,2.40
2009.09.29 04:00:33.565,0.71915,0.71945,2.40,2.40
2009.09.29 04:00:34.475,0.71915,0.71945,2.80,2.40
2009.09.29 04:00:35.125,0.71915,0.71945,2.40,2.40
2009.09.29 04:00:37.634,0.71915,0.71945,2.80,2.40
2009.09.29 04:00:40.993,0.71915,0.71945,2.40,2.40
2009.09.29 04:01:04.178,0.71915,0.71945,2.80,2.40
2009.09.29 04:01:20.874,0.71915,0.71945,2.40,2.40
2009.09.29 04:02:15.030,0.71915,0.71945,2.80,2.40
2009.09.29 04:02:25.499,0.71915,0.71945,3.20,2.40
2009.09.29 04:02:25.668,0.71915,0.71945,2.80,2.40
2009.09.29 04:02:27.968,0.71915,0.71945,3.20,2.40
2009.09.29 04:02:30.147,0.71915,0.71945,2.80,2.40
2009.09.29 04:02:32.366,0.71915,0.71945,2.40,2.40
2009.09.29 04:03:06.572,0.71908,0.71922,5.60,1.00
2009.09.29 04:03:06.932,0.71901,0.71916,9.80,5.10
2009.09.29 04:03:07.722,0.71891,0.71911,3.20,1.00
2009.09.29 04:03:08.401,0.71884,0.71909,1.00,8.30
2009.09.29 04:03:08.571,0.71883,0.71908,8.20,3.50
2009.09.29 04:03:08.751,0.71889,0.71909,9.20,1.60
2009.09.29 04:03:09.031,0.71895,0.7192,4.40,1.00
2009.09.29 04:03:09.271,0.71903,0.71928,4.40,1.60
2009.09.29 04:03:10.531,0.71906,0.71926,7.60,1.00
2009.09.29 04:03:26.827,0.71892,0.71922,4.40,4.80
2009.09.29 04:03:27.047,0.71888,0.71908,1.00,1.90
2009.09.29 04:03:27.287,0.71881,0.71906,3.20,1.00
2009.09.29 04:03:32.735,0.71879,0.71904,8.00,3.50
2009.09.29 04:03:39.094,0.71874,0.71904,3.20,1.00
2009.09.29 04:03:39.264,0.71873,0.71898,10.00,1.00
2009.09.29 04:03:43.763,0.71866,0.71896,4.40,3.20
2009.09.29 04:03:43.943,0.71859,0.71894,5.60,1.00
2009.09.29 04:03:44.113,0.71851,0.71886,8.20,3.50
2009.09.29 04:03:44.282,0.71845,0.7188,4.40,3.20
2009.09.29 04:03:44.793,0.71844,0.71878,1.00,3.50
2009.09.29 04:03:45.122,0.71853,0.71883,4.40,1.00
2009.09.29 04:03:45.423,0.71861,0.71886,9.80,5.10
2009.09.29 04:03:46.123,0.71861,0.71891,1.60,1.60
2009.09.29 04:03:46.632,0.71861,0.71891,7.60,1.00
2009.09.29 04:03:46.912,0.71863,0.71888,4.40,3.20
2009.09.29 04:03:47.092,0.71861,0.71886,1.00,3.50
2009.09.29 04:03:53.880,0.71857,0.71892,3.20,3.50
2009.09.29 04:03:56.070,0.7186,0.71895,4.40,1.00
2009.09.29 04:03:56.190,0.71866,0.71891,3.20,1.00
2009.09.29 04:03:57.360,0.7187,0.71895,1.00,2.00
2009.09.29 04:03:57.530,0.71876,0.71901,4.40,1.00
2009.09.29 04:03:57.640,0.71881,0.71906,10.00,1.00
2009.09.29 04:03:58.569,0.71883,0.71909,4.40,4.80
2009.09.29 04:04:50.193,0.71915,0.71945,2.80,2.40
2009.09.29 04:04:54.492,0.71915,0.71945,2.40,2.40
2009.09.29 04:05:17.617,0.71915,0.71945,2.40,2.40
2009.09.29 04:06:01.826,0.71915,0.71945,2.80,2.40
2009.09.29 04:06:34.278,0.71915,0.71945,2.40,2.40
2009.09.29 04:06:34.999,0.71915,0.71945,2.80,2.40
2009.09.29 04:06:44.666,0.71925,0.71945,1.00,2.40
2009.09.29 04:06:46.565,0.71915,0.71945,2.80,2.40
2009.09.29 04:06:59.772,0.71925,0.71945,1.00,2.40
2009.09.29 04:07:00.062,0.71915,0.71945,2.40,2.40
2009.09.29 04:07:13.209,0.71915,0.71945,2.80,2.40
2009.09.29 04:07:16.418,0.71915,0.7195,1.00,4.00
2009.09.29 04:07:26.786,0.71905,0.7195,4.30,4.00
2009.09.29 04:07:28.495,0.71905,0.7195,4.00,4.00
2009.09.29 04:07:28.905,0.71915,0.7195,1.00,4.00
2009.09.29 04:07:29.825,0.71905,0.7195,4.00,4.00
2009.09.29 04:07:29.945,0.71905,0.7195,4.30,4.00
2009.09.29 04:07:30.175,0.71915,0.7195,1.00,4.00
2009.09.29 04:07:30.815,0.71905,0.7195,4.30,4.00
2009.09.29 04:07:31.055,0.71925,0.7195,1.00,2.40
2009.09.29 04:07:31.285,0.7193,0.7195,2.40,1.60
2009.09.29 04:07:31.514,0.7193,0.7195,3.10,1.60
2009.09.29 04:07:31.744,0.7193,0.71965,3.10,1.60
2009.09.29 04:07:32.194,0.71945,0.71965,2.40,1.60
2009.09.29 04:07:32.434,0.71945,0.7197,2.40,1.60
2009.09.29 04:07:40.232,0.71945,0.7197,3.20,1.60
2009.09.29 04:07:40.342,0.7195,0.7198,2.40,5.70
2009.09.29 04:07:40.522,0.7195,0.7198,2.40,2.50
2009.09.29 04:07:51.500,0.71945,0.7197,5.70,1.60
2009.09.29 04:07:51.740,0.71945,0.7197,4.00,1.60
2009.09.29 04:08:07.136,0.71945,0.7197,4.80,1.60
2009.09.29 04:08:07.246,0.71945,0.71975,5.60,2.40
2009.09.29 04:08:07.486,0.7195,0.7198,2.40,2.50
2009.09.29 04:09:41.553,0.71955,0.71985,2.80,2.40
2009.09.29 04:09:44.283,0.71955,0.71985,2.80,2.40
2009.09.29 04:09:51.341,0.71965,0.71985,1.00,2.40
2009.09.29 04:10:04.788,0.71955,0.71985,2.40,2.40
2009.09.29 04:10:45.408,0.7196,0.71985,1.00,2.40
2009.09.29 04:10:45.578,0.71965,0.71985,4.00,1.00
2009.09.29 04:10:45.748,0.7196,0.71985,1.50,2.40
2009.09.29 04:10:45.928,0.71955,0.71985,2.40,2.40
2009.09.29 04:10:48.487,0.71965,0.71985,2.40,1.00
2009.09.29 04:10:48.607,0.71965,0.71985,4.00,1.00
2009.09.29 04:10:48.957,0.7196,0.71985,1.50,2.40
2009.09.29 04:10:49.257,0.71955,0.71985,2.40,2.40
2009.09.29 04:10:50.287,0.7196,0.71985,1.00,2.40
2009.09.29 04:10:50.527,0.71965,0.71985,4.00,1.00
2009.09.29 04:10:52.256,0.71955,0.71985,2.40,2.40
2009.09.29 04:10:53.526,0.71965,0.71985,1.00,2.40
2009.09.29 04:10:53.576,0.7197,0.71985,2.40,1.00
2009.09.29 04:10:53.696,0.7197,0.71985,3.10,1.00
2009.09.29 04:10:54.626,0.71955,0.71985,3.60,2.40
2009.09.29 04:10:54.736,0.7196,0.71985,2.40,1.00
2009.09.29 04:10:55.146,0.71955,0.71985,3.20,2.40
2009.09.29 04:10:55.305,0.71955,0.71985,2.40,2.40
2009.09.29 04:10:56.065,0.71965,0.71985,1.00,2.40
2009.09.29 04:10:56.245,0.7197,0.71985,2.40,1.00
2009.09.29 04:10:56.416,0.71955,0.71985,2.40,2.40
2009.09.29 04:10:56.595,0.71955,0.71985,5.20,2.40
2009.09.29 04:10:56.765,0.7196,0.71985,2.40,1.00
2009.09.29 04:10:57.055,0.71955,0.71985,2.40,2.40
2009.09.29 04:11:25.458,0.71955,0.71985,2.40,1.00
2009.09.29 04:12:01.913,0.71945,0.71975,4.40,1.00
2009.09.29 04:12:02.193,0.71952,0.71972,4.40,1.00
2009.09.29 04:12:03.173,0.71949,0.71979,4.40,1.00
2009.09.29 04:12:05.003,0.71949,0.71979,1.20,1.00
2009.09.29 04:12:14.941,0.71948,0.71968,4.40,1.00
2009.09.29 04:12:16.230,0.71935,0.71965,1.20,1.00
2009.09.29 04:12:16.570,0.71929,0.71954,4.40,1.00
2009.09.29 04:12:24.528,0.71929,0.71953,4.40,1.00
2009.09.29 04:12:25.418,0.71938,0.71953,4.40,1.00
2009.09.29 04:12:30.287,0.71938,0.71963,4.40,1.00
2009.09.29 04:12:38.735,0.71939,0.71964,4.40,1.00
2009.09.29 04:12:39.954,0.71944,0.71959,4.40,1.00
2009.09.29 04:12:40.294,0.71938,0.71962,4.40,1.00
2009.09.29 04:13:15.842,0.71955,0.71985,2.40,2.40
2009.09.29 04:13:58.371,0.71945,0.7197,4.40,1.60
2009.09.29 04:14:03.940,0.71945,0.71975,5.20,2.50
2009.09.29 04:14:04.170,0.7195,0.7198,3.20,4.10
2009.09.29 04:14:04.410,0.71955,0.71985,2.40,2.40
2009.09.29 04:14:10.579,0.71955,0.7197,2.40,1.60
2009.09.29 04:14:10.808,0.71945,0.7197,4.80,1.60
2009.09.29 04:14:11.048,0.71945,0.7197,4.40,1.60
2009.09.29 04:14:13.358,0.71945,0.7197,4.00,1.60
2009.09.29 04:14:17.017,0.71945,0.7197,4.80,1.60
2009.09.29 04:14:17.137,0.7195,0.7198,2.40,4.10
2009.09.29 04:14:17.257,0.7195,0.7198,3.20,4.10
2009.09.29 04:14:17.377,0.71955,0.71985,2.40,4.80
2009.09.29 04:14:17.497,0.71955,0.71985,2.40,4.00
2009.09.29 04:14:17.897,0.71955,0.71985,2.40,1.00
2009.09.29 04:14:18.247,0.71955,0.71985,2.40,1.00
2009.09.29 04:14:25.955,0.71945,0.71975,4.40,2.40
2009.09.29 04:14:26.475,0.71945,0.71975,4.00,2.40
2009.09.29 04:14:28.594,0.71945,0.71975,4.00,2.50
2009.09.29 04:14:32.263,0.7195,0.7198,2.40,3.20
2009.09.29 04:14:32.313,0.71955,0.71985,2.40,1.00
2009.09.29 04:14:32.433,0.71955,0.71985,2.40,2.80
2009.09.29 04:14:32.813,0.71955,0.71985,2.40,1.00
2009.09.29 04:14:36.712,0.71955,0.71985,2.40,1.20
2009.09.29 04:14:36.832,0.7195,0.7198,2.50,2.40
2009.09.29 04:14:36.892,0.7195,0.7198,2.40,4.00
2009.09.29 04:14:39.442,0.7195,0.7198,2.40,4.10
2009.09.29 04:15:04.276,0.71945,0.71975,1.60,2.40
2009.09.29 04:15:04.695,0.7194,0.71975,1.00,2.40
2009.09.29 04:15:04.865,0.71935,0.71975,1.00,2.40
2009.09.29 04:15:05.095,0.7193,0.71975,1.00,2.50
2009.09.29 04:15:08.015,0.7193,0.71975,1.00,2.90
2009.09.29 04:15:12.874,0.71925,0.71975,4.40,2.90
2009.09.29 04:15:14.663,0.71925,0.71975,7.60,2.90
2009.09.29 04:15:20.552,0.71935,0.71975,2.40,2.90
2009.09.29 04:15:24.651,0.71935,0.71965,2.40,1.00
2009.09.29 04:15:24.771,0.71935,0.71965,2.40,1.00
2009.09.29 04:15:25.061,0.71935,0.71975,2.40,2.90
2009.09.29 04:15:31.829,0.71935,0.71975,2.40,2.50
2009.09.29 04:15:38.987,0.71935,0.71985,2.80,3.10
2009.09.29 04:15:39.287,0.71935,0.71985,2.80,3.00
2009.09.29 04:15:39.747,0.71935,0.71985,2.80,3.10
2009.09.29 04:15:42.727,0.7193,0.7195,1.60,1.60
2009.09.29 04:15:42.956,0.7193,0.7196,2.40,4.70
2009.09.29 04:15:43.186,0.71935,0.71965,2.40,2.40
2009.09.29 04:15:44.336,0.7193,0.7196,3.20,2.40
2009.09.29 04:15:45.116,0.7193,0.7196,2.40,2.40
2009.09.29 04:15:45.336,0.71925,0.7196,1.00,2.40
2009.09.29 04:15:45.626,0.71925,0.7196,1.00,2.40
2009.09.29 04:15:46.986,0.7193,0.7196,3.20,2.40
2009.09.29 04:16:02.092,0.7193,0.7196,2.40,2.40
2009.09.29 04:16:02.252,0.71925,0.7196,2.40,2.40
2009.09.29 04:16:02.372,0.71925,0.7196,1.00,2.40
2009.09.29 04:16:03.311,0.71925,0.71955,1.00,2.40
2009.09.29 04:16:04.321,0.7193,0.71955,3.20,2.40
2009.09.29 04:16:19.197,0.71925,0.71955,1.00,2.40
2009.09.29 04:16:54.459,0.71925,0.7195,1.00,1.00
2009.09.29 04:16:54.569,0.71925,0.71935,1.00,2.40
2009.09.29 04:16:55.129,0.7191,0.71935,5.50,2.40
2009.09.29 04:16:55.468,0.7191,0.71945,4.80,3.20
2009.09.29 04:16:55.818,0.71915,0.71955,1.20,2.80
2009.09.29 04:16:56.168,0.7192,0.71945,1.00,2.40
2009.09.29 04:16:56.518,0.7192,0.71945,3.20,2.40
2009.09.29 04:17:19.182,0.7192,0.71945,2.40,2.40
2009.09.29 04:17:19.362,0.71915,0.71945,1.60,2.40
2009.09.29 04:17:19.542,0.7191,0.71945,6.90,2.40
2009.09.29 04:17:19.722,0.7191,0.71945,5.30,2.40
2009.09.29 04:17:20.062,0.7191,0.71945,4.90,2.40
2009.09.29 04:17:32.350,0.7192,0.71945,1.00,2.40
2009.09.29 04:17:32.469,0.7192,0.71945,3.20,2.40
2009.09.29 04:17:37.628,0.71925,0.7195,4.80,2.40
2009.09.29 04:17:39.677,0.71925,0.7195,4.90,2.40
2009.09.29 04:17:46.546,0.71925,0.7195,6.50,2.40
2009.09.29 04:17:47.926,0.71925,0.7195,6.90,2.40
2009.09.29 04:17:49.595,0.71925,0.7195,7.30,2.40
2009.09.29 04:17:49.775,0.7193,0.7195,1.00,2.40
2009.09.29 04:17:50.005,0.7193,0.71955,4.80,3.20
2009.09.29 04:17:50.345,0.71935,0.71955,1.60,2.40
2009.09.29 04:17:52.165,0.71935,0.71955,4.00,2.40
2009.09.29 04:17:52.215,0.71935,0.7196,6.40,4.00
2009.09.29 04:17:52.275,0.71945,0.7196,1.60,2.40
2009.09.29 04:18:10.041,0.71955,0.7197,1.60,2.40
2009.09.29 04:18:10.380,0.71945,0.71965,3.20,2.40
2009.09.29 04:18:10.680,0.71945,0.71965,1.60,2.40
2009.09.29 04:18:22.178,0.7194,0.71965,4.80,2.40
2009.09.29 04:18:22.538,0.7194,0.71965,4.70,2.40
2009.09.29 04:18:22.767,0.7194,0.71965,4.80,3.20
2009.09.29 04:18:22.877,0.7194,0.71965,6.40,2.40
2009.09.29 04:18:22.937,0.7194,0.71965,5.60,2.40
2009.09.29 04:18:23.287,0.71935,0.7196,5.20,2.40
2009.09.29 04:18:23.637,0.71935,0.71955,2.00,2.40
2009.09.29 04:18:24.027,0.71935,0.71955,1.00,2.40
2009.09.29 04:18:37.434,0.71935,0.71965,2.00,3.20
2009.09.29 04:18:37.614,0.71935,0.71965,2.00,2.40
2009.09.29 04:18:38.593,0.71935,0.71965,1.00,2.40
2009.09.29 04:18:39.473,0.71935,0.71965,2.00,2.40
2009.09.29 04:18:39.813,0.71935,0.71965,2.30,2.40
2009.09.29 04:18:49.431,0.71935,0.71965,2.00,2.40
2009.09.29 04:18:52.270,0.71935,0.71965,1.00,2.40
2009.09.29 04:18:52.440,0.71935,0.71965,2.00,2.40
2009.09.29 04:18:53.290,0.71935,0.71965,1.00,2.40
2009.09.29 04:18:56.239,0.71935,0.71965,1.00,2.40
2009.09.29 04:18:57.519,0.71935,0.71965,1.00,2.40
2009.09.29 04:19:24.342,0.71935,0.71975,2.00,5.60
2009.09.29 04:19:24.692,0.71935,0.7197,1.00,1.60
2009.09.29 04:19:24.932,0.7194,0.7198,1.60,2.00
2009.09.29 04:19:25.162,0.71935,0.71975,2.00,4.00
2009.09.29 04:19:37.039,0.71935,0.71975,2.00,1.60
2009.09.29 04:19:37.389,0.71935,0.71975,3.60,4.00
2009.09.29 04:19:37.749,0.71935,0.71975,2.00,4.00
2009.09.29 04:19:37.969,0.71935,0.71965,1.00,2.40
2009.09.29 04:20:00.957,0.71926,0.71952,6.10,5.10
2009.09.29 04:20:04.356,0.71923,0.71953,3.20,3.50
2009.09.29 04:20:08.807,0.71926,0.71951,8.50,2.40
2009.09.29 04:20:08.883,0.71925,0.71955,4.40,1.60
2009.09.29 04:20:14.024,0.71931,0.71956,1.20,8.30
2009.09.29 04:20:14.285,0.71933,0.71953,4.80,9.00
2009.09.29 04:20:28.824,0.71918,0.71953,4.40,1.60
2009.09.29 04:20:31.022,0.71915,0.71945,3.60,1.00
2009.09.29 04:20:31.890,0.71912,0.71942,4.40,4.80
2009.09.29 04:20:42.326,0.7191,0.7194,4.80,9.00
2009.09.29 04:20:46.666,0.71906,0.71936,1.00,2.40
2009.09.29 04:20:53.158,0.7191,0.71925,4.40,4.70
2009.09.29 04:20:55.224,0.71905,0.71931,8.50,2.40
2009.09.29 04:20:55.554,0.71913,0.71933,5.50,6.40
2009.09.29 04:20:56.434,0.71917,0.71942,2.40,2.40
2009.09.29 04:20:56.614,0.71926,0.71941,8.50,2.40
2009.09.29 04:20:56.784,0.71926,0.71946,6.80,5.20
2009.09.29 04:21:02.178,0.71924,0.71948,3.60,1.00
2009.09.29 04:21:28.969,0.71918,0.71943,2.40,2.40
2009.09.29 04:21:30.479,0.7192,0.7194,6.80,2.40
2009.09.29 04:21:36.411,0.71928,0.71948,6.10,5.10
2009.09.29 04:21:48.155,0.71928,0.71958,6.10,5.10
2009.09.29 04:21:48.937,0.71924,0.71959,8.50,2.40
2009.09.29 04:21:58.141,0.71919,0.71954,3.60,1.00
2009.09.29 04:21:59.303,0.71919,0.71949,4.40,4.70
2009.09.29 04:22:02.134,0.71935,0.71975,1.00,3.20
2009.09.29 04:22:02.364,0.71935,0.71965,2.00,2.40
2009.09.29 04:22:02.604,0.71935,0.71965,1.00,2.40
2009.09.29 04:22:03.234,0.7194,0.7198,1.60,2.00
2009.09.29 04:22:03.574,0.71935,0.71975,2.00,4.00
2009.09.29 04:22:06.663,0.7194,0.7198,1.60,1.60
2009.09.29 04:22:07.143,0.7194,0.71975,1.60,2.40
2009.09.29 04:22:07.383,0.71935,0.71975,2.00,4.00
2009.09.29 04:22:13.452,0.7194,0.71975,1.60,2.40
2009.09.29 04:22:19.840,0.71935,0.71975,2.00,4.00
2009.09.29 04:22:20.130,0.71935,0.71965,1.00,2.40
2009.09.29 04:22:38.156,0.71935,0.71965,2.00,2.40
2009.09.29 04:23:38.141,0.71935,0.71965,1.00,2.40
2009.09.29 04:24:08.534,0.7194,0.71965,1.00,2.40
2009.09.29 04:24:08.714,0.7194,0.71965,4.80,2.40
2009.09.29 04:24:11.723,0.71935,0.71965,2.00,2.40
2009.09.29 04:24:22.381,0.7194,0.71965,1.00,2.40
2009.09.29 04:24:22.561,0.7194,0.71965,4.80,2.40
2009.09.29 04:24:22.731,0.7194,0.71965,1.60,2.40
2009.09.29 04:24:23.090,0.71935,0.71965,2.00,2.40
2009.09.29 04:24:28.859,0.71935,0.71965,2.00,2.80
2009.09.29 04:24:29.079,0.71935,0.71945,1.00,2.40
2009.09.29 04:24:36.118,0.71925,0.7195,9.60,2.40
2009.09.29 04:24:37.557,0.71925,0.7195,9.80,2.40
2009.09.29 04:24:50.974,0.71925,0.7195,10.60,2.40
2009.09.29 04:24:51.334,0.71925,0.7195,12.20,2.40
2009.09.29 04:24:56.453,0.7193,0.7195,1.00,2.40
2009.09.29 04:24:56.783,0.71935,0.71955,1.60,2.40
2009.09.29 04:24:57.122,0.7193,0.71955,5.20,2.40
2009.09.29 04:24:57.302,0.7193,0.71965,6.40,3.20
2009.09.29 04:24:57.542,0.71935,0.71965,1.60,2.40
2009.09.29 04:25:11.599,0.71955,0.71975,3.20,2.40
2009.09.29 04:25:11.829,0.71955,0.7198,4.00,5.20
2009.09.29 04:25:11.999,0.71945,0.71965,2.80,2.40
2009.09.29 04:25:12.179,0.71935,0.71965,2.40,2.40
2009.09.29 04:25:12.349,0.7194,0.71965,1.00,2.40
2009.09.29 04:25:12.589,0.7194,0.71965,4.80,2.40
2009.09.29 04:25:12.768,0.7194,0.71965,4.00,2.40
2009.09.29 04:25:12.939,0.7194,0.71965,1.60,2.40
2009.09.29 04:25:13.168,0.71935,0.71965,2.00,2.40
2009.09.29 04:25:14.848,0.71935,0.7197,2.00,2.40
2009.09.29 04:25:16.997,0.7195,0.71975,3.20,1.60
2009.09.29 04:25:17.298,0.7195,0.7198,4.80,4.00
2009.09.29 04:25:18.497,0.7194,0.7197,2.00,2.40
2009.09.29 04:25:18.737,0.7194,0.7197,3.60,2.40
2009.09.29 04:25:19.257,0.71935,0.7197,2.00,2.40
2009.09.29 04:25:21.307,0.71955,0.71985,4.80,7.20
2009.09.29 04:25:21.597,0.71945,0.71975,3.20,2.40
2009.09.29 04:25:21.717,0.71945,0.71975,5.20,2.40
2009.09.29 04:25:22.057,0.71945,0.71975,4.80,2.40
2009.09.29 04:25:24.596,0.71945,0.71975,4.90,2.40
2009.09.29 04:25:26.445,0.7195,0.71975,1.00,2.40
2009.09.29 04:25:26.685,0.7195,0.7198,5.50,4.00
2009.09.29 04:25:27.555,0.7195,0.7198,5.60,4.00
2009.09.29 04:25:31.084,0.71955,0.7198,1.60,4.00
2009.09.29 04:25:33.554,0.71955,0.7198,2.40,4.00
2009.09.29 04:25:33.733,0.71955,0.7198,6.40,1.60
2009.09.29 04:25:33.913,0.71965,0.71985,1.60,6.40
2009.09.29 04:25:37.373,0.71965,0.71985,6.50,1.00
2009.09.29 04:25:38.062,0.71965,0.71985,6.50,1.00
2009.09.29 04:26:16.843,0.7197,0.71985,1.00,1.00
2009.09.29 04:26:17.003,0.7197,0.71985,4.80,1.00
2009.09.29 04:26:17.343,0.7198,0.72,1.00,2.40
2009.09.29 04:26:17.513,0.71985,0.7201,1.60,2.00
2009.09.29 04:26:17.853,0.71985,0.7201,1.60,2.40
2009.09.29 04:26:18.183,0.71975,0.7201,2.80,2.40
2009.09.29 04:26:18.773,0.71985,0.72015,1.60,1.00
2009.09.29 04:26:19.303,0.7198,0.72015,1.60,1.00
2009.09.29 04:26:19.823,0.7198,0.72015,2.40,1.00
2009.09.29 04:26:19.983,0.71985,0.72015,1.60,1.00
2009.09.29 04:26:20.093,0.71985,0.7202,1.60,2.40
2009.09.29 04:26:25.491,0.7198,0.7202,1.60,4.00
2009.09.29 04:26:25.891,0.7198,0.7202,1.60,1.60
2009.09.29 04:26:26.241,0.7198,0.72025,1.60,2.50
2009.09.29 04:26:26.591,0.7198,0.72025,1.60,2.10
2009.09.29 04:26:26.951,0.71985,0.72025,1.60,1.70
2009.09.29 04:26:27.291,0.71985,0.72025,1.60,1.60
2009.09.29 04:26:35.999,0.71985,0.7203,1.60,4.40
2009.09.29 04:26:36.349,0.71985,0.72025,1.60,1.60
2009.09.29 04:26:37.029,0.7198,0.72025,2.00,1.60
2009.09.29 04:26:37.258,0.71985,0.72025,1.60,1.60
2009.09.29 04:26:37.439,0.7199,0.7203,1.60,1.60
2009.09.29 04:26:37.678,0.71985,0.7203,1.60,1.60
2009.09.29 04:26:37.848,0.72,0.72025,1.00,1.60
2009.09.29 04:26:38.258,0.72,0.72025,3.20,1.60
2009.09.29 04:26:38.948,0.72,0.7203,3.20,2.40
2009.09.29 04:26:39.238,0.72,0.72035,3.20,1.00
2009.09.29 04:26:41.478,0.72,0.72035,3.20,1.00
2009.09.29 04:26:41.897,0.72,0.72035,3.30,1.00
2009.09.29 04:26:51.145,0.72,0.72035,3.30,1.00
2009.09.29 04:26:51.785,0.72,0.72035,3.30,1.00
2009.09.29 04:26:52.125,0.72,0.72035,3.30,1.00
2009.09.29 04:26:58.023,0.72005,0.72035,1.00,1.00
2009.09.29 04:27:01.992,0.72,0.7203,4.10,2.40
2009.09.29 04:27:10.300,0.72,0.7203,1.70,2.40
2009.09.29 04:27:10.691,0.71995,0.7201,1.60,2.40
2009.09.29 04:27:11.030,0.7198,0.7201,4.00,2.40
2009.09.29 04:27:12.060,0.71975,0.7201,1.70,2.40
2009.09.29 04:28:11.855,0.71975,0.7201,1.00,2.40
2009.09.29 04:28:15.065,0.7197,0.7201,4.80,2.40
2009.09.29 04:29:18.450,0.71975,0.7202,1.00,1.00
2009.09.29 04:29:18.569,0.7197,0.7202,10.20,1.00
2009.09.29 04:29:18.679,0.7198,0.7202,1.60,1.00
2009.09.29 04:29:18.790,0.7198,0.72025,1.60,2.00
2009.09.29 04:29:19.370,0.7198,0.7202,1.60,2.40
2009.09.29 04:29:19.839,0.7198,0.72025,1.60,2.00
2009.09.29 04:29:20.859,0.7198,0.72025,1.60,1.60
2009.09.29 04:29:26.468,0.72,0.72025,1.00,1.60
2009.09.29 04:29:26.708,0.72,0.7203,3.20,1.00
2009.09.29 04:29:26.937,0.72,0.72035,3.20,1.00
2009.09.29 04:29:28.977,0.72,0.7204,3.20,4.00
2009.09.29 04:29:29.537,0.72,0.7204,3.30,4.00
2009.09.29 04:29:30.527,0.72005,0.7204,1.00,4.00
2009.09.29 04:29:31.026,0.72,0.72025,1.00,2.40
2009.09.29 04:29:31.256,0.72,0.7204,3.30,4.00
2009.09.29 04:29:31.606,0.72,0.7204,3.30,4.40
2009.09.29 04:29:31.946,0.72,0.7204,3.30,4.00
2009.09.29 04:29:32.526,0.72005,0.7204,1.00,4.00
2009.09.29 04:30:00.389,0.72005,0.72035,1.00,1.00
2009.09.29 04:30:04.059,0.72005,0.72035,1.00,1.00
2009.09.29 04:30:04.239,0.72005,0.72035,1.00,1.00
2009.09.29 04:30:05.099,0.72005,0.72025,1.70,1.00
2009.09.29 04:30:05.458,0.72005,0.72035,1.70,1.00
2009.09.29 04:30:09.057,0.72005,0.72035,1.70,1.00
2009.09.29 04:30:09.287,0.72005,0.72035,1.70,1.00
2009.09.29 04:30:12.426,0.72005,0.72035,1.70,1.00
2009.09.29 04:30:12.597,0.72005,0.72025,1.60,2.40
2009.09.29 04:30:12.767,0.72,0.72025,1.00,2.40
2009.09.29 04:30:13.816,0.72,0.7203,2.50,1.00
2009.09.29 04:30:14.156,0.72,0.72035,2.50,1.70
2009.09.29 04:30:14.856,0.72005,0.7203,1.60,2.40
2009.09.29 04:30:15.246,0.72,0.7203,4.10,2.40
2009.09.29 04:30:15.716,0.72,0.7204,5.70,4.80
2009.09.29 04:30:15.946,0.72005,0.7204,1.60,2.40
2009.09.29 04:30:16.186,0.72015,0.7204,1.00,2.40
2009.09.29 04:30:16.416,0.7202,0.72045,4.00,1.00
2009.09.29 04:30:16.655,0.7202,0.72035,4.70,1.00
2009.09.29 04:30:17.816,0.7202,0.72035,4.80,1.00
2009.09.29 04:30:18.625,0.72025,0.72045,1.00,1.00
2009.09.29 04:30:18.805,0.7203,0.72045,4.00,1.00
2009.09.29 04:30:19.025,0.72035,0.72045,1.60,1.00
2009.09.29 04:30:19.545,0.72025,0.72045,1.00,1.00
2009.09.29 04:30:19.895,0.72025,0.7205,1.00,2.40
2009.09.29 04:30:22.714,0.72025,0.72045,1.00,1.00
2009.09.29 04:30:23.414,0.72025,0.7205,1.00,2.40
2009.09.29 04:30:23.694,0.72025,0.72045,1.00,1.00
2009.09.29 04:30:24.894,0.72025,0.7205,1.00,2.40
2009.09.29 04:30:26.613,0.72025,0.7205,1.70,2.40
2009.09.29 04:30:29.342,0.72025,0.7205,1.70,4.00
2009.09.29 04:30:33.771,0.72025,0.72045,1.60,4.00
2009.09.29 04:31:01.015,0.7202,0.72045,4.80,4.00
2009.09.29 04:31:01.245,0.7202,0.72045,4.80,4.80
2009.09.29 04:31:10.903,0.7202,0.72045,4.80,5.20
2009.09.29 04:31:11.182,0.7202,0.72045,4.80,6.00
2009.09.29 04:31:15.402,0.7202,0.7204,2.30,4.80
2009.09.29 04:31:15.701,0.72015,0.7204,4.10,4.80
2009.09.29 04:31:20.120,0.72015,0.7204,4.90,4.00
2009.09.29 04:31:20.470,0.72015,0.7204,7.30,1.60
2009.09.29 04:31:20.650,0.7202,0.72045,2.30,6.50
2009.09.29 04:31:21.390,0.7202,0.72045,2.40,6.50
2009.09.29 04:31:22.940,0.7202,0.72045,2.40,6.40
2009.09.29 04:31:27.779,0.7202,0.72035,2.40,1.00
2009.09.29 04:31:29.328,0.7202,0.72035,1.70,1.00
2009.09.29 04:31:30.178,0.7202,0.72035,1.60,1.00
2009.09.29 04:31:30.468,0.72015,0.72035,1.70,1.00
2009.09.29 04:31:35.966,0.72015,0.72035,5.70,1.00
2009.09.29 04:31:36.517,0.72015,0.72045,5.70,2.50
2009.09.29 04:31:37.766,0.7202,0.72045,1.00,2.50
2009.09.29 04:31:40.645,0.72025,0.7205,1.60,4.00
2009.09.29 04:31:42.395,0.72025,0.7205,1.70,4.00
2009.09.29 04:31:43.855,0.72025,0.72045,1.70,1.00
2009.09.29 04:31:46.034,0.7202,0.72045,6.40,2.00
2009.09.29 04:31:46.154,0.7202,0.72045,4.00,4.80
2009.09.29 04:31:46.274,0.7202,0.72045,2.40,4.80
2009.09.29 04:31:46.394,0.7202,0.72045,2.40,6.40
2009.09.29 04:31:49.083,0.7202,0.72045,2.30,6.40
2009.09.29 04:31:49.263,0.7202,0.72035,2.30,1.00
2009.09.29 04:31:49.373,0.7202,0.72035,1.00,6.40
2009.09.29 04:31:49.543,0.7201,0.72035,2.40,6.50
2009.09.29 04:31:49.663,0.72015,0.72035,1.60,1.70
2009.09.29 04:31:50.003,0.72015,0.72035,1.60,1.00
2009.09.29 04:31:51.693,0.72015,0.72035,1.70,1.00
2009.09.29 04:31:59.331,0.72015,0.7204,1.70,4.80
2009.09.29 04:32:16.647,0.72015,0.7204,1.60,4.80
2009.09.29 04:32:18.266,0.7201,0.7202,1.00,4.00
2009.09.29 04:32:18.726,0.71995,0.7202,1.60,4.00
2009.09.29 04:32:28.604,0.71995,0.72005,1.60,1.00
2009.09.29 04:32:28.824,0.7199,0.71995,2.30,2.40
2009.09.29 04:32:28.874,0.7199,0.71995,1.00,2.40
2009.09.29 04:32:28.934,0.71985,0.71995,1.60,2.40
2009.09.29 04:32:29.044,0.7199,0.72,2.40,2.40
2009.09.29 04:32:29.094,0.7199,0.72,2.40,1.60
2009.09.29 04:32:29.154,0.7199,0.72015,4.70,13.60
2009.09.29 04:32:29.214,0.7199,0.72015,4.70,13.30
2009.09.29 04:32:29.334,0.7199,0.72015,4.70,2.90
2009.09.29 04:32:29.394,0.7199,0.7202,4.70,4.00
2009.09.29 04:32:29.803,0.7199,0.72015,2.30,2.40
2009.09.29 04:32:29.854,0.7199,0.72015,1.00,2.40
2009.09.29 04:32:30.193,0.7199,0.7202,4.70,4.00
2009.09.29 04:32:30.893,0.7199,0.72005,1.00,2.40
2009.09.29 04:32:31.173,0.7198,0.72015,2.40,1.60
2009.09.29 04:32:31.393,0.7197,0.72015,2.50,1.60
2009.09.29 04:32:31.633,0.71975,0.7202,1.60,2.40
2009.09.29 04:32:31.923,0.71975,0.72,1.00,2.40
2009.09.29 04:32:32.143,0.7198,0.7201,2.40,2.40
2009.09.29 04:32:32.373,0.71975,0.7201,1.60,2.40
2009.09.29 04:32:32.883,0.7197,0.71995,1.00,2.40
2009.09.29 04:32:33.123,0.71965,0.71995,4.10,2.40
2009.09.29 04:32:33.813,0.71965,0.7199,1.60,4.00
2009.09.29 04:32:34.153,0.71975,0.72,1.60,4.70
2009.09.29 04:32:34.372,0.71975,0.71995,1.60,2.40
2009.09.29 04:32:34.612,0.71965,0.71995,5.70,2.40
2009.09.29 04:32:39.251,0.71965,0.71995,6.40,2.40
2009.09.29 04:32:39.421,0.71975,0.72,1.60,4.00
2009.09.29 04:32:42.510,0.71985,0.72,1.00,4.00
2009.09.29 04:32:42.790,0.71995,0.72005,1.60,1.60
2009.09.29 04:32:43.080,0.71995,0.7202,1.60,5.50
2009.09.29 04:32:43.380,0.71995,0.7202,1.60,4.00
2009.09.29 04:32:47.359,0.7199,0.7202,3.10,4.80
2009.09.29 04:32:47.709,0.7198,0.7201,4.00,2.40
2009.09.29 04:32:49.429,0.71975,0.72,3.20,4.00
2009.09.29 04:32:49.599,0.71975,0.72,1.60,4.00
2009.09.29 04:32:58.357,0.7197,0.72,4.70,4.00
2009.09.29 04:32:58.697,0.71965,0.71995,5.70,2.40
2009.09.29 04:33:13.823,0.71965,0.71995,6.10,2.40
2009.09.29 04:33:20.631,0.7197,0.72,2.40,3.30
2009.09.29 04:33:20.981,0.7197,0.72,4.00,2.40
2009.09.29 04:33:22.091,0.71975,0.72005,5.60,2.40
2009.09.29 04:33:24.720,0.71975,0.72005,5.70,2.40
2009.09.29 04:33:26.060,0.71975,0.72005,5.60,2.40
2009.09.29 04:33:26.340,0.7197,0.72,4.80,2.40
2009.09.29 04:33:26.670,0.7197,0.72,4.00,2.40
2009.09.29 04:33:33.259,0.71975,0.72,1.60,2.40
2009.09.29 04:33:33.369,0.71975,0.72005,5.60,2.40
2009.09.29 04:33:35.208,0.71975,0.72005,6.50,2.40
2009.09.29 04:33:35.528,0.71985,0.72005,1.60,2.40
2009.09.29 04:33:35.818,0.71985,0.7201,1.60,4.00
2009.09.29 04:33:39.317,0.71985,0.72005,1.60,2.40
2009.09.29 04:33:39.617,0.7198,0.72005,1.00,2.40
2009.09.29 04:33:39.957,0.71975,0.72005,5.70,2.40
2009.09.29 04:33:57.782,0.71975,0.72005,6.10,2.40
2009.09.29 04:34:01.901,0.7199,0.7201,1.60,1.60
2009.09.29 04:34:02.181,0.71985,0.7202,1.60,2.80
2009.09.29 04:34:02.471,0.71985,0.7202,1.60,2.40
2009.09.29 04:34:14.058,0.71995,0.7202,1.00,2.40
2009.09.29 04:34:14.328,0.71995,0.72025,4.80,4.40
2009.09.29 04:34:14.559,0.71995,0.72025,6.80,2.80
2009.09.29 04:34:15.568,0.71995,0.72025,6.80,2.90
2009.09.29 04:34:15.789,0.71995,0.72025,6.80,2.80
2009.09.29 04:34:16.538,0.71995,0.72025,6.90,2.80
2009.09.29 04:34:22.826,0.71995,0.72025,6.90,2.40
2009.09.29 04:34:25.366,0.71995,0.72025,6.90,2.80
2009.09.29 04:34:43.201,0.71995,0.72025,6.90,2.40
2009.09.29 04:34:45.161,0.71995,0.7202,1.60,4.00
2009.09.29 04:34:55.149,0.71995,0.7202,6.80,1.60
2009.09.29 04:34:55.319,0.71995,0.7202,4.40,1.00
2009.09.29 04:34:55.439,0.7199,0.72015,5.60,2.40
2009.09.29 04:34:55.608,0.7199,0.72015,4.00,2.40
2009.09.29 04:34:59.277,0.71995,0.72015,1.60,2.40
2009.09.29 04:35:07.016,0.71995,0.72015,1.60,3.20
2009.09.29 04:35:07.196,0.7199,0.72005,2.40,2.40
2009.09.29 04:35:07.306,0.71985,0.7201,3.20,2.40
2009.09.29 04:35:07.486,0.71995,0.72015,1.60,2.40
2009.09.29 04:35:09.385,0.7199,0.72015,1.00,2.40
2009.09.29 04:35:09.665,0.71985,0.7201,1.60,2.40
2009.09.29 04:35:20.533,0.71975,0.72005,8.50,2.40
2009.09.29 04:35:26.811,0.71975,0.72,4.00,4.00
2009.09.29 04:35:27.041,0.71975,0.72,1.60,2.40
2009.09.29 04:36:02.522,0.7198,0.7201,4.80,4.00
2009.09.29 04:36:02.812,0.71975,0.72005,6.40,2.40
2009.09.29 04:36:03.432,0.7198,0.7201,4.80,2.40
2009.09.29 04:36:18.339,0.71985,0.72015,4.80,2.40
2009.09.29 04:36:18.638,0.71985,0.72015,6.40,2.40
2009.09.29 04:36:20.378,0.71985,0.72015,6.50,2.40
2009.09.29 04:36:43.852,0.7199,0.72015,1.00,2.40
2009.09.29 04:36:43.972,0.7199,0.7202,3.20,3.20
2009.09.29 04:36:44.152,0.7199,0.7202,4.00,2.40
2009.09.29 04:36:44.332,0.71985,0.7202,3.20,2.40
2009.09.29 04:36:44.452,0.7199,0.7202,1.00,2.40
2009.09.29 04:36:44.612,0.7199,0.7202,3.20,2.40
2009.09.29 04:36:44.722,0.7199,0.7202,4.80,2.40
2009.09.29 04:36:46.192,0.7199,0.7202,4.00,2.40
2009.09.29 04:36:46.412,0.71985,0.7202,1.60,2.40
2009.09.29 04:37:43.958,0.71985,0.72,1.60,2.40
2009.09.29 04:37:44.238,0.7198,0.72005,3.20,1.00
2009.09.29 04:37:44.598,0.71985,0.7201,1.60,2.40
2009.09.29 04:37:44.948,0.71985,0.7202,1.60,2.40
2009.09.29 04:37:58.015,0.7199,0.7202,3.20,2.40
2009.09.29 04:37:58.194,0.7199,0.7202,4.80,2.40
2009.09.29 04:38:01.864,0.7199,0.72005,1.60,2.40
2009.09.29 04:38:02.044,0.71985,0.72005,1.60,2.40
2009.09.29 04:38:05.493,0.71995,0.72005,1.00,2.40
2009.09.29 04:38:05.713,0.71995,0.72025,6.40,16.50
2009.09.29 04:38:06.063,0.71995,0.72025,6.40,2.80
2009.09.29 04:38:06.453,0.71995,0.72025,5.60,2.80
2009.09.29 04:38:06.802,0.71995,0.7202,1.60,4.00
2009.09.29 04:38:07.552,0.71995,0.72025,6.40,4.00
2009.09.29 04:38:07.782,0.71995,0.72025,6.40,3.20
2009.09.29 04:38:07.992,0.71995,0.72025,6.40,2.40
2009.09.29 04:38:08.382,0.71995,0.72025,6.80,2.40
2009.09.29 04:38:09.082,0.71995,0.72025,4.00,2.40
2009.09.29 04:38:09.442,0.71995,0.7202,1.60,2.40
2009.09.29 04:38:09.792,0.7199,0.7202,1.00,2.40
2009.09.29 04:38:11.201,0.71985,0.7202,1.60,2.40
2009.09.29 04:39:09.637,0.7198,0.7202,3.30,2.40
2009.09.29 04:39:11.217,0.7198,0.7202,3.20,2.40
2009.09.29 04:39:13.297,0.7198,0.7201,2.40,1.00
2009.09.29 04:39:13.407,0.71975,0.72,2.00,2.40
2009.09.29 04:39:14.106,0.71975,0.72,1.60,2.40
2009.09.29 04:39:17.165,0.71995,0.7202,4.80,3.30
2009.09.29 04:39:17.496,0.71995,0.7202,6.40,1.00
2009.09.29 04:39:17.785,0.71995,0.72025,6.40,2.80
2009.09.29 04:39:17.896,0.71995,0.72025,5.60,2.80
2009.09.29 04:39:18.295,0.71995,0.7202,3.20,2.40
2009.09.29 04:39:18.415,0.71995,0.7202,1.60,4.00
2009.09.29 04:39:19.045,0.71995,0.7202,4.00,1.60
2009.09.29 04:39:19.275,0.71995,0.72025,6.00,4.00
2009.09.29 04:39:19.455,0.71995,0.72025,6.00,2.40
2009.09.29 04:39:20.545,0.71995,0.72025,6.10,2.40
2009.09.29 04:39:21.115,0.71995,0.7202,1.60,2.40
2009.09.29 04:39:21.345,0.7199,0.7202,1.00,2.40
2009.09.29 04:39:21.514,0.71985,0.7202,1.60,2.40
2009.09.29 04:39:26.313,0.72,0.7202,1.00,2.40
2009.09.29 04:39:26.593,0.72005,0.7202,1.60,2.40
2009.09.29 04:39:26.953,0.71995,0.72025,4.00,2.40
2009.09.29 04:39:27.233,0.7199,0.7202,1.00,2.40
2009.09.29 04:39:27.403,0.71985,0.7202,2.00,2.40
2009.09.29 04:39:29.093,0.72005,0.72025,2.40,1.60
2009.09.29 04:39:29.263,0.72005,0.72035,4.00,6.40
2009.09.29 04:39:29.613,0.71995,0.7202,1.20,2.40
2009.09.29 04:39:29.963,0.7199,0.7202,4.00,2.40
2009.09.29 04:40:00.125,0.71995,0.7202,1.00,2.40
2009.09.29 04:40:00.355,0.72005,0.7203,1.60,5.60
2009.09.29 04:40:00.735,0.72005,0.7203,1.60,4.00
2009.09.29 04:40:30.808,0.7201,0.72035,2.30,6.00
2009.09.29 04:40:34.157,0.72015,0.72035,1.60,4.00
2009.09.29 04:40:35.517,0.72015,0.7204,6.00,2.40
2009.09.29 04:40:35.807,0.7203,0.72055,4.00,1.00
2009.09.29 04:40:36.147,0.72025,0.72055,6.40,2.40
2009.09.29 04:40:36.497,0.72025,0.7205,3.20,4.00
2009.09.29 04:40:36.836,0.72025,0.7205,1.60,4.00
2009.09.29 04:40:37.346,0.72015,0.72045,6.50,2.40
2009.09.29 04:40:37.586,0.7202,0.7205,2.40,3.20
2009.09.29 04:40:37.876,0.7202,0.7205,4.00,2.40
2009.09.29 04:40:43.195,0.7202,0.72045,4.00,1.00
2009.09.29 04:40:54.332,0.72035,0.72045,1.00,1.00
2009.09.29 04:40:54.562,0.72035,0.72045,2.40,1.00
2009.09.29 04:40:54.782,0.72035,0.72065,6.40,2.40
2009.09.29 04:40:55.012,0.72035,0.72065,5.60,2.40
2009.09.29 04:40:57.541,0.72035,0.72065,5.70,2.40
2009.09.29 04:41:09.849,0.7205,0.7207,3.20,1.00
2009.09.29 04:41:10.028,0.7205,0.7207,1.60,2.40
2009.09.29 04:41:10.238,0.72035,0.7207,11.20,2.40
2009.09.29 04:41:10.358,0.72035,0.7208,12.40,2.40
2009.09.29 04:41:10.528,0.72035,0.7207,1.60,2.40
2009.09.29 04:41:10.758,0.7203,0.7207,4.00,2.40
2009.09.29 04:41:10.928,0.7204,0.72065,1.00,2.40
2009.09.29 04:41:11.088,0.72045,0.7207,1.60,4.80
2009.09.29 04:41:11.428,0.72045,0.7207,1.60,4.00
2009.09.29 04:41:11.788,0.72045,0.72065,1.60,2.40
2009.09.29 04:41:12.138,0.72035,0.72065,5.70,2.40
2009.09.29 04:41:14.367,0.72035,0.72065,6.50,2.40
2009.09.29 04:41:14.717,0.7204,0.7207,4.00,2.40
2009.09.29 04:41:20.696,0.72045,0.72075,5.60,2.40
2009.09.29 04:41:23.595,0.72045,0.72075,5.70,2.40
2009.09.29 04:41:26.325,0.72045,0.7207,1.60,4.00
2009.09.29 04:41:31.123,0.72045,0.72075,4.00,3.20
2009.09.29 04:41:31.473,0.72045,0.72075,5.60,2.40
2009.09.29 04:41:32.813,0.72045,0.72075,5.70,2.80
2009.09.29 04:41:33.823,0.72045,0.72065,5.70,1.00
2009.09.29 04:41:35.692,0.7205,0.72065,1.00,1.00
2009.09.29 04:41:35.872,0.72055,0.72065,2.40,1.00
2009.09.29 04:41:35.932,0.7206,0.72065,1.60,1.00
2009.09.29 04:41:36.272,0.72045,0.7207,3.60,4.00
2009.09.29 04:41:36.622,0.72045,0.7207,1.60,4.00
2009.09.29 04:41:57.877,0.72035,0.7206,1.00,2.40
2009.09.29 04:41:58.217,0.7203,0.7206,4.00,2.40
2009.09.29 04:42:29.359,0.72025,0.7205,1.60,4.00
2009.09.29 04:43:04.346,0.72006,0.72036,3.20,4.00
2009.09.29 04:43:14.024,0.72009,0.72039,4.40,1.00
2009.09.29 04:43:14.204,0.72016,0.72046,3.60,3.50
2009.09.29 04:43:16.923,0.72017,0.72047,1.00,3.50
2009.09.29 04:43:17.043,0.72012,0.72047,3.20,3.90
2009.09.29 04:43:20.353,0.72007,0.72037,3.20,3.90
2009.09.29 04:43:20.932,0.71996,0.72031,1.00,1.00
2009.09.29 04:43:21.512,0.71986,0.72021,4.40,1.00
2009.09.29 04:43:21.852,0.71985,0.72015,4.40,1.00
2009.09.29 04:43:27.571,0.71987,0.72017,1.00,3.50
2009.09.29 04:43:27.861,0.7199,0.7202,8.00,3.50
2009.09.29 04:43:42.987,0.71998,0.72018,4.40,1.00
2009.09.29 04:44:21.013,0.72025,0.7205,1.60,4.80
2009.09.29 04:44:21.402,0.7202,0.72045,1.00,2.40
2009.09.29 04:44:21.683,0.72015,0.72045,4.10,2.40
2009.09.29 04:44:21.922,0.72015,0.72045,5.70,2.40
2009.09.29 04:45:21.878,0.72015,0.72045,4.10,2.40
2009.09.29 04:45:23.437,0.72015,0.72045,4.00,2.40
2009.09.29 04:46:37.560,0.72015,0.7204,4.00,1.00
2009.09.29 04:46:37.790,0.72015,0.72035,1.60,4.00
2009.09.29 04:46:37.959,0.72015,0.72035,1.60,2.40
2009.09.29 04:46:38.129,0.72015,0.72045,4.00,4.00
2009.09.29 04:46:38.299,0.72015,0.72045,5.60,2.40
2009.09.29 04:46:40.529,0.72015,0.72045,5.70,2.40
2009.09.29 04:47:22.599,0.72015,0.72045,6.50,2.40
2009.09.29 04:47:22.779,0.7202,0.7205,4.80,2.40
2009.09.29 04:47:22.949,0.72025,0.72055,4.00,2.40
2009.09.29 04:47:23.119,0.72025,0.7205,1.60,2.40
2009.09.29 04:47:23.339,0.7202,0.7205,4.00,2.40
2009.09.29 04:47:23.628,0.72025,0.72055,4.80,2.40
2009.09.29 04:47:23.859,0.72025,0.72055,6.40,2.40
2009.09.29 04:47:42.104,0.72025,0.72055,5.70,2.40
2009.09.29 04:47:42.334,0.7202,0.7205,4.80,2.40
2009.09.29 04:47:42.574,0.7202,0.7205,4.40,2.40
2009.09.29 04:47:42.804,0.7202,0.7205,4.00,2.40
2009.09.29 04:47:43.214,0.7202,0.7205,4.00,4.80
2009.09.29 04:47:43.384,0.72015,0.72045,7.70,2.40
2009.09.29 04:47:43.614,0.72015,0.72045,6.10,2.40
2009.09.29 04:47:52.112,0.72015,0.72045,5.70,2.40
2009.09.29 04:48:44.459,0.72015,0.72045,4.10,2.40
2009.09.29 04:48:45.719,0.72015,0.72045,4.00,2.40
2009.09.29 04:49:24.049,0.72015,0.7204,1.60,2.40
2009.09.29 04:49:24.399,0.72015,0.7204,1.60,4.00
2009.09.29 04:49:28.039,0.7201,0.7204,4.80,4.00
2009.09.29 04:49:28.278,0.7201,0.7204,4.80,6.00
2009.09.29 04:49:28.559,0.7201,0.7203,1.00,1.00
2009.09.29 04:49:28.798,0.7201,0.7203,1.00,2.00
2009.09.29 04:49:29.079,0.7201,0.7203,1.00,1.60
2009.09.29 04:49:29.198,0.7201,0.72035,1.00,2.40
2009.09.29 04:49:32.808,0.7201,0.7203,1.00,1.00
2009.09.29 04:49:33.107,0.72,0.72025,1.00,2.40
2009.09.29 04:49:33.457,0.71995,0.72025,4.50,2.40
2009.09.29 04:49:38.066,0.7201,0.7203,1.60,1.00
2009.09.29 04:49:44.675,0.7201,0.7203,1.60,1.20
2009.09.29 04:50:13.238,0.7201,0.7203,1.60,2.00
2009.09.29 04:50:21.686,0.72015,0.7203,1.60,1.60
2009.09.29 04:50:21.965,0.72015,0.7204,1.60,4.00
2009.09.29 04:50:54.518,0.7202,0.72045,2.30,6.00
2009.09.29 04:51:17.392,0.7203,0.72045,1.60,2.00
2009.09.29 04:51:17.722,0.7203,0.72055,1.60,6.00
2009.09.29 04:51:20.561,0.7203,0.72055,2.30,6.00
2009.09.29 04:51:27.860,0.72035,0.72055,1.60,1.60
2009.09.29 04:51:28.209,0.72035,0.7206,1.60,4.00
2009.09.29 04:51:54.464,0.72035,0.7206,2.40,4.00
2009.09.29 04:51:54.573,0.72035,0.7206,1.60,4.00
2009.09.29 04:51:55.093,0.72035,0.7206,7.60,4.00
2009.09.29 04:52:08.771,0.72014,0.72044,8.20,3.50
2009.09.29 04:52:18.289,0.71999,0.72029,1.00,6.70
2009.09.29 04:52:19.519,0.71989,0.72009,1.60,1.00
2009.09.29 04:52:46.342,0.71982,0.72006,1.00,1.00
2009.09.29 04:52:56.000,0.71987,0.72012,5.00,6.70
2009.09.29 04:52:56.170,0.71995,0.7202,1.00,1.00
2009.09.29 04:52:56.500,0.72002,0.72027,1.00,1.00
2009.09.29 04:52:57.020,0.72,0.72035,1.80,1.00
2009.09.29 04:52:57.369,0.72002,0.72037,1.00,1.00
2009.09.29 04:53:00.457,0.72035,0.7206,9.20,4.00
2009.09.29 04:53:00.517,0.72035,0.72065,12.00,4.00
2009.09.29 04:53:00.637,0.72035,0.72065,12.00,2.40
2009.09.29 04:53:00.867,0.72045,0.7207,1.60,4.00
2009.09.29 04:53:01.097,0.72035,0.72065,14.60,2.40
2009.09.29 04:53:01.327,0.72045,0.7207,1.60,4.80
2009.09.29 04:53:01.607,0.72045,0.72075,6.40,4.50
2009.09.29 04:53:01.837,0.72045,0.72075,6.40,2.50
2009.09.29 04:53:02.177,0.7204,0.7207,10.80,2.40
2009.09.29 04:53:02.537,0.7204,0.7207,4.80,2.40
2009.09.29 04:53:02.877,0.7204,0.7207,9.20,2.40
2009.09.29 04:53:03.516,0.7204,0.7207,4.80,2.40
2009.09.29 04:53:10.815,0.7204,0.7207,9.20,2.40
2009.09.29 04:53:10.985,0.7204,0.7207,8.40,2.40
2009.09.29 04:53:13.544,0.7204,0.7207,9.20,2.40
2009.09.29 04:53:18.773,0.7204,0.7207,4.80,2.40
2009.09.29 04:54:02.182,0.7204,0.7207,3.20,2.40
2009.09.29 04:55:28.792,0.7204,0.7207,9.20,2.40
2009.09.29 04:55:29.212,0.72045,0.7207,4.40,2.40
2009.09.29 04:55:31.301,0.72045,0.7207,6.00,2.40
2009.09.29 04:56:12.031,0.72045,0.7207,1.60,2.40
2009.09.29 04:56:12.201,0.7204,0.7207,9.20,2.40
2009.09.29 04:56:17.180,0.72045,0.7207,4.40,2.40
2009.09.29 04:56:26.708,0.72045,0.7207,7.60,2.40
2009.09.29 04:56:46.443,0.72045,0.7207,8.40,2.40
2009.09.29 04:56:46.733,0.7205,0.72075,2.80,2.40
2009.09.29 04:56:49.032,0.7205,0.72075,6.00,2.40
2009.09.29 04:56:55.051,0.7207,0.72075,1.00,2.40
2009.09.29 04:56:55.171,0.7207,0.7208,4.80,1.00
2009.09.29 04:56:55.291,0.7207,0.72085,1.60,2.40
2009.09.29 04:56:55.461,0.7207,0.72095,1.00,2.80
2009.09.29 04:56:55.821,0.7207,0.72095,1.50,2.40
2009.09.29 04:56:56.051,0.7207,0.72095,2.30,2.40
2009.09.29 04:56:56.291,0.7207,0.72095,1.00,4.40
2009.09.29 04:56:57.040,0.7207,0.72095,1.00,6.00
2009.09.29 04:56:58.360,0.7207,0.72095,1.00,6.00
2009.09.29 04:56:59.800,0.7207,0.72095,1.00,6.80
2009.09.29 04:57:00.200,0.72055,0.7208,9.50,2.40
2009.09.29 04:57:00.260,0.72055,0.7208,3.00,2.40
2009.09.29 04:57:00.370,0.72045,0.72085,6.80,1.90
2009.09.29 04:57:00.480,0.7205,0.7209,2.80,8.30
2009.09.29 04:57:00.600,0.7205,0.7209,2.80,7.50
2009.09.29 04:57:00.660,0.7205,0.72085,1.20,4.80
2009.09.29 04:57:00.780,0.72045,0.72085,2.00,5.10
2009.09.29 04:57:01.079,0.72045,0.7208,1.60,1.60
2009.09.29 04:57:01.130,0.72045,0.72085,3.20,5.10
2009.09.29 04:57:02.109,0.72045,0.72085,6.40,1.60
2009.09.29 04:57:02.919,0.72045,0.72085,6.00,1.60
2009.09.29 04:57:15.737,0.72045,0.7207,4.40,1.60
2009.09.29 04:57:16.326,0.72045,0.72065,4.40,1.60
2009.09.29 04:57:20.045,0.72045,0.72065,1.20,1.60
2009.09.29 04:57:20.615,0.72045,0.7208,1.20,4.00
2009.09.29 04:57:21.535,0.72045,0.7208,4.40,4.00
2009.09.29 04:57:21.894,0.7204,0.7207,4.40,2.40
2009.09.29 04:57:22.244,0.72045,0.7207,3.20,2.40
2009.09.29 04:57:22.414,0.72045,0.7207,4.40,2.40
2009.09.29 04:57:25.124,0.72045,0.7207,7.60,2.40
2009.09.29 04:57:25.943,0.7205,0.7207,1.20,2.40
2009.09.29 04:57:26.174,0.7205,0.7208,4.40,2.40
2009.09.29 04:57:31.362,0.7205,0.7208,1.20,2.40
2009.09.29 04:57:31.702,0.7205,0.7208,4.40,2.40
2009.09.29 04:57:32.322,0.72055,0.7208,1.20,2.40
2009.09.29 04:57:32.502,0.72055,0.7208,4.40,2.40
2009.09.29 04:57:37.431,0.72055,0.7208,1.60,2.40
2009.09.29 04:57:37.721,0.7205,0.7208,10.80,2.40
2009.09.29 04:57:38.001,0.7205,0.7208,1.20,2.40
2009.09.29 04:57:38.530,0.7205,0.7208,4.40,2.40
2009.09.29 04:58:28.728,0.72055,0.7208,4.40,2.40
2009.09.29 04:58:30.948,0.72055,0.72085,7.60,2.40
2009.09.29 04:58:31.168,0.7206,0.72085,1.20,2.40
2009.09.29 04:58:31.968,0.7206,0.72085,4.40,2.40
2009.09.29 04:58:32.248,0.7206,0.72085,6.00,2.40
2009.09.29 04:58:35.077,0.72065,0.7209,1.60,4.80
2009.09.29 04:58:35.127,0.72065,0.7209,2.80,4.00
2009.09.29 04:58:35.477,0.72065,0.7209,5.20,4.00
2009.09.29 04:58:35.537,0.72065,0.7209,7.60,1.60
2009.09.29 04:58:35.647,0.72065,0.72095,7.60,3.20
2009.09.29 04:58:35.757,0.72065,0.72095,7.60,2.40
2009.09.29 04:58:36.457,0.72065,0.72095,7.80,2.40
2009.09.29 04:58:45.864,0.7206,0.72085,7.60,2.40
2009.09.29 04:58:46.034,0.7206,0.72085,1.20,2.40
2009.09.29 04:58:49.183,0.72055,0.72085,14.20,2.40
2009.09.29 04:58:49.353,0.72055,0.72085,12.60,2.40
2009.09.29 04:58:49.933,0.72055,0.72085,11.80,2.40
2009.09.29 04:58:50.173,0.72055,0.7208,1.20,2.40
2009.09.29 04:58:56.252,0.7205,0.7208,1.20,2.40
2009.09.29 04:58:57.291,0.7205,0.7208,7.60,2.40
2009.09.29 04:58:57.641,0.7205,0.7208,9.20,2.40
2009.09.29 04:58:58.521,0.7205,0.7208,10.80,2.40
2009.09.29 04:58:58.751,0.72055,0.7208,1.20,2.40
2009.09.29 04:59:01.070,0.72055,0.7208,2.00,2.40
2009.09.29 04:59:01.190,0.72055,0.72085,7.60,2.40
2009.09.29 04:59:01.650,0.7206,0.72085,1.20,2.40
2009.09.29 04:59:07.529,0.7206,0.7208,1.20,4.00
2009.09.29 04:59:07.929,0.7206,0.72085,1.20,4.00
2009.09.29 04:59:08.279,0.7206,0.72085,1.20,2.40
2009.09.29 04:59:08.969,0.72055,0.72085,12.80,2.40
2009.09.29 04:59:09.309,0.7206,0.72085,1.20,2.40
2009.09.29 04:59:10.579,0.72055,0.7208,7.60,4.00
2009.09.29 04:59:11.618,0.72055,0.7208,10.80,1.60
2009.09.29 04:59:11.798,0.72055,0.72085,12.80,4.00
2009.09.29 04:59:12.038,0.72055,0.72085,6.40,2.40
2009.09.29 04:59:12.788,0.72065,0.7209,1.60,4.00
2009.09.29 04:59:27.644,0.7205,0.7208,1.20,2.40
2009.09.29 04:59:27.944,0.7205,0.7208,8.00,2.40
2009.09.29 04:59:28.294,0.72045,0.7208,4.80,2.40
2009.09.29 04:59:28.524,0.72045,0.7208,3.20,2.40
2009.09.29 04:59:28.814,0.72045,0.7208,2.80,2.40
2009.09.29 04:59:40.731,0.72045,0.7208,6.00,2.40
2009.09.29 04:59:40.961,0.72045,0.7208,2.80,2.40
