2016.09.26 18:00:00.101,0.72758,0.7277,1.00,1.00
2016.09.26 18:00:00.152,0.72759,0.7277,1.00,1.00
2016.09.26 18:00:00.254,0.7276,0.7277,1.00,1.00
2016.09.26 18:00:00.306,0.7276,0.7277,1.12,1.00
2016.09.26 18:00:00.357,0.72758,0.7277,1.87,1.00
2016.09.26 18:00:00.458,0.72757,0.7277,1.87,1.50
2016.09.26 18:00:00.509,0.72757,0.72769,1.50,1.12
2016.09.26 18:00:00.585,0.72755,0.72769,1.12,1.87
2016.09.26 18:00:00.636,0.72754,0.72767,1.50,1.50
2016.09.26 18:00:00.687,0.72754,0.72766,1.00,1.37
2016.09.26 18:00:00.738,0.72755,0.72766,1.12,1.37
2016.09.26 18:00:00.790,0.72755,0.72766,1.50,1.37
2016.09.26 18:00:00.841,0.72755,0.72766,1.75,1.37
2016.09.26 18:00:00.892,0.72757,0.72766,1.00,1.37
2016.09.26 18:00:00.943,0.72756,0.72766,1.37,1.37
2016.09.26 18:00:00.995,0.72756,0.72768,1.12,3.37
2016.09.26 18:00:01.045,0.72758,0.72768,1.00,1.50
2016.09.26 18:00:01.096,0.72758,0.72768,1.12,1.00
2016.09.26 18:00:01.147,0.72759,0.72768,1.37,1.00
2016.09.26 18:00:01.198,0.72759,0.72768,1.75,1.00
2016.09.26 18:00:01.249,0.72757,0.72769,2.25,1.37
2016.09.26 18:00:01.360,0.72757,0.72771,1.87,1.12
2016.09.26 18:00:01.411,0.72757,0.7277,1.87,2.10
2016.09.26 18:00:01.463,0.72757,0.7277,1.37,1.50
2016.09.26 18:00:01.514,0.72757,0.72767,1.00,1.00
2016.09.26 18:00:01.566,0.72756,0.72767,1.87,1.00
2016.09.26 18:00:01.617,0.72756,0.72769,1.50,1.00
2016.09.26 18:00:01.668,0.72756,0.72769,1.50,1.50
2016.09.26 18:00:01.771,0.72757,0.72769,1.00,1.50
2016.09.26 18:00:01.822,0.72757,0.72767,1.00,1.00
2016.09.26 18:00:01.874,0.72756,0.72767,1.12,1.00
2016.09.26 18:00:01.924,0.72756,0.72769,1.12,1.12
2016.09.26 18:00:01.979,0.72756,0.72768,1.87,1.00
2016.09.26 18:00:02.030,0.72756,0.72768,1.50,1.00
2016.09.26 18:00:02.154,0.72756,0.72767,1.50,1.00
2016.09.26 18:00:02.205,0.72756,0.72767,1.37,1.00
2016.09.26 18:00:02.267,0.72756,0.72769,1.50,2.25
2016.09.26 18:00:02.320,0.72757,0.72768,1.12,1.00
2016.09.26 18:00:02.372,0.72757,0.72768,1.87,1.00
2016.09.26 18:00:02.424,0.72757,0.72768,1.50,1.00
2016.09.26 18:00:02.578,0.72757,0.72768,1.00,1.00
2016.09.26 18:00:02.947,0.72758,0.72769,1.00,2.25
2016.09.26 18:00:02.999,0.72758,0.7277,1.00,2.62
2016.09.26 18:00:03.111,0.72759,0.7277,1.00,2.25
2016.09.26 18:00:03.214,0.72759,0.7277,1.00,2.25
2016.09.26 18:00:03.265,0.72759,0.72768,1.00,1.00
2016.09.26 18:00:03.350,0.72757,0.72766,1.50,1.00
2016.09.26 18:00:03.452,0.72757,0.72767,1.37,1.00
2016.09.26 18:00:03.504,0.72758,0.72768,1.00,1.00
2016.09.26 18:00:03.606,0.72758,0.72768,1.00,1.00
2016.09.26 18:00:03.708,0.72757,0.72768,1.00,1.00
2016.09.26 18:00:03.987,0.72756,0.72768,1.50,1.00
2016.09.26 18:00:04.764,0.72758,0.72768,1.00,1.00
2016.09.26 18:00:04.897,0.72758,0.72769,1.00,1.50
2016.09.26 18:00:05.106,0.72757,0.72769,1.50,1.50
2016.09.26 18:00:05.208,0.72758,0.72769,1.00,1.50
2016.09.26 18:00:05.766,0.72759,0.72769,1.00,1.50
2016.09.26 18:00:05.962,0.72758,0.72769,1.50,2.25
2016.09.26 18:00:06.014,0.72759,0.72769,1.00,2.25
2016.09.26 18:00:06.066,0.72759,0.72769,1.00,1.50
2016.09.26 18:00:06.512,0.72758,0.72769,2.25,1.50
2016.09.26 18:00:06.614,0.72759,0.72769,1.00,1.00
2016.09.26 18:00:06.776,0.72758,0.72769,2.25,1.00
2016.09.26 18:00:07.067,0.72759,0.72769,1.00,1.00
2016.09.26 18:00:07.617,0.72759,0.7277,1.00,1.87
2016.09.26 18:00:07.668,0.72759,0.7277,1.50,1.12
2016.09.26 18:00:07.719,0.72759,0.7277,1.50,1.00
2016.09.26 18:00:07.771,0.72759,0.7277,1.00,1.50
2016.09.26 18:00:07.822,0.7276,0.7277,1.00,1.00
2016.09.26 18:00:07.874,0.72763,0.72772,1.00,2.62
2016.09.26 18:00:07.926,0.72763,0.72772,1.00,1.12
2016.09.26 18:00:07.977,0.72764,0.72772,1.50,1.00
2016.09.26 18:00:08.060,0.72764,0.72774,1.87,1.75
2016.09.26 18:00:08.111,0.72765,0.72776,1.12,2.62
2016.09.26 18:00:08.162,0.72765,0.72776,1.12,2.25
2016.09.26 18:00:08.213,0.72765,0.72776,1.12,2.25
2016.09.26 18:00:08.315,0.72765,0.72776,1.00,2.25
2016.09.26 18:00:08.873,0.72765,0.72774,1.00,1.00
2016.09.26 18:00:08.971,0.72765,0.72774,1.00,1.00
2016.09.26 18:00:11.577,0.72764,0.72774,2.25,1.00
2016.09.26 18:00:11.629,0.72764,0.72774,2.25,1.00
2016.09.26 18:00:11.781,0.72764,0.72774,1.50,1.00
2016.09.26 18:00:11.832,0.72764,0.72774,1.50,1.50
2016.09.26 18:00:11.935,0.72764,0.72774,1.50,1.50
2016.09.26 18:00:12.307,0.72764,0.72774,1.50,1.50
2016.09.26 18:00:12.634,0.72764,0.72774,1.50,1.00
2016.09.26 18:00:12.685,0.72765,0.72774,1.00,1.00
2016.09.26 18:00:13.286,0.72764,0.72774,1.50,1.00
2016.09.26 18:00:13.337,0.72764,0.72774,1.50,1.00
2016.09.26 18:00:13.439,0.72764,0.72774,1.50,1.00
2016.09.26 18:00:13.490,0.72764,0.72774,2.25,1.00
2016.09.26 18:00:17.127,0.72764,0.72774,2.25,1.00
2016.09.26 18:00:17.321,0.72764,0.72774,1.50,1.00
2016.09.26 18:00:18.906,0.72764,0.72776,2.25,3.00
2016.09.26 18:00:19.261,0.72764,0.72775,2.25,1.00
2016.09.26 18:00:24.569,0.72764,0.72775,2.25,1.00
2016.09.26 18:00:25.487,0.72765,0.72776,1.50,1.50
2016.09.26 18:00:25.545,0.72766,0.72776,1.00,1.50
2016.09.26 18:00:25.596,0.72766,0.72776,1.00,1.00
2016.09.26 18:00:26.124,0.72765,0.72776,1.00,1.00
2016.09.26 18:00:31.290,0.72765,0.72775,1.00,1.00
2016.09.26 18:00:33.844,0.72764,0.72775,2.25,1.00
2016.09.26 18:00:34.100,0.72764,0.72776,2.25,1.50
2016.09.26 18:00:34.228,0.72764,0.72776,2.25,2.25
2016.09.26 18:00:34.279,0.72764,0.72776,2.25,2.25
2016.09.26 18:00:34.494,0.72764,0.72775,2.25,1.00
2016.09.26 18:00:34.545,0.72764,0.72775,2.25,1.00
2016.09.26 18:00:34.715,0.72764,0.72775,1.50,1.00
2016.09.26 18:00:38.675,0.72764,0.72775,1.00,1.50
2016.09.26 18:00:40.506,0.72765,0.72774,1.00,1.00
2016.09.26 18:00:40.659,0.72765,0.72774,1.00,1.00
2016.09.26 18:00:41.277,0.72765,0.72774,1.00,1.00
2016.09.26 18:00:41.632,0.72766,0.72774,1.00,1.00
2016.09.26 18:00:41.835,0.72765,0.72774,1.00,1.00
2016.09.26 18:00:41.937,0.72764,0.72775,1.50,1.00
2016.09.26 18:00:42.042,0.72766,0.72775,1.00,1.00
2016.09.26 18:00:42.499,0.72766,0.72775,1.00,1.50
2016.09.26 18:00:42.549,0.72766,0.72775,1.00,1.87
2016.09.26 18:00:42.651,0.72765,0.72775,1.50,1.37
2016.09.26 18:00:43.667,0.72766,0.72775,1.00,1.37
2016.09.26 18:00:43.769,0.72765,0.72775,1.50,1.37
2016.09.26 18:00:44.124,0.72765,0.72775,1.50,1.87
2016.09.26 18:00:44.175,0.72765,0.72775,1.50,1.87
2016.09.26 18:00:46.595,0.72765,0.72775,1.50,1.87
2016.09.26 18:00:46.647,0.72765,0.72775,1.00,2.62
2016.09.26 18:00:46.850,0.72765,0.72775,1.00,3.00
2016.09.26 18:00:47.589,0.72764,0.72775,1.50,3.00
2016.09.26 18:00:47.928,0.72765,0.72775,1.00,3.00
2016.09.26 18:00:48.030,0.72764,0.72775,1.50,3.00
2016.09.26 18:00:49.635,0.72765,0.72775,1.00,3.00
2016.09.26 18:00:49.939,0.72764,0.72775,1.50,3.00
2016.09.26 18:00:51.589,0.72764,0.72775,1.50,3.00
2016.09.26 18:00:51.640,0.72766,0.72775,1.00,2.62
2016.09.26 18:00:54.871,0.72764,0.72775,1.00,2.62
2016.09.26 18:00:54.922,0.72764,0.72775,1.00,2.62
2016.09.26 18:00:55.354,0.72765,0.72775,1.00,2.62
2016.09.26 18:00:55.405,0.72765,0.72775,1.00,3.22
2016.09.26 18:00:55.591,0.72765,0.72774,1.00,1.12
2016.09.26 18:00:56.109,0.72764,0.72774,1.00,1.12
2016.09.26 18:00:56.160,0.72764,0.72774,1.50,1.12
2016.09.26 18:00:56.313,0.72764,0.72774,1.00,2.47
2016.09.26 18:00:56.365,0.72762,0.72769,1.50,1.00
2016.09.26 18:00:56.478,0.72759,0.72769,1.00,2.25
2016.09.26 18:00:56.529,0.72759,0.72768,1.00,1.37
2016.09.26 18:00:56.580,0.72759,0.72769,1.00,2.62
2016.09.26 18:00:56.631,0.72759,0.72769,1.00,1.87
2016.09.26 18:00:56.835,0.72758,0.72769,1.00,1.87
2016.09.26 18:00:56.886,0.72757,0.72769,2.25,1.87
2016.09.26 18:00:56.937,0.72757,0.72769,2.25,1.87
2016.09.26 18:00:57.105,0.72758,0.72769,1.00,1.87
2016.09.26 18:00:57.347,0.72757,0.72769,2.25,1.87
2016.09.26 18:00:57.501,0.72757,0.72768,1.50,1.00
2016.09.26 18:00:58.555,0.72757,0.72768,1.00,1.00
2016.09.26 18:00:58.606,0.72758,0.72767,1.00,1.00
2016.09.26 18:00:58.657,0.72757,0.72768,1.00,1.50
2016.09.26 18:00:58.708,0.72757,0.72767,1.00,1.00
2016.09.26 18:00:58.759,0.72756,0.72767,2.25,1.00
2016.09.26 18:00:58.810,0.72756,0.72767,3.00,1.00
2016.09.26 18:00:58.911,0.72756,0.72767,2.25,1.00
2016.09.26 18:00:59.359,0.72757,0.72768,1.50,1.12
2016.09.26 18:00:59.453,0.72759,0.72768,1.50,1.12
2016.09.26 18:00:59.505,0.72759,0.72769,1.50,1.50
2016.09.26 18:00:59.762,0.72759,0.72769,1.00,1.50
2016.09.26 18:01:00.168,0.7276,0.72769,1.00,1.50
2016.09.26 18:01:00.371,0.72759,0.72769,1.00,1.50
2016.09.26 18:01:00.603,0.72763,0.72771,1.00,1.37
2016.09.26 18:01:00.662,0.72763,0.72772,1.50,1.37
2016.09.26 18:01:00.717,0.72763,0.72773,2.25,1.37
2016.09.26 18:01:00.768,0.72764,0.72773,1.00,1.37
2016.09.26 18:01:01.379,0.72765,0.72773,1.00,1.37
2016.09.26 18:01:03.798,0.72765,0.72773,1.00,1.00
2016.09.26 18:01:03.901,0.72765,0.72774,1.00,1.37
2016.09.26 18:01:05.786,0.72764,0.72774,1.50,1.37
2016.09.26 18:01:06.425,0.72765,0.72774,1.00,1.37
2016.09.26 18:01:09.418,0.72765,0.72774,1.00,1.37
2016.09.26 18:01:09.469,0.72765,0.72774,1.50,1.37
2016.09.26 18:01:12.093,0.72766,0.72774,1.00,1.37
2016.09.26 18:01:12.179,0.72765,0.72775,1.50,1.87
2016.09.26 18:01:12.230,0.72765,0.72775,1.50,1.50
2016.09.26 18:01:13.678,0.72766,0.72775,1.00,1.50
2016.09.26 18:01:13.830,0.72766,0.72775,1.50,1.00
2016.09.26 18:01:15.272,0.72766,0.72775,1.00,1.00
2016.09.26 18:01:15.374,0.72766,0.72775,1.00,1.12
2016.09.26 18:01:15.425,0.72765,0.72774,1.00,1.12
2016.09.26 18:01:15.475,0.72765,0.72774,1.00,1.12
2016.09.26 18:01:16.354,0.72765,0.72774,1.00,1.12
2016.09.26 18:01:16.404,0.72764,0.72774,2.25,1.12
2016.09.26 18:01:17.908,0.72765,0.72774,1.00,1.12
2016.09.26 18:01:17.959,0.72765,0.72774,1.00,1.12
2016.09.26 18:01:20.219,0.72765,0.72775,1.00,1.37
2016.09.26 18:01:20.270,0.72765,0.72776,1.00,2.62
2016.09.26 18:01:22.069,0.72765,0.72776,1.00,2.25
2016.09.26 18:01:22.150,0.72765,0.72776,1.00,1.87
2016.09.26 18:01:22.770,0.72766,0.72776,1.00,1.87
2016.09.26 18:01:25.896,0.72765,0.72776,1.00,1.87
2016.09.26 18:01:26.419,0.72766,0.72776,1.00,1.87
2016.09.26 18:01:27.620,0.72766,0.72776,1.50,1.12
2016.09.26 18:01:27.721,0.72767,0.72776,1.00,1.12
2016.09.26 18:01:28.086,0.72767,0.72777,1.00,1.50
2016.09.26 18:01:28.138,0.72768,0.72778,1.00,2.25
2016.09.26 18:01:28.189,0.72768,0.72777,1.00,1.50
2016.09.26 18:01:28.240,0.72768,0.72778,1.00,1.87
2016.09.26 18:01:28.403,0.72768,0.72778,1.00,1.50
2016.09.26 18:01:28.454,0.72768,0.72778,1.00,1.00
2016.09.26 18:01:28.556,0.72772,0.72781,1.00,1.12
2016.09.26 18:01:28.607,0.72773,0.72781,1.50,1.12
2016.09.26 18:01:28.658,0.72775,0.72783,1.00,1.50
2016.09.26 18:01:28.709,0.72775,0.72783,1.50,1.50
2016.09.26 18:01:28.760,0.72775,0.72783,1.50,1.00
2016.09.26 18:01:28.811,0.72775,0.72784,1.00,2.25
2016.09.26 18:01:28.965,0.72775,0.72784,1.50,1.50
2016.09.26 18:01:29.047,0.72775,0.72784,1.50,1.12
2016.09.26 18:01:29.098,0.72776,0.72785,1.00,1.87
2016.09.26 18:01:29.200,0.72775,0.72785,1.50,1.87
2016.09.26 18:01:29.302,0.72776,0.72785,1.00,1.87
2016.09.26 18:01:30.123,0.72775,0.72785,1.00,1.87
2016.09.26 18:01:30.844,0.72775,0.72784,1.00,1.12
2016.09.26 18:01:30.894,0.72775,0.72783,1.00,1.75
2016.09.26 18:01:30.945,0.72773,0.72783,1.00,1.87
2016.09.26 18:01:33.954,0.72773,0.72783,1.00,2.62
2016.09.26 18:01:34.933,0.72773,0.72783,1.00,1.87
2016.09.26 18:01:35.034,0.72773,0.72783,1.00,1.50
2016.09.26 18:01:37.243,0.72771,0.72783,2.62,1.50
2016.09.26 18:01:37.874,0.72771,0.72783,2.25,1.50
2016.09.26 18:01:38.027,0.72771,0.72781,1.50,1.00
2016.09.26 18:01:38.236,0.72772,0.72781,1.00,1.00
2016.09.26 18:01:38.540,0.7277,0.72781,1.50,1.50
2016.09.26 18:01:40.642,0.72772,0.72781,1.00,1.50
2016.09.26 18:01:40.751,0.7277,0.72781,1.50,1.50
2016.09.26 18:01:41.284,0.7277,0.72781,1.00,1.50
2016.09.26 18:01:48.051,0.72769,0.72781,2.62,1.50
2016.09.26 18:01:51.228,0.72769,0.72781,2.25,1.50
2016.09.26 18:01:51.884,0.7277,0.72781,1.00,1.50
2016.09.26 18:01:51.935,0.7277,0.72781,1.50,1.50
2016.09.26 18:01:52.040,0.7277,0.72781,1.00,1.50
2016.09.26 18:01:52.646,0.7277,0.72781,1.50,1.50
2016.09.26 18:01:52.747,0.7277,0.72781,1.00,1.50
2016.09.26 18:01:53.316,0.72769,0.72781,2.25,1.50
2016.09.26 18:01:53.442,0.72769,0.72781,2.25,1.50
2016.09.26 18:01:54.037,0.7277,0.72781,1.00,1.50
2016.09.26 18:01:54.568,0.72769,0.72781,2.25,1.50
2016.09.26 18:01:56.025,0.72771,0.7278,1.00,1.00
2016.09.26 18:01:56.177,0.72772,0.7278,1.00,1.00
2016.09.26 18:01:56.583,0.72771,0.7278,1.50,1.00
2016.09.26 18:01:56.735,0.72772,0.7278,1.00,1.00
2016.09.26 18:01:56.939,0.72775,0.72781,1.00,1.00
2016.09.26 18:01:56.990,0.72775,0.72784,1.50,1.37
2016.09.26 18:01:57.041,0.72776,0.72785,1.00,1.50
2016.09.26 18:01:57.123,0.72776,0.72785,1.00,1.00
2016.09.26 18:01:57.462,0.72775,0.72785,1.50,1.00
2016.09.26 18:01:57.970,0.72775,0.72785,2.25,1.00
2016.09.26 18:01:58.539,0.72776,0.72785,1.00,1.00
2016.09.26 18:01:58.591,0.72776,0.72786,1.50,2.25
2016.09.26 18:02:00.087,0.72776,0.72786,1.00,2.25
2016.09.26 18:02:00.138,0.72776,0.72785,1.00,1.00
2016.09.26 18:02:11.693,0.72777,0.72785,1.00,1.00
2016.09.26 18:02:13.305,0.72775,0.72785,1.50,1.00
2016.09.26 18:02:13.519,0.72775,0.72785,1.00,1.00
2016.09.26 18:02:18.597,0.72775,0.72785,1.50,1.00
2016.09.26 18:02:19.012,0.72775,0.72785,1.00,1.00
2016.09.26 18:02:19.078,0.72775,0.72785,1.50,1.00
2016.09.26 18:02:20.252,0.72775,0.72785,1.00,1.00
2016.09.26 18:02:20.354,0.72775,0.72785,1.00,1.50
2016.09.26 18:02:24.294,0.72774,0.72785,1.50,1.50
2016.09.26 18:02:24.346,0.72774,0.72785,1.12,1.87
2016.09.26 18:02:24.397,0.72773,0.72784,1.00,1.00
2016.09.26 18:02:24.448,0.72772,0.72783,2.25,1.12
2016.09.26 18:02:24.601,0.72772,0.72783,1.50,1.12
2016.09.26 18:02:24.913,0.72772,0.72783,1.00,1.12
2016.09.26 18:02:26.035,0.72773,0.72782,1.00,1.00
2016.09.26 18:02:26.238,0.72773,0.72782,1.00,1.50
2016.09.26 18:02:26.290,0.72773,0.72782,1.00,1.87
2016.09.26 18:02:30.180,0.72772,0.72782,1.00,1.87
2016.09.26 18:02:30.461,0.72771,0.72778,1.57,1.00
2016.09.26 18:02:30.512,0.72771,0.72776,1.10,1.00
2016.09.26 18:02:30.563,0.7277,0.72776,1.45,1.00
2016.09.26 18:02:30.614,0.72767,0.72775,1.75,1.00
2016.09.26 18:02:30.666,0.72766,0.72775,1.87,1.00
2016.09.26 18:02:30.770,0.72766,0.72775,1.00,1.12
2016.09.26 18:02:30.821,0.72766,0.72776,1.00,1.87
2016.09.26 18:02:30.943,0.72766,0.72776,1.50,1.50
2016.09.26 18:02:30.994,0.72766,0.72776,2.25,1.12
2016.09.26 18:02:31.045,0.72767,0.72776,1.00,1.12
2016.09.26 18:02:31.147,0.72769,0.72776,1.00,1.12
2016.09.26 18:02:31.198,0.72767,0.72776,1.00,1.12
2016.09.26 18:02:31.605,0.72769,0.72776,1.00,1.12
2016.09.26 18:02:31.656,0.72769,0.72778,1.00,3.00
2016.09.26 18:02:31.799,0.72769,0.72778,1.00,1.50
2016.09.26 18:02:31.850,0.7277,0.72779,1.00,2.62
2016.09.26 18:02:31.901,0.7277,0.72779,1.50,2.62
2016.09.26 18:02:32.881,0.7277,0.72779,1.50,1.87
2016.09.26 18:02:36.004,0.72771,0.72779,1.00,1.87
2016.09.26 18:02:37.950,0.72771,0.72779,1.00,1.37
2016.09.26 18:02:39.553,0.72772,0.72779,1.00,1.37
2016.09.26 18:02:42.738,0.72772,0.7278,1.00,2.25
2016.09.26 18:02:42.789,0.72772,0.7278,1.00,1.50
2016.09.26 18:02:45.092,0.7277,0.7278,1.50,1.50
2016.09.26 18:02:45.811,0.7277,0.7278,1.50,1.87
2016.09.26 18:02:45.862,0.7277,0.7278,1.00,1.87
2016.09.26 18:02:46.470,0.72769,0.7278,1.50,1.12
2016.09.26 18:02:46.571,0.7277,0.7278,1.00,1.87
2016.09.26 18:02:47.078,0.72769,0.7278,1.00,1.87
2016.09.26 18:02:47.614,0.7277,0.7278,1.00,1.87
2016.09.26 18:02:47.828,0.7277,0.7278,1.00,1.12
2016.09.26 18:02:47.879,0.7277,0.7278,1.50,1.12
2016.09.26 18:02:47.930,0.72771,0.7278,1.00,1.12
2016.09.26 18:02:47.981,0.72771,0.72781,1.00,2.62
2016.09.26 18:02:48.032,0.72772,0.72781,1.00,1.87
2016.09.26 18:02:48.549,0.72771,0.72781,1.00,1.87
2016.09.26 18:02:49.006,0.72772,0.72781,1.00,1.00
2016.09.26 18:02:49.057,0.72772,0.72782,1.00,2.62
2016.09.26 18:02:49.827,0.72771,0.72782,1.00,2.62
2016.09.26 18:02:49.979,0.72772,0.72781,1.00,1.12
2016.09.26 18:02:50.132,0.72771,0.72781,1.00,1.87
2016.09.26 18:02:50.645,0.72772,0.72781,1.00,1.87
2016.09.26 18:02:50.696,0.72772,0.72781,1.00,1.12
2016.09.26 18:02:51.222,0.72771,0.72781,1.00,1.12
2016.09.26 18:02:51.883,0.72771,0.72781,1.50,1.12
2016.09.26 18:02:51.997,0.72774,0.72783,1.50,1.37
2016.09.26 18:02:52.049,0.72775,0.72785,1.00,3.75
2016.09.26 18:02:52.139,0.72777,0.72785,1.00,3.37
2016.09.26 18:02:52.342,0.72775,0.72785,1.00,3.37
2016.09.26 18:02:53.523,0.72775,0.72785,1.00,3.37
2016.09.26 18:02:53.888,0.72775,0.72785,1.00,2.62
2016.09.26 18:02:55.937,0.72774,0.72785,1.50,2.62
2016.09.26 18:02:56.140,0.72775,0.72785,1.00,2.62
2016.09.26 18:02:57.974,0.72776,0.72785,1.00,2.62
2016.09.26 18:03:07.031,0.72776,0.72785,1.00,2.25
2016.09.26 18:03:07.082,0.72776,0.72785,1.00,1.87
2016.09.26 18:03:08.979,0.72773,0.72785,2.25,1.87
2016.09.26 18:03:09.031,0.72773,0.72784,1.50,1.12
2016.09.26 18:03:09.083,0.72774,0.72784,1.00,1.12
2016.09.26 18:03:09.134,0.72774,0.72784,1.00,1.12
2016.09.26 18:03:09.287,0.72773,0.72784,1.50,1.12
2016.09.26 18:03:09.887,0.72774,0.72784,1.00,1.12
2016.09.26 18:03:10.397,0.72775,0.72784,1.00,1.12
2016.09.26 18:03:13.483,0.72775,0.72784,1.00,1.12
2016.09.26 18:03:15.864,0.72776,0.72784,1.00,1.12
2016.09.26 18:03:16.388,0.72775,0.72784,1.00,1.12
2016.09.26 18:03:24.534,0.72777,0.72784,1.00,1.12
2016.09.26 18:03:25.040,0.72776,0.72784,1.00,1.12
2016.09.26 18:03:25.890,0.72776,0.72785,1.00,1.87
2016.09.26 18:03:30.955,0.72776,0.72784,1.00,1.12
2016.09.26 18:03:31.006,0.72775,0.72784,1.00,1.12
2016.09.26 18:03:31.057,0.72775,0.72784,1.00,1.87
2016.09.26 18:03:36.434,0.72775,0.72784,1.50,1.87
2016.09.26 18:03:36.604,0.72775,0.72784,1.00,1.87
2016.09.26 18:03:37.785,0.72774,0.72784,1.50,1.12
2016.09.26 18:03:37.836,0.72775,0.72784,1.00,1.12
2016.09.26 18:03:39.027,0.72775,0.72785,1.00,1.87
2016.09.26 18:03:44.666,0.72775,0.72785,1.00,1.50
2016.09.26 18:03:44.717,0.72775,0.72785,1.00,1.12
2016.09.26 18:03:45.770,0.72775,0.72785,1.50,1.12
2016.09.26 18:03:45.821,0.72776,0.72785,1.00,1.12
2016.09.26 18:03:48.330,0.72778,0.72785,1.00,1.12
2016.09.26 18:03:48.381,0.72778,0.72787,1.00,2.62
2016.09.26 18:03:48.432,0.72779,0.72787,1.00,1.50
2016.09.26 18:03:48.534,0.72779,0.72787,1.00,1.00
2016.09.26 18:03:48.639,0.72778,0.72787,1.50,1.00
2016.09.26 18:03:48.690,0.72778,0.72788,1.50,1.37
2016.09.26 18:03:48.792,0.72778,0.72789,1.50,1.87
2016.09.26 18:03:48.843,0.72779,0.72789,1.00,1.87
2016.09.26 18:03:48.944,0.72779,0.72789,1.50,1.87
2016.09.26 18:03:49.062,0.72779,0.72788,1.50,1.12
2016.09.26 18:03:49.113,0.72779,0.72789,1.00,1.37
2016.09.26 18:03:49.214,0.72779,0.72789,1.00,1.87
2016.09.26 18:03:49.316,0.72779,0.72789,1.00,1.37
2016.09.26 18:03:49.954,0.7278,0.72789,1.00,1.37
2016.09.26 18:03:50.635,0.72779,0.72789,1.00,1.37
2016.09.26 18:03:55.683,0.72779,0.72787,1.00,1.00
2016.09.26 18:03:55.734,0.72778,0.72787,1.50,1.00
2016.09.26 18:03:56.557,0.72778,0.72789,1.00,1.87
2016.09.26 18:03:56.760,0.72779,0.72789,1.00,1.37
2016.09.26 18:04:03.692,0.72779,0.72788,1.00,1.12
2016.09.26 18:04:03.794,0.72778,0.72787,1.00,1.00
2016.09.26 18:04:03.896,0.72777,0.72787,1.00,1.12
2016.09.26 18:04:05.751,0.72776,0.72787,2.25,1.12
2016.09.26 18:04:06.956,0.72776,0.72787,2.25,1.75
2016.09.26 18:04:07.057,0.72776,0.72787,2.25,1.87
2016.09.26 18:04:09.104,0.72776,0.72787,1.50,2.62
2016.09.26 18:04:25.343,0.72776,0.72787,1.50,3.37
2016.09.26 18:04:25.695,0.72775,0.72786,2.62,1.50
2016.09.26 18:04:33.569,0.72775,0.72786,2.25,1.50
2016.09.26 18:04:34.361,0.72775,0.72785,2.25,1.12
2016.09.26 18:04:35.794,0.72776,0.72785,1.00,1.12
2016.09.26 18:04:36.716,0.72777,0.72785,1.00,1.12
2016.09.26 18:04:42.547,0.72777,0.72785,1.50,1.12
2016.09.26 18:04:42.649,0.72777,0.72787,1.00,1.12
2016.09.26 18:04:42.750,0.72778,0.72787,1.00,1.87
2016.09.26 18:04:42.801,0.72778,0.72787,1.50,1.87
2016.09.26 18:04:44.334,0.72778,0.72787,1.00,1.12
2016.09.26 18:04:44.385,0.72778,0.72788,1.00,2.62
2016.09.26 18:04:44.436,0.72778,0.72788,1.00,1.87
2016.09.26 18:04:44.965,0.72779,0.72788,1.00,1.87
2016.09.26 18:04:45.840,0.72779,0.72788,1.00,1.12
2016.09.26 18:04:49.177,0.72778,0.72787,1.00,1.00
2016.09.26 18:04:49.279,0.72775,0.72787,2.25,1.50
2016.09.26 18:04:49.803,0.72775,0.72787,2.62,1.50
2016.09.26 18:04:50.726,0.72777,0.72787,1.00,1.50
2016.09.26 18:04:52.652,0.72776,0.72787,1.00,1.50
2016.09.26 18:04:53.071,0.72777,0.72787,1.00,2.25
2016.09.26 18:04:53.122,0.72778,0.72787,1.00,2.62
2016.09.26 18:04:55.137,0.72777,0.72787,1.00,2.62
2016.09.26 18:05:01.845,0.72777,0.72787,1.50,2.62
2016.09.26 18:05:01.896,0.72777,0.72787,1.00,2.62
2016.09.26 18:05:01.947,0.72776,0.72786,1.00,1.12
2016.09.26 18:05:01.998,0.72776,0.72786,1.00,1.87
2016.09.26 18:05:02.049,0.72776,0.72786,1.00,2.25
2016.09.26 18:05:02.577,0.72777,0.72786,1.00,3.00
2016.09.26 18:05:03.113,0.72776,0.72786,1.00,3.00
2016.09.26 18:05:03.846,0.72777,0.72786,1.00,3.00
2016.09.26 18:05:07.473,0.72777,0.72786,1.00,2.62
2016.09.26 18:05:07.575,0.72777,0.72786,1.00,2.25
2016.09.26 18:05:07.737,0.72777,0.72786,1.00,1.87
2016.09.26 18:05:07.992,0.72776,0.72785,1.50,1.00
2016.09.26 18:05:08.043,0.72776,0.72786,1.50,1.12
2016.09.26 18:05:08.095,0.72779,0.72786,1.00,1.12
2016.09.26 18:05:08.146,0.72777,0.72786,1.50,1.12
2016.09.26 18:05:08.300,0.72777,0.72787,1.50,2.25
2016.09.26 18:05:08.351,0.72778,0.72787,1.00,2.25
2016.09.26 18:05:10.789,0.72778,0.72786,1.00,1.12
2016.09.26 18:05:10.934,0.72776,0.72786,1.00,1.12
2016.09.26 18:05:10.985,0.72775,0.72786,2.25,1.50
2016.09.26 18:05:13.462,0.72775,0.72786,2.25,1.50
2016.09.26 18:05:14.896,0.72776,0.72786,1.00,1.50
2016.09.26 18:05:19.422,0.72776,0.72785,1.00,1.00
2016.09.26 18:05:24.387,0.72777,0.72785,1.00,1.00
2016.09.26 18:05:24.917,0.72776,0.72785,1.00,1.00
2016.09.26 18:05:25.422,0.72777,0.72785,1.00,1.00
2016.09.26 18:05:25.929,0.72776,0.72785,1.00,1.00
2016.09.26 18:05:26.296,0.72776,0.72785,1.00,1.50
2016.09.26 18:05:26.347,0.72776,0.72785,1.00,1.87
2016.09.26 18:05:27.697,0.72775,0.72785,1.50,1.87
2016.09.26 18:05:27.798,0.72776,0.72785,1.00,1.87
2016.09.26 18:05:28.344,0.72777,0.72785,1.00,1.87
2016.09.26 18:05:32.790,0.72776,0.72785,1.00,1.87
2016.09.26 18:05:39.403,0.72776,0.72785,1.00,1.50
2016.09.26 18:05:39.454,0.72776,0.72785,1.00,1.12
2016.09.26 18:05:48.327,0.72776,0.72785,1.00,1.87
2016.09.26 18:05:48.378,0.72776,0.72785,1.00,2.62
2016.09.26 18:05:48.429,0.72775,0.72785,1.50,2.62
2016.09.26 18:05:48.480,0.72775,0.72785,1.00,3.00
2016.09.26 18:05:48.531,0.72774,0.72785,1.00,3.00
2016.09.26 18:05:48.734,0.72774,0.72784,1.00,1.37
2016.09.26 18:05:48.785,0.72774,0.72784,1.00,1.50
2016.09.26 18:05:49.167,0.72774,0.72784,1.00,1.37
2016.09.26 18:05:54.854,0.72774,0.72784,1.00,1.87
2016.09.26 18:05:56.353,0.72774,0.72783,1.00,1.12
2016.09.26 18:05:56.715,0.72774,0.7278,1.00,1.00
2016.09.26 18:05:56.766,0.72771,0.72781,1.00,3.00
2016.09.26 18:05:56.817,0.72772,0.7278,1.00,1.00
2016.09.26 18:05:56.867,0.72773,0.72782,1.00,1.12
2016.09.26 18:05:56.918,0.72773,0.72783,1.50,3.37
2016.09.26 18:05:56.970,0.72773,0.72783,1.50,2.25
2016.09.26 18:05:57.021,0.72773,0.72783,2.25,1.87
2016.09.26 18:05:57.122,0.72774,0.72783,1.00,1.87
2016.09.26 18:05:57.305,0.72774,0.72783,1.00,1.50
2016.09.26 18:05:57.356,0.72774,0.72783,1.00,1.50
2016.09.26 18:05:57.407,0.72774,0.72783,1.00,1.12
2016.09.26 18:05:57.458,0.72774,0.72784,1.00,2.62
2016.09.26 18:05:57.561,0.72775,0.72784,1.00,2.62
2016.09.26 18:05:58.542,0.72775,0.72784,1.00,1.87
2016.09.26 18:06:01.118,0.72775,0.72784,1.00,1.37
2016.09.26 18:06:02.929,0.72775,0.72784,1.00,1.37
2016.09.26 18:06:04.939,0.72774,0.72784,2.25,1.37
2016.09.26 18:06:08.259,0.72774,0.72783,2.25,1.12
2016.09.26 18:06:08.738,0.72774,0.7278,1.00,1.00
2016.09.26 18:06:08.790,0.7277,0.72779,1.00,1.00
2016.09.26 18:06:08.841,0.7277,0.7278,1.00,1.87
2016.09.26 18:06:08.893,0.72769,0.72779,1.00,1.50
2016.09.26 18:06:08.945,0.72769,0.72777,1.00,1.00
2016.09.26 18:06:08.996,0.72769,0.72778,1.00,1.12
2016.09.26 18:06:09.097,0.72769,0.72778,1.00,1.50
2016.09.26 18:06:09.148,0.72769,0.72778,1.00,1.87
2016.09.26 18:06:09.395,0.72768,0.72777,1.00,1.12
2016.09.26 18:06:09.497,0.72768,0.72777,1.00,1.87
2016.09.26 18:06:09.599,0.72768,0.72777,1.00,2.62
2016.09.26 18:06:09.650,0.72767,0.72776,1.00,1.00
2016.09.26 18:06:09.752,0.72765,0.72775,1.50,1.12
2016.09.26 18:06:09.803,0.72765,0.72775,1.00,1.87
2016.09.26 18:06:09.998,0.72766,0.72775,1.00,1.12
2016.09.26 18:06:10.839,0.72768,0.72775,1.00,1.12
2016.09.26 18:06:11.958,0.72766,0.72775,1.00,1.12
2016.09.26 18:06:15.403,0.72766,0.72776,1.00,2.62
2016.09.26 18:06:20.892,0.72768,0.72776,1.00,2.62
2016.09.26 18:06:20.994,0.72768,0.72776,1.00,3.37
2016.09.26 18:06:28.768,0.72767,0.72776,1.00,3.37
2016.09.26 18:06:29.025,0.72767,0.72776,1.00,2.62
2016.09.26 18:06:29.077,0.72767,0.72776,1.00,2.25
2016.09.26 18:06:34.524,0.72767,0.72776,1.00,1.50
2016.09.26 18:06:43.423,0.72766,0.72776,1.00,1.50
2016.09.26 18:06:44.929,0.72766,0.72775,1.00,1.00
2016.09.26 18:06:45.234,0.72766,0.72775,1.00,1.50
2016.09.26 18:06:45.335,0.72765,0.72775,1.50,1.50
2016.09.26 18:06:45.732,0.72765,0.72775,1.50,1.87
2016.09.26 18:06:45.783,0.72765,0.72775,1.50,2.25
2016.09.26 18:06:46.129,0.72765,0.72775,1.50,3.00
2016.09.26 18:06:47.336,0.72766,0.72775,1.00,3.00
2016.09.26 18:06:49.128,0.72766,0.72775,1.00,1.50
2016.09.26 18:06:50.508,0.72766,0.72775,1.50,2.25
2016.09.26 18:06:50.646,0.72766,0.72774,1.00,1.00
2016.09.26 18:06:52.505,0.72765,0.72774,2.25,1.00
2016.09.26 18:06:54.806,0.72766,0.72774,1.00,1.00
2016.09.26 18:07:02.497,0.72766,0.72775,1.00,2.25
2016.09.26 18:07:02.549,0.72765,0.72775,1.50,1.50
2016.09.26 18:07:02.600,0.72765,0.72775,1.00,1.50
2016.09.26 18:07:02.702,0.72765,0.72775,1.00,2.25
2016.09.26 18:07:05.482,0.72765,0.72775,1.00,2.25
2016.09.26 18:07:05.791,0.72765,0.72775,1.00,2.25
2016.09.26 18:07:05.893,0.72765,0.72775,1.00,2.25
2016.09.26 18:07:06.249,0.72765,0.72775,1.00,2.25
2016.09.26 18:07:09.000,0.72765,0.72774,1.50,1.00
2016.09.26 18:07:09.326,0.72766,0.72774,1.00,1.00
2016.09.26 18:07:09.485,0.72765,0.72774,1.50,1.00
2016.09.26 18:07:10.608,0.72766,0.72774,1.00,1.00
2016.09.26 18:07:20.621,0.72766,0.72776,1.00,2.62
2016.09.26 18:07:21.256,0.72766,0.72776,1.00,1.87
2016.09.26 18:07:22.439,0.72767,0.72776,1.00,1.87
2016.09.26 18:07:22.541,0.72767,0.72776,1.00,1.50
2016.09.26 18:07:22.643,0.72765,0.72773,1.00,1.00
2016.09.26 18:07:22.694,0.72765,0.72773,1.00,1.00
2016.09.26 18:07:22.745,0.72764,0.72775,1.50,2.62
2016.09.26 18:07:22.924,0.72765,0.72775,1.00,1.87
2016.09.26 18:07:23.542,0.72765,0.72775,1.00,1.50
2016.09.26 18:07:23.847,0.72767,0.72775,1.00,1.50
2016.09.26 18:07:24.360,0.72767,0.72776,1.00,1.50
2016.09.26 18:07:24.720,0.72767,0.72774,1.00,1.00
2016.09.26 18:07:24.771,0.72764,0.72774,1.50,1.00
2016.09.26 18:07:24.822,0.72764,0.72774,1.50,1.00
2016.09.26 18:07:26.841,0.72764,0.72775,2.25,1.50
2016.09.26 18:07:26.892,0.72765,0.72775,1.00,1.50
2016.09.26 18:07:27.403,0.72766,0.72775,1.00,1.50
2016.09.26 18:07:28.424,0.72766,0.72775,1.00,1.00
2016.09.26 18:07:30.592,0.72766,0.72776,1.00,1.50
2016.09.26 18:07:31.454,0.72766,0.72776,1.00,2.25
2016.09.26 18:07:35.263,0.72766,0.72776,1.00,1.50
2016.09.26 18:07:35.313,0.72766,0.72776,1.50,1.00
2016.09.26 18:07:35.516,0.72766,0.72776,1.00,1.50
2016.09.26 18:07:36.569,0.72766,0.72776,1.00,2.25
2016.09.26 18:07:36.620,0.72771,0.72776,1.00,1.00
2016.09.26 18:07:36.671,0.72771,0.72777,1.50,1.00
2016.09.26 18:07:36.757,0.72771,0.72778,1.50,1.37
2016.09.26 18:07:36.808,0.72776,0.72784,1.00,1.12
2016.09.26 18:07:36.860,0.72776,0.72784,1.00,1.50
2016.09.26 18:07:36.911,0.72775,0.72784,1.50,1.50
2016.09.26 18:07:36.963,0.72776,0.72784,1.00,1.50
2016.09.26 18:07:37.015,0.72776,0.72784,1.50,1.00
2016.09.26 18:07:37.066,0.72777,0.72784,1.00,1.00
2016.09.26 18:07:37.327,0.72777,0.72784,1.00,1.00
2016.09.26 18:07:37.378,0.72778,0.72784,1.00,1.00
2016.09.26 18:07:37.583,0.72776,0.72784,1.00,1.00
2016.09.26 18:07:37.634,0.72776,0.72784,1.50,1.00
2016.09.26 18:07:37.736,0.72777,0.72784,1.00,1.00
2016.09.26 18:07:37.997,0.72777,0.72788,1.00,1.87
2016.09.26 18:07:38.579,0.72778,0.72788,1.00,1.87
2016.09.26 18:07:40.291,0.72779,0.72788,1.00,1.87
2016.09.26 18:07:40.747,0.72778,0.72788,1.00,1.87
2016.09.26 18:07:45.613,0.72777,0.72786,1.50,1.00
2016.09.26 18:07:45.770,0.72777,0.72786,1.00,1.00
2016.09.26 18:07:47.981,0.72775,0.72786,2.25,1.00
2016.09.26 18:07:48.084,0.72776,0.72786,1.00,1.00
2016.09.26 18:07:48.558,0.72777,0.72786,1.00,1.00
2016.09.26 18:07:50.786,0.72777,0.72786,1.50,1.00
2016.09.26 18:07:54.577,0.72777,0.72786,1.50,1.50
2016.09.26 18:07:57.742,0.72777,0.72786,1.00,1.50
2016.09.26 18:07:57.996,0.72777,0.72786,1.00,1.87
2016.09.26 18:07:58.149,0.72777,0.72786,1.50,1.87
2016.09.26 18:08:03.148,0.72778,0.72786,1.00,1.87
2016.09.26 18:08:03.504,0.72777,0.72786,1.50,1.87
2016.09.26 18:08:03.555,0.72777,0.72786,1.00,1.12
2016.09.26 18:08:04.013,0.72779,0.72786,1.00,1.12
2016.09.26 18:08:04.064,0.72779,0.72786,1.00,1.87
2016.09.26 18:08:04.588,0.72778,0.72786,1.00,1.87
2016.09.26 18:08:07.341,0.72777,0.72786,1.50,1.87
2016.09.26 18:08:07.796,0.72777,0.72786,1.00,1.87
2016.09.26 18:08:07.898,0.72776,0.72786,1.00,2.25
2016.09.26 18:08:07.949,0.72775,0.72786,1.50,2.62
2016.09.26 18:08:08.050,0.72776,0.72786,1.00,3.00
2016.09.26 18:08:08.152,0.72775,0.72786,1.50,3.00
2016.09.26 18:08:09.214,0.72775,0.72785,1.00,2.25
2016.09.26 18:08:09.367,0.72774,0.72785,2.25,2.25
2016.09.26 18:08:10.384,0.72774,0.72785,2.25,2.62
2016.09.26 18:08:10.606,0.72774,0.72785,2.25,1.87
2016.09.26 18:08:10.864,0.72775,0.72785,1.00,1.87
2016.09.26 18:08:10.917,0.72775,0.72785,1.00,1.37
2016.09.26 18:08:11.174,0.72776,0.72786,1.00,2.62
2016.09.26 18:08:14.325,0.72778,0.72786,1.00,1.87
2016.09.26 18:08:14.376,0.72778,0.72786,1.00,1.12
2016.09.26 18:08:14.427,0.72778,0.72786,1.00,1.00
2016.09.26 18:08:15.098,0.72778,0.72786,1.00,1.50
2016.09.26 18:08:18.730,0.72777,0.72786,1.00,1.50
2016.09.26 18:08:19.807,0.72777,0.72786,1.50,1.00
2016.09.26 18:08:23.871,0.72777,0.72786,2.25,1.00
2016.09.26 18:08:24.652,0.72777,0.72786,1.50,1.00
2016.09.26 18:08:25.473,0.72778,0.72786,1.00,1.00
2016.09.26 18:08:26.369,0.72777,0.72786,1.50,1.00
2016.09.26 18:08:26.574,0.72777,0.72786,1.00,1.00
2016.09.26 18:08:28.624,0.72776,0.72786,1.00,1.00
2016.09.26 18:08:28.675,0.72775,0.72786,2.25,1.00
2016.09.26 18:08:30.360,0.72775,0.72786,1.50,1.00
2016.09.26 18:08:30.463,0.72777,0.72786,1.00,2.25
2016.09.26 18:08:38.865,0.72775,0.72786,1.50,2.25
2016.09.26 18:08:39.068,0.72775,0.72786,1.00,2.25
2016.09.26 18:08:39.170,0.72775,0.72786,1.50,1.50
2016.09.26 18:08:39.220,0.72775,0.72787,2.25,2.62
2016.09.26 18:08:39.271,0.72776,0.72787,1.00,2.62
2016.09.26 18:08:44.678,0.72778,0.72787,1.00,2.62
2016.09.26 18:08:44.881,0.72776,0.72787,1.50,2.62
2016.09.26 18:08:44.983,0.72777,0.72787,1.00,2.62
2016.09.26 18:08:46.878,0.72777,0.72787,1.00,3.37
2016.09.26 18:08:54.704,0.72776,0.72787,1.00,3.37
2016.09.26 18:08:55.606,0.72778,0.72787,1.00,3.37
2016.09.26 18:08:55.665,0.72781,0.72787,1.00,1.12
2016.09.26 18:08:55.716,0.72783,0.7279,1.00,1.12
2016.09.26 18:08:55.771,0.72783,0.72791,1.00,1.87
2016.09.26 18:08:55.822,0.72781,0.72787,1.50,1.00
2016.09.26 18:08:55.873,0.72781,0.72787,1.00,1.00
2016.09.26 18:08:55.925,0.7278,0.72787,1.00,1.00
2016.09.26 18:08:55.976,0.7278,0.72787,1.00,1.50
2016.09.26 18:08:56.027,0.72777,0.72787,1.00,1.50
2016.09.26 18:08:56.078,0.72777,0.72785,1.00,1.00
2016.09.26 18:08:56.595,0.72776,0.72785,1.50,1.00
2016.09.26 18:08:57.211,0.72776,0.72785,1.00,1.00
2016.09.26 18:08:57.313,0.72776,0.72785,1.50,1.00
2016.09.26 18:08:59.202,0.72776,0.72785,1.00,1.00
2016.09.26 18:08:59.304,0.72776,0.72785,1.50,1.00
2016.09.26 18:09:00.041,0.72776,0.72785,1.00,1.00
2016.09.26 18:09:00.092,0.72777,0.72785,1.00,1.00
2016.09.26 18:09:00.318,0.72776,0.72785,1.50,1.00
2016.09.26 18:09:00.420,0.72777,0.72785,1.00,1.00
2016.09.26 18:09:02.679,0.72777,0.72786,1.00,1.00
2016.09.26 18:09:03.199,0.72776,0.72786,1.00,1.00
2016.09.26 18:09:04.528,0.72775,0.72786,1.50,1.00
2016.09.26 18:09:06.721,0.72775,0.72786,1.50,1.00
2016.09.26 18:09:06.773,0.72777,0.72786,1.00,1.00
2016.09.26 18:09:06.824,0.72777,0.72785,1.00,1.00
2016.09.26 18:09:11.950,0.72774,0.72785,3.37,1.00
2016.09.26 18:09:12.001,0.72774,0.72785,2.62,1.00
2016.09.26 18:09:12.103,0.72774,0.72785,2.25,1.00
2016.09.26 18:09:15.558,0.72774,0.72785,2.25,1.00
2016.09.26 18:09:18.064,0.72774,0.72785,2.25,1.00
2016.09.26 18:09:18.740,0.72774,0.72785,2.25,1.00
2016.09.26 18:09:19.578,0.72774,0.72784,1.50,1.00
2016.09.26 18:09:19.629,0.72773,0.72784,2.25,1.00
2016.09.26 18:09:19.730,0.72773,0.72784,1.50,1.50
2016.09.26 18:09:20.676,0.72773,0.7278,1.00,1.00
2016.09.26 18:09:20.726,0.72771,0.72777,2.25,1.00
2016.09.26 18:09:20.777,0.72768,0.72777,1.12,1.00
2016.09.26 18:09:20.828,0.72767,0.72777,1.00,1.50
2016.09.26 18:09:20.879,0.72767,0.72776,1.00,1.00
2016.09.26 18:09:21.033,0.72766,0.72776,1.00,1.00
2016.09.26 18:09:21.186,0.72766,0.72777,1.50,1.50
2016.09.26 18:09:21.237,0.72766,0.72777,1.50,1.87
2016.09.26 18:09:21.390,0.72767,0.72777,1.00,1.12
2016.09.26 18:09:21.441,0.72769,0.72777,1.00,1.12
2016.09.26 18:09:21.492,0.72769,0.72777,1.00,1.87
2016.09.26 18:09:21.596,0.72767,0.72776,1.50,1.00
2016.09.26 18:09:22.003,0.72767,0.72777,1.50,1.87
2016.09.26 18:09:22.055,0.72768,0.72776,1.00,1.00
2016.09.26 18:09:22.161,0.72767,0.72776,1.50,1.00
2016.09.26 18:09:22.833,0.72767,0.72776,1.00,1.00
2016.09.26 18:09:22.935,0.72765,0.72776,2.25,1.00
2016.09.26 18:09:23.835,0.72765,0.72775,2.25,1.00
2016.09.26 18:09:24.845,0.72765,0.72776,2.25,1.00
2016.09.26 18:09:28.173,0.72765,0.72774,2.25,1.00
2016.09.26 18:09:28.666,0.72765,0.72774,1.50,1.00
2016.09.26 18:09:28.768,0.72765,0.72774,2.25,1.00
2016.09.26 18:09:28.971,0.72765,0.72774,1.50,1.00
2016.09.26 18:09:30.448,0.72765,0.72774,1.00,1.00
2016.09.26 18:09:33.505,0.72765,0.72773,1.00,1.00
2016.09.26 18:09:33.659,0.72764,0.72773,1.00,1.00
2016.09.26 18:09:33.724,0.72764,0.72773,1.00,1.50
2016.09.26 18:09:33.776,0.72762,0.72772,2.25,1.00
2016.09.26 18:09:33.931,0.72762,0.72772,1.50,1.50
2016.09.26 18:09:33.983,0.7276,0.72771,3.00,1.00
2016.09.26 18:09:34.034,0.7276,0.72771,2.62,1.00
2016.09.26 18:09:34.086,0.7276,0.72769,1.87,1.00
2016.09.26 18:09:34.137,0.7276,0.72769,1.50,1.00
2016.09.26 18:09:34.289,0.72759,0.7277,1.00,1.00
2016.09.26 18:09:34.392,0.72759,0.72768,1.00,1.00
2016.09.26 18:09:34.444,0.72757,0.72768,2.25,1.00
2016.09.26 18:09:34.513,0.72757,0.72767,1.50,1.00
2016.09.26 18:09:34.565,0.72758,0.72766,1.00,1.00
2016.09.26 18:09:34.667,0.72757,0.72766,2.25,1.00
2016.09.26 18:09:34.820,0.72757,0.72766,1.50,1.00
2016.09.26 18:09:34.871,0.72757,0.72766,1.00,1.00
2016.09.26 18:09:35.791,0.72756,0.72766,1.00,1.00
2016.09.26 18:09:40.992,0.72755,0.72766,2.25,1.00
2016.09.26 18:09:44.020,0.72755,0.72766,1.50,1.50
2016.09.26 18:09:46.469,0.72756,0.72766,1.00,1.50
2016.09.26 18:09:46.571,0.72755,0.72766,1.50,1.50
2016.09.26 18:09:47.827,0.72755,0.72766,1.50,1.50
2016.09.26 18:09:48.611,0.72756,0.72766,1.00,1.50
2016.09.26 18:09:48.983,0.72756,0.72766,1.00,1.00
2016.09.26 18:09:49.084,0.72756,0.72766,1.00,1.50
2016.09.26 18:09:49.183,0.72755,0.72766,2.25,1.50
2016.09.26 18:09:50.084,0.72755,0.72766,3.00,1.00
2016.09.26 18:09:51.079,0.72756,0.72766,1.12,1.00
2016.09.26 18:09:51.667,0.72756,0.72767,1.87,1.50
2016.09.26 18:09:51.718,0.72757,0.72767,1.00,1.50
2016.09.26 18:09:57.388,0.72756,0.72766,1.12,1.00
2016.09.26 18:09:57.584,0.72756,0.72766,1.87,1.00
2016.09.26 18:09:57.736,0.72756,0.72766,1.87,1.00
2016.09.26 18:09:58.395,0.72756,0.72766,1.12,1.00
2016.09.26 18:10:04.013,0.72757,0.72766,1.00,1.00
2016.09.26 18:10:05.031,0.72757,0.72767,1.00,1.50
2016.09.26 18:10:05.777,0.72757,0.72767,1.00,1.50
2016.09.26 18:10:05.982,0.72757,0.72767,1.00,2.25
2016.09.26 18:10:06.033,0.72757,0.72766,1.00,1.00
2016.09.26 18:10:06.084,0.72757,0.72766,1.00,1.50
2016.09.26 18:10:06.135,0.72755,0.72764,1.00,1.00
2016.09.26 18:10:06.339,0.72756,0.72764,1.00,1.00
2016.09.26 18:10:06.441,0.72755,0.72764,1.00,1.00
2016.09.26 18:10:06.864,0.72755,0.72764,1.00,1.00
2016.09.26 18:10:09.835,0.72755,0.72765,1.00,1.00
2016.09.26 18:10:16.001,0.72754,0.72765,2.25,1.00
2016.09.26 18:10:16.052,0.72754,0.72765,1.00,1.50
2016.09.26 18:10:16.551,0.72754,0.72765,1.50,1.50
2016.09.26 18:10:16.602,0.72754,0.72765,1.50,1.00
2016.09.26 18:10:16.690,0.72755,0.72765,1.50,1.00
2016.09.26 18:10:16.741,0.72756,0.72765,1.00,1.00
2016.09.26 18:10:16.943,0.72755,0.72765,1.00,1.50
2016.09.26 18:10:17.755,0.72754,0.72765,1.00,1.50
2016.09.26 18:10:17.807,0.72755,0.72765,1.00,1.00
2016.09.26 18:10:17.859,0.72757,0.72765,1.00,1.00
2016.09.26 18:10:17.961,0.72757,0.72766,1.50,1.00
2016.09.26 18:10:18.012,0.72757,0.72767,1.50,2.25
2016.09.26 18:10:18.063,0.72757,0.72767,1.50,1.87
2016.09.26 18:10:18.168,0.72757,0.72767,1.50,1.50
2016.09.26 18:10:18.758,0.72757,0.72767,1.00,1.50
2016.09.26 18:10:19.056,0.72757,0.72767,1.50,1.50
2016.09.26 18:10:19.117,0.72757,0.72767,1.00,1.50
2016.09.26 18:10:19.603,0.72757,0.72767,1.50,1.00
2016.09.26 18:10:19.654,0.72757,0.72767,2.25,1.00
2016.09.26 18:10:19.705,0.72757,0.72767,2.25,1.00
2016.09.26 18:10:19.756,0.72758,0.72767,1.00,1.00
2016.09.26 18:10:19.807,0.72758,0.72767,1.50,1.00
2016.09.26 18:10:19.858,0.72758,0.72769,1.50,1.50
2016.09.26 18:10:19.960,0.72758,0.72769,1.00,1.50
2016.09.26 18:10:20.165,0.72758,0.72769,1.50,1.50
2016.09.26 18:10:20.216,0.72758,0.72769,1.50,1.00
2016.09.26 18:10:20.268,0.72759,0.72769,1.00,1.00
2016.09.26 18:10:23.919,0.72759,0.72769,1.00,1.50
2016.09.26 18:10:23.970,0.72758,0.72769,1.00,1.50
2016.09.26 18:10:24.021,0.72757,0.72768,2.25,1.00
2016.09.26 18:10:24.072,0.72756,0.72767,3.37,1.00
2016.09.26 18:10:24.174,0.72757,0.72767,1.12,1.00
2016.09.26 18:10:24.326,0.72757,0.72767,1.00,1.00
2016.09.26 18:10:24.478,0.72757,0.72767,1.75,1.50
2016.09.26 18:10:24.529,0.7276,0.72765,1.37,1.00
2016.09.26 18:10:26.629,0.7276,0.72765,1.00,1.00
2016.09.26 18:10:29.985,0.72758,0.72765,1.12,1.00
2016.09.26 18:10:30.036,0.72758,0.72765,1.37,1.00
2016.09.26 18:10:36.192,0.72758,0.72765,1.00,1.00
2016.09.26 18:10:39.011,0.72756,0.72765,3.37,1.00
2016.09.26 18:10:39.872,0.72756,0.72765,2.62,1.00
2016.09.26 18:10:39.973,0.72756,0.72765,1.87,1.00
2016.09.26 18:10:40.084,0.72758,0.72767,1.00,1.50
2016.09.26 18:10:44.488,0.72758,0.72765,1.00,1.00
2016.09.26 18:10:46.101,0.72756,0.72765,1.87,1.00
2016.09.26 18:10:46.992,0.72756,0.72765,1.37,1.00
2016.09.26 18:10:47.043,0.72755,0.72765,2.25,1.00
2016.09.26 18:10:47.159,0.72755,0.72765,1.12,1.00
2016.09.26 18:10:47.495,0.72755,0.72766,1.87,1.00
2016.09.26 18:10:47.546,0.72755,0.72766,2.62,1.00
2016.09.26 18:10:47.596,0.72756,0.72766,1.12,1.00
2016.09.26 18:10:47.647,0.72756,0.72766,1.87,1.00
2016.09.26 18:10:49.044,0.72756,0.72766,1.87,1.00
2016.09.26 18:10:49.095,0.72756,0.72764,1.37,1.00
2016.09.26 18:10:53.312,0.72756,0.72764,1.87,1.00
2016.09.26 18:10:53.667,0.72756,0.72764,1.37,1.00
2016.09.26 18:10:54.819,0.72756,0.72765,1.37,1.00
2016.09.26 18:10:54.870,0.72756,0.72765,1.87,1.00
2016.09.26 18:10:55.795,0.72757,0.72765,1.12,1.00
2016.09.26 18:10:56.169,0.72756,0.72765,1.37,1.00
2016.09.26 18:10:57.779,0.72756,0.72766,1.87,1.00
2016.09.26 18:11:05.146,0.72756,0.72766,1.37,1.00
2016.09.26 18:11:05.797,0.72756,0.72766,1.00,1.00
2016.09.26 18:11:07.155,0.72755,0.72765,1.50,1.00
2016.09.26 18:11:07.206,0.72755,0.72765,1.12,1.50
2016.09.26 18:11:07.420,0.72755,0.72764,1.12,1.00
2016.09.26 18:11:07.877,0.72755,0.72764,1.00,1.00
2016.09.26 18:11:09.193,0.72755,0.72765,1.00,1.00
2016.09.26 18:11:15.375,0.72755,0.72764,1.00,1.00
2016.09.26 18:11:15.425,0.72753,0.72763,1.37,1.00
2016.09.26 18:11:15.527,0.72751,0.72762,1.87,1.50
2016.09.26 18:11:15.578,0.72751,0.72761,1.12,1.00
2016.09.26 18:11:15.629,0.7275,0.7276,1.87,1.00
2016.09.26 18:11:15.791,0.7275,0.7276,1.12,1.00
2016.09.26 18:11:15.842,0.72749,0.7276,3.37,1.00
2016.09.26 18:11:16.203,0.7275,0.7276,1.12,1.00
2016.09.26 18:11:16.474,0.7275,0.72758,1.12,1.00
2016.09.26 18:11:16.526,0.7275,0.7276,1.12,1.50
2016.09.26 18:11:16.729,0.7275,0.72759,1.12,1.00
2016.09.26 18:11:17.051,0.72748,0.72759,1.75,1.50
2016.09.26 18:11:17.118,0.72747,0.72759,2.62,1.50
2016.09.26 18:11:17.170,0.72747,0.72758,2.62,1.00
2016.09.26 18:11:17.221,0.72748,0.72758,1.00,1.00
2016.09.26 18:11:17.323,0.72747,0.72758,2.25,1.00
2016.09.26 18:11:18.029,0.72747,0.72758,2.62,1.00
2016.09.26 18:11:18.739,0.72747,0.72758,1.87,1.50
2016.09.26 18:11:19.443,0.72748,0.72758,1.00,1.50
2016.09.26 18:11:19.596,0.72748,0.72758,1.12,1.00
2016.09.26 18:11:19.647,0.72749,0.72758,1.00,1.00
2016.09.26 18:11:20.153,0.72749,0.72758,1.00,1.00
2016.09.26 18:11:20.255,0.72749,0.72758,1.00,1.00
2016.09.26 18:11:20.670,0.72749,0.72759,1.00,1.50
2016.09.26 18:11:20.721,0.72749,0.72759,1.00,1.50
2016.09.26 18:11:20.987,0.72749,0.72759,1.00,1.00
2016.09.26 18:11:25.855,0.72749,0.72759,1.00,1.50
2016.09.26 18:11:25.906,0.72749,0.72758,1.00,1.00
2016.09.26 18:11:25.957,0.72748,0.72758,1.50,1.50
2016.09.26 18:11:28.263,0.72748,0.72758,1.12,1.50
2016.09.26 18:11:28.365,0.72748,0.72758,1.00,1.50
2016.09.26 18:11:33.131,0.72748,0.72758,1.00,1.50
2016.09.26 18:11:33.182,0.72748,0.72758,1.12,1.50
2016.09.26 18:11:37.654,0.72748,0.72758,1.87,1.50
2016.09.26 18:11:37.756,0.72749,0.72758,1.00,1.50
2016.09.26 18:11:37.858,0.72748,0.72758,1.87,1.50
2016.09.26 18:11:37.909,0.72748,0.72758,1.50,1.50
2016.09.26 18:11:38.294,0.72748,0.72758,1.50,1.00
2016.09.26 18:11:38.897,0.72749,0.72758,1.00,1.00
2016.09.26 18:11:39.905,0.72749,0.72759,1.00,1.00
2016.09.26 18:11:40.148,0.7275,0.72759,1.00,1.00
2016.09.26 18:11:40.902,0.7275,0.72759,1.00,1.50
2016.09.26 18:11:42.758,0.72748,0.72759,1.12,1.50
2016.09.26 18:11:42.809,0.72748,0.72758,1.12,1.00
2016.09.26 18:11:42.860,0.72748,0.72758,1.00,1.00
2016.09.26 18:11:43.055,0.72749,0.72758,1.00,1.00
2016.09.26 18:11:44.508,0.72749,0.72758,1.00,1.50
2016.09.26 18:11:52.379,0.72749,0.72758,1.00,2.25
2016.09.26 18:11:52.881,0.72747,0.72758,2.25,2.25
2016.09.26 18:11:52.932,0.72747,0.72758,2.25,2.25
2016.09.26 18:12:00.203,0.72748,0.72758,1.00,2.25
2016.09.26 18:12:00.306,0.72747,0.72758,2.25,2.25
2016.09.26 18:12:03.106,0.72747,0.72757,1.50,1.00
2016.09.26 18:12:03.256,0.72747,0.72757,1.87,1.00
2016.09.26 18:12:03.312,0.72748,0.72757,1.00,1.00
2016.09.26 18:12:12.682,0.72748,0.72757,1.50,1.00
2016.09.26 18:12:17.761,0.72749,0.72757,1.00,1.00
2016.09.26 18:12:19.072,0.72752,0.7276,1.00,1.00
2016.09.26 18:12:19.124,0.72754,0.72763,1.00,1.50
2016.09.26 18:12:19.176,0.72754,0.72764,2.25,1.50
2016.09.26 18:12:19.228,0.72755,0.72764,1.00,1.50
2016.09.26 18:12:19.279,0.72755,0.72764,1.00,2.25
2016.09.26 18:12:19.381,0.72755,0.72764,1.00,1.50
2016.09.26 18:12:19.649,0.72756,0.72764,1.00,1.00
2016.09.26 18:12:19.700,0.72755,0.72764,1.12,1.00
2016.09.26 18:12:19.798,0.72755,0.72764,1.50,1.00
2016.09.26 18:12:20.001,0.72755,0.72764,2.25,1.00
2016.09.26 18:12:20.102,0.72757,0.72764,1.00,1.00
2016.09.26 18:12:20.610,0.72757,0.72765,1.00,1.00
2016.09.26 18:12:20.788,0.72755,0.72766,2.25,1.00
2016.09.26 18:12:21.002,0.72756,0.72766,1.00,1.00
2016.09.26 18:12:21.104,0.72756,0.72765,1.12,1.00
2016.09.26 18:12:21.155,0.72756,0.72764,1.87,1.00
2016.09.26 18:12:21.206,0.72756,0.72764,1.37,1.50
2016.09.26 18:12:21.257,0.72756,0.72763,1.00,1.00
2016.09.26 18:12:21.359,0.72756,0.72763,1.00,1.50
2016.09.26 18:12:21.409,0.72754,0.72762,1.87,1.00
2016.09.26 18:12:21.528,0.72752,0.7276,1.12,1.00
2016.09.26 18:12:21.580,0.72752,0.7276,1.37,1.00
2016.09.26 18:12:21.732,0.72752,0.7276,1.00,1.00
2016.09.26 18:12:22.525,0.72752,0.72761,1.00,1.00
2016.09.26 18:12:27.933,0.72751,0.72761,1.50,1.00
2016.09.26 18:12:27.984,0.72751,0.72761,1.12,1.00
2016.09.26 18:12:29.532,0.7275,0.7276,2.62,1.00
2016.09.26 18:12:29.583,0.7275,0.7276,1.87,1.50
2016.09.26 18:12:29.635,0.7275,0.7276,1.50,1.50
2016.09.26 18:12:29.737,0.7275,0.7276,1.00,1.50
2016.09.26 18:12:29.980,0.7275,0.72758,1.00,1.00
2016.09.26 18:12:30.046,0.72749,0.72758,1.37,1.00
2016.09.26 18:12:30.097,0.72748,0.72758,2.25,1.00
2016.09.26 18:12:30.148,0.72749,0.72758,1.50,1.00
2016.09.26 18:12:30.200,0.72749,0.72758,1.00,1.00
2016.09.26 18:12:30.251,0.72747,0.72758,2.62,1.00
2016.09.26 18:12:30.352,0.72749,0.72758,1.00,1.00
2016.09.26 18:12:30.563,0.72749,0.72758,1.50,1.50
2016.09.26 18:12:30.614,0.72749,0.72758,1.00,1.00
2016.09.26 18:12:31.152,0.7275,0.72758,1.00,1.00
2016.09.26 18:12:35.305,0.7275,0.72759,1.00,1.00
2016.09.26 18:12:38.736,0.72749,0.72758,1.12,1.00
2016.09.26 18:12:38.837,0.72748,0.72758,2.25,1.00
2016.09.26 18:12:38.889,0.72748,0.72758,1.87,1.00
2016.09.26 18:12:39.048,0.7275,0.72759,1.00,1.50
2016.09.26 18:12:39.099,0.7275,0.72759,1.00,1.00
2016.09.26 18:12:39.201,0.72751,0.7276,1.00,1.50
2016.09.26 18:12:39.716,0.7275,0.7276,1.00,1.50
2016.09.26 18:12:40.224,0.72751,0.7276,1.00,1.50
2016.09.26 18:12:43.481,0.72751,0.72759,1.00,1.50
2016.09.26 18:12:43.532,0.7275,0.72758,1.00,1.00
2016.09.26 18:12:43.635,0.72748,0.72758,1.12,1.00
2016.09.26 18:12:43.737,0.72748,0.72757,1.12,1.00
2016.09.26 18:12:44.984,0.72748,0.72758,1.12,1.00
2016.09.26 18:12:45.342,0.72748,0.72758,1.12,2.25
2016.09.26 18:12:53.495,0.72747,0.72758,2.62,2.25
2016.09.26 18:12:53.899,0.72747,0.72758,2.25,2.25
2016.09.26 18:12:53.950,0.72747,0.72758,1.50,2.25
2016.09.26 18:12:59.467,0.72748,0.72758,1.00,2.25
2016.09.26 18:13:01.750,0.72748,0.72758,1.50,1.50
2016.09.26 18:13:01.802,0.72749,0.72758,1.00,1.50
2016.09.26 18:13:03.084,0.72748,0.72758,1.50,1.50
2016.09.26 18:13:03.237,0.72748,0.72758,1.00,2.25
2016.09.26 18:13:03.288,0.72748,0.72758,1.00,1.50
2016.09.26 18:13:03.339,0.72748,0.72758,1.00,1.00
2016.09.26 18:13:03.440,0.72748,0.72759,1.50,2.25
2016.09.26 18:13:03.491,0.72749,0.72759,1.00,2.25
2016.09.26 18:13:03.570,0.72748,0.72758,1.50,1.00
2016.09.26 18:13:03.621,0.72748,0.72758,1.00,1.50
2016.09.26 18:13:03.876,0.72748,0.72758,1.00,1.00
2016.09.26 18:13:04.986,0.72748,0.72758,1.00,1.50
2016.09.26 18:13:05.037,0.72748,0.72758,1.00,2.25
2016.09.26 18:13:05.645,0.72748,0.72758,1.00,2.25
2016.09.26 18:13:12.510,0.72748,0.72758,1.00,2.25
2016.09.26 18:13:12.913,0.72748,0.72758,1.00,2.25
2016.09.26 18:13:21.793,0.72748,0.72757,1.00,1.00
2016.09.26 18:13:32.326,0.72748,0.72758,1.00,2.25
2016.09.26 18:13:43.007,0.72748,0.72757,1.00,1.00
2016.09.26 18:13:43.136,0.72746,0.72756,1.50,1.00
2016.09.26 18:13:43.188,0.72746,0.72756,1.00,1.50
2016.09.26 18:13:43.239,0.72745,0.72756,1.00,2.25
2016.09.26 18:13:43.290,0.72746,0.72755,1.00,1.00
2016.09.26 18:13:43.341,0.72746,0.72755,1.00,1.00
2016.09.26 18:13:43.443,0.72745,0.72755,1.50,1.00
2016.09.26 18:13:43.494,0.72745,0.72755,1.00,1.50
2016.09.26 18:13:44.662,0.72746,0.72755,1.00,1.50
2016.09.26 18:13:48.820,0.72746,0.72755,1.00,2.25
2016.09.26 18:13:50.437,0.72746,0.72755,1.00,1.50
2016.09.26 18:13:51.076,0.72745,0.72755,1.00,1.50
2016.09.26 18:13:51.178,0.72745,0.72755,1.00,1.50
2016.09.26 18:13:55.245,0.72745,0.72755,1.00,2.25
2016.09.26 18:13:56.346,0.72746,0.72755,1.00,2.25
2016.09.26 18:13:56.397,0.72746,0.72755,1.00,1.50
2016.09.26 18:13:56.904,0.72747,0.72755,1.00,1.50
2016.09.26 18:13:56.955,0.72747,0.72755,1.00,1.00
2016.09.26 18:13:57.164,0.72747,0.72755,1.00,1.50
2016.09.26 18:13:57.235,0.72747,0.72754,1.00,1.00
2016.09.26 18:13:57.286,0.72745,0.72754,1.00,1.00
2016.09.26 18:13:57.591,0.72746,0.72754,1.00,1.00
2016.09.26 18:13:57.693,0.72746,0.72754,1.50,1.00
2016.09.26 18:14:03.162,0.72746,0.72755,1.50,1.50
2016.09.26 18:14:03.562,0.72747,0.72755,1.00,1.50
2016.09.26 18:14:09.658,0.72747,0.72755,1.00,2.25
2016.09.26 18:14:09.709,0.72745,0.72755,1.00,2.25
2016.09.26 18:14:09.760,0.72744,0.72753,1.87,1.00
2016.09.26 18:14:09.861,0.72744,0.72753,1.50,1.00
2016.09.26 18:14:09.963,0.72744,0.72755,1.50,2.25
2016.09.26 18:14:10.171,0.72744,0.72755,1.50,2.25
2016.09.26 18:14:10.586,0.72745,0.72755,1.00,2.25
2016.09.26 18:14:10.637,0.72745,0.72754,1.00,1.00
2016.09.26 18:14:10.688,0.72744,0.72754,1.50,1.00
2016.09.26 18:14:11.666,0.72744,0.72755,1.50,2.25
2016.09.26 18:14:12.693,0.72744,0.72754,1.50,1.00
2016.09.26 18:14:13.054,0.72744,0.72755,1.50,1.50
2016.09.26 18:14:13.105,0.72745,0.72755,1.50,1.00
2016.09.26 18:14:13.156,0.72745,0.72755,1.50,1.00
2016.09.26 18:14:13.206,0.72746,0.72755,1.00,1.00
2016.09.26 18:14:14.805,0.72747,0.72755,1.00,1.00
2016.09.26 18:14:14.877,0.72747,0.72756,1.00,1.50
2016.09.26 18:14:15.251,0.72747,0.72756,1.00,1.50
2016.09.26 18:14:15.457,0.72747,0.72756,1.00,1.50
2016.09.26 18:14:17.007,0.72747,0.72754,1.00,1.00
2016.09.26 18:14:17.109,0.72746,0.72754,1.50,1.00
2016.09.26 18:14:17.762,0.72746,0.72754,1.50,1.12
2016.09.26 18:14:20.669,0.72746,0.72755,1.50,2.25
2016.09.26 18:14:20.720,0.72748,0.72755,1.00,2.25
2016.09.26 18:14:21.132,0.72746,0.72755,1.00,2.25
2016.09.26 18:14:21.183,0.72746,0.72755,1.00,1.50
2016.09.26 18:14:21.234,0.72745,0.72755,1.50,1.50
2016.09.26 18:14:21.336,0.72745,0.72755,2.25,1.50
2016.09.26 18:14:21.387,0.72747,0.72755,1.00,1.50
2016.09.26 18:14:24.833,0.72744,0.72755,2.62,1.50
2016.09.26 18:14:25.087,0.72744,0.72755,2.62,2.25
2016.09.26 18:14:26.179,0.72744,0.72754,2.62,1.00
2016.09.26 18:14:26.231,0.72744,0.72752,1.12,1.00
2016.09.26 18:14:26.282,0.72743,0.72751,1.87,1.00
2016.09.26 18:14:26.351,0.72743,0.72751,1.12,1.00
2016.09.26 18:14:26.403,0.72742,0.72753,2.25,1.50
2016.09.26 18:14:26.455,0.72742,0.72753,1.87,2.25
2016.09.26 18:14:26.608,0.72743,0.72753,1.00,2.25
2016.09.26 18:14:26.659,0.72743,0.72753,1.00,1.50
2016.09.26 18:14:26.710,0.72743,0.72753,1.50,1.50
2016.09.26 18:14:26.761,0.72743,0.72753,1.87,1.50
2016.09.26 18:14:27.333,0.72743,0.72753,1.87,1.00
2016.09.26 18:14:27.741,0.72742,0.72749,2.62,1.00
2016.09.26 18:14:27.792,0.72742,0.72749,1.87,1.50
2016.09.26 18:14:27.844,0.7274,0.72749,2.62,1.50
2016.09.26 18:14:27.895,0.7274,0.72749,2.25,1.50
2016.09.26 18:14:27.947,0.72741,0.72749,1.00,1.50
2016.09.26 18:14:27.998,0.7274,0.72749,1.50,1.50
2016.09.26 18:14:28.112,0.72741,0.72749,1.00,1.50
2016.09.26 18:14:28.163,0.72741,0.72749,1.00,1.50
2016.09.26 18:14:28.214,0.72741,0.72749,1.00,1.00
2016.09.26 18:14:28.265,0.72741,0.72749,1.00,1.00
2016.09.26 18:14:30.042,0.72741,0.72749,1.00,1.00
2016.09.26 18:14:31.844,0.72741,0.72747,1.00,1.00
2016.09.26 18:14:31.895,0.72741,0.72745,1.00,1.00
2016.09.26 18:14:31.946,0.72738,0.72745,1.37,1.00
2016.09.26 18:14:31.997,0.72737,0.72746,2.25,1.00
2016.09.26 18:14:32.064,0.72737,0.72746,1.75,1.50
2016.09.26 18:14:32.135,0.72736,0.72746,2.62,1.50
2016.09.26 18:14:32.338,0.72736,0.72746,2.25,1.50
2016.09.26 18:14:32.389,0.72736,0.72746,1.87,1.50
2016.09.26 18:14:32.491,0.72736,0.72745,1.87,1.00
2016.09.26 18:14:32.795,0.72736,0.72746,1.87,1.50
2016.09.26 18:14:32.846,0.72737,0.72746,1.00,1.50
2016.09.26 18:14:36.782,0.72737,0.72746,1.00,1.00
2016.09.26 18:14:37.290,0.72738,0.72746,1.00,1.00
2016.09.26 18:14:38.615,0.72738,0.72746,1.00,1.00
2016.09.26 18:14:38.666,0.72738,0.72746,1.50,1.00
2016.09.26 18:14:41.266,0.72738,0.72747,1.50,1.50
2016.09.26 18:14:43.016,0.72738,0.72747,1.50,1.00
2016.09.26 18:14:43.116,0.72739,0.72749,1.12,1.50
2016.09.26 18:14:43.168,0.7274,0.72749,1.50,1.50
2016.09.26 18:14:43.219,0.72742,0.72749,1.00,1.00
2016.09.26 18:14:43.422,0.7274,0.72749,1.87,1.00
2016.09.26 18:14:43.726,0.7274,0.7275,1.12,1.50
2016.09.26 18:14:43.929,0.72741,0.7275,1.00,1.50
2016.09.26 18:14:44.239,0.72741,0.7275,1.50,1.00
2016.09.26 18:14:44.290,0.72742,0.72752,1.50,1.87
2016.09.26 18:14:44.341,0.72744,0.72752,1.00,1.50
2016.09.26 18:14:44.392,0.72744,0.72752,1.00,1.00
2016.09.26 18:14:44.443,0.72743,0.72752,1.50,1.00
2016.09.26 18:14:44.494,0.72743,0.72754,1.50,1.50
2016.09.26 18:14:44.545,0.72744,0.72754,1.00,1.50
2016.09.26 18:14:44.850,0.72744,0.72754,1.50,1.50
2016.09.26 18:14:44.900,0.72745,0.72754,1.00,1.50
2016.09.26 18:14:45.823,0.72746,0.72754,1.00,1.00
2016.09.26 18:14:45.924,0.72745,0.72754,1.50,1.00
2016.09.26 18:14:46.084,0.72745,0.72754,1.87,1.00
2016.09.26 18:14:46.236,0.72746,0.72754,1.00,1.00
2016.09.26 18:14:46.591,0.72746,0.72756,1.00,1.50
2016.09.26 18:14:46.642,0.72747,0.72756,1.50,1.50
2016.09.26 18:14:46.693,0.72747,0.72756,1.50,1.00
2016.09.26 18:14:46.744,0.72748,0.72756,1.00,1.00
2016.09.26 18:14:47.152,0.72747,0.72756,1.50,1.00
2016.09.26 18:14:49.194,0.72747,0.72756,1.00,1.50
2016.09.26 18:14:49.245,0.72746,0.72756,1.12,1.50
2016.09.26 18:14:49.411,0.72745,0.72756,2.25,1.50
2016.09.26 18:14:49.665,0.72746,0.72756,1.12,1.50
2016.09.26 18:14:50.325,0.72747,0.72756,1.00,1.50
2016.09.26 18:14:50.375,0.72748,0.72756,1.00,1.50
2016.09.26 18:14:50.427,0.72748,0.72756,1.00,1.00
2016.09.26 18:14:50.578,0.72747,0.72756,1.50,1.00
2016.09.26 18:14:50.629,0.72748,0.72756,1.00,1.00
2016.09.26 18:14:50.731,0.72748,0.72758,1.00,2.25
2016.09.26 18:14:50.833,0.72748,0.72758,1.00,1.50
2016.09.26 18:14:51.189,0.72748,0.72757,1.00,1.00
2016.09.26 18:14:51.242,0.72746,0.72757,3.00,1.00
2016.09.26 18:14:51.446,0.72747,0.72757,1.12,1.00
2016.09.26 18:14:51.566,0.72746,0.72757,3.00,1.00
2016.09.26 18:14:52.339,0.72747,0.72757,1.12,1.00
2016.09.26 18:14:55.395,0.72747,0.72757,1.12,1.50
2016.09.26 18:14:56.747,0.72746,0.72757,2.25,1.50
2016.09.26 18:14:57.629,0.72746,0.72755,2.25,1.00
2016.09.26 18:14:57.680,0.72746,0.72755,1.50,1.00
2016.09.26 18:14:57.781,0.72747,0.72755,1.00,1.00
2016.09.26 18:15:01.067,0.72746,0.72755,1.00,1.00
2016.09.26 18:15:01.242,0.72747,0.72755,1.75,1.00
2016.09.26 18:15:01.344,0.72749,0.72755,1.37,1.00
2016.09.26 18:15:02.678,0.72748,0.72755,1.12,1.00
2016.09.26 18:15:02.779,0.72748,0.72755,1.37,1.00
2016.09.26 18:15:05.436,0.72748,0.72755,1.37,1.50
2016.09.26 18:15:06.639,0.72748,0.72755,1.37,1.00
2016.09.26 18:15:06.994,0.72747,0.72755,1.12,1.00
2016.09.26 18:15:07.045,0.72747,0.72755,1.37,1.00
2016.09.26 18:15:07.388,0.72747,0.72755,1.87,1.00
2016.09.26 18:15:08.503,0.72748,0.72755,1.12,1.00
2016.09.26 18:15:09.284,0.72747,0.72755,1.37,1.00
2016.09.26 18:15:10.451,0.72747,0.72756,1.37,1.00
2016.09.26 18:15:16.986,0.72746,0.72756,2.62,1.00
2016.09.26 18:15:17.214,0.72746,0.72755,1.87,1.00
2016.09.26 18:15:18.492,0.72746,0.72755,2.62,1.00
2016.09.26 18:15:18.543,0.72746,0.72756,2.62,2.25
2016.09.26 18:15:18.594,0.72747,0.72756,1.12,2.25
2016.09.26 18:15:19.929,0.72747,0.72756,1.12,1.50
2016.09.26 18:15:21.445,0.72747,0.72756,1.12,1.00
2016.09.26 18:15:22.137,0.72748,0.72757,1.00,1.00
2016.09.26 18:15:22.290,0.72748,0.72757,1.00,1.00
2016.09.26 18:15:22.341,0.72748,0.72757,1.12,1.00
2016.09.26 18:15:23.040,0.72747,0.72757,1.87,1.00
2016.09.26 18:15:24.535,0.72748,0.72757,1.12,1.00
2016.09.26 18:15:24.739,0.72747,0.72757,1.87,1.00
2016.09.26 18:15:25.449,0.72747,0.72757,1.87,1.50
2016.09.26 18:15:33.249,0.72747,0.72757,1.50,1.50
2016.09.26 18:15:33.350,0.72747,0.72757,1.12,1.50
2016.09.26 18:15:37.917,0.72748,0.72757,1.00,1.50
2016.09.26 18:15:38.578,0.72748,0.72757,1.00,1.00
2016.09.26 18:15:38.781,0.72748,0.72757,1.00,1.50
2016.09.26 18:15:38.832,0.72747,0.72757,1.12,1.50
2016.09.26 18:15:40.623,0.72747,0.72756,1.12,1.00
2016.09.26 18:15:41.037,0.72747,0.72757,1.12,1.50
2016.09.26 18:15:41.140,0.72748,0.72757,1.00,1.50
2016.09.26 18:15:41.960,0.72747,0.72757,1.12,1.50
2016.09.26 18:15:46.267,0.72748,0.72757,1.00,1.00
2016.09.26 18:15:46.573,0.72748,0.72757,1.00,1.50
2016.09.26 18:15:46.840,0.72747,0.72756,1.12,1.00
2016.09.26 18:15:51.145,0.72747,0.72756,1.00,1.00
2016.09.26 18:15:55.869,0.72749,0.72756,1.00,1.00
2016.09.26 18:15:57.699,0.72749,0.72757,1.00,1.50
2016.09.26 18:15:57.801,0.72747,0.72757,1.00,1.50
2016.09.26 18:15:58.267,0.72747,0.72757,1.00,2.25
2016.09.26 18:15:59.303,0.72747,0.72757,1.00,1.50
2016.09.26 18:16:01.182,0.72747,0.72757,1.00,2.25
2016.09.26 18:16:04.853,0.72747,0.72755,1.00,1.00
2016.09.26 18:16:04.957,0.72746,0.72755,1.12,1.50
2016.09.26 18:16:05.008,0.72745,0.72755,1.87,1.00
2016.09.26 18:16:05.110,0.72746,0.72755,1.00,1.00
2016.09.26 18:16:05.892,0.72746,0.72756,1.50,2.62
2016.09.26 18:16:05.993,0.72747,0.72756,1.00,2.62
2016.09.26 18:16:06.393,0.72746,0.72756,1.50,2.62
2016.09.26 18:16:09.302,0.72746,0.72756,1.50,1.12
2016.09.26 18:16:10.403,0.72747,0.72756,1.00,1.12
2016.09.26 18:16:10.910,0.72747,0.72756,1.00,1.12
2016.09.26 18:16:13.421,0.72747,0.72756,1.00,1.00
2016.09.26 18:16:13.522,0.72747,0.72756,1.00,1.00
2016.09.26 18:16:15.264,0.72747,0.72757,1.00,1.00
2016.09.26 18:16:15.315,0.72749,0.72757,1.00,1.00
2016.09.26 18:16:18.536,0.72747,0.72756,1.00,1.00
2016.09.26 18:16:19.043,0.72748,0.72756,1.00,1.00
2016.09.26 18:16:20.739,0.72748,0.72757,1.00,1.50
2016.09.26 18:16:32.438,0.72748,0.72757,1.00,1.00
2016.09.26 18:16:32.971,0.72749,0.72757,1.00,1.00
2016.09.26 18:16:33.837,0.72749,0.72757,1.00,1.50
2016.09.26 18:16:33.887,0.72749,0.72757,1.00,1.00
2016.09.26 18:16:35.729,0.72749,0.72758,1.00,2.25
2016.09.26 18:16:39.838,0.72748,0.72757,1.00,1.00
2016.09.26 18:16:39.948,0.72748,0.72758,1.00,2.25
2016.09.26 18:16:40.320,0.72749,0.72757,1.00,1.00
2016.09.26 18:16:40.371,0.72748,0.72758,1.12,2.25
2016.09.26 18:16:40.422,0.72749,0.72758,1.00,2.25
2016.09.26 18:16:40.473,0.72749,0.72757,1.00,1.00
2016.09.26 18:16:40.524,0.72748,0.72757,1.12,1.00
2016.09.26 18:16:40.575,0.72748,0.72757,1.12,1.50
2016.09.26 18:16:43.429,0.72747,0.72757,1.87,1.50
2016.09.26 18:16:43.947,0.72747,0.72757,1.12,1.50
2016.09.26 18:16:45.221,0.72747,0.72757,1.12,1.00
2016.09.26 18:16:45.272,0.72749,0.72757,1.00,1.00
2016.09.26 18:16:45.374,0.72749,0.72758,1.00,2.25
2016.09.26 18:16:48.562,0.72749,0.72758,1.00,2.25
2016.09.26 18:16:49.430,0.72749,0.72758,1.00,1.50
2016.09.26 18:16:50.672,0.72749,0.72758,1.00,1.50
2016.09.26 18:16:51.617,0.72749,0.72756,1.00,1.00
2016.09.26 18:16:51.669,0.72746,0.72756,2.62,1.00
2016.09.26 18:16:52.422,0.72746,0.72756,1.87,1.00
2016.09.26 18:16:59.395,0.72747,0.72756,1.12,1.00
2016.09.26 18:17:03.997,0.72747,0.72757,1.12,1.50
2016.09.26 18:17:04.099,0.72747,0.72757,1.00,1.50
2016.09.26 18:17:16.572,0.72747,0.72757,1.00,2.25
2016.09.26 18:17:17.076,0.72746,0.72757,1.00,2.25
2016.09.26 18:17:17.698,0.72746,0.72756,1.00,1.00
2016.09.26 18:17:19.275,0.72746,0.72756,1.50,1.50
2016.09.26 18:17:20.480,0.72746,0.72756,1.50,2.25
2016.09.26 18:17:23.250,0.72746,0.72756,1.00,2.25
2016.09.26 18:17:23.301,0.72745,0.72756,1.00,2.25
2016.09.26 18:17:24.562,0.72746,0.72756,1.00,2.25
2016.09.26 18:17:25.103,0.72747,0.72756,1.00,2.25
2016.09.26 18:17:26.381,0.72747,0.72756,1.00,1.50
2016.09.26 18:17:31.867,0.72747,0.72756,1.00,1.00
2016.09.26 18:17:37.785,0.72747,0.72755,1.00,1.00
2016.09.26 18:17:57.392,0.72746,0.72755,2.25,1.00
2016.09.26 18:18:01.262,0.72747,0.72755,1.00,1.00
2016.09.26 18:18:03.110,0.72744,0.72755,1.50,1.00
2016.09.26 18:18:03.201,0.72743,0.72753,1.50,1.00
2016.09.26 18:18:03.303,0.72743,0.72753,1.00,1.00
2016.09.26 18:18:07.329,0.72745,0.72753,1.00,1.00
2016.09.26 18:18:07.482,0.72743,0.72754,2.25,1.00
2016.09.26 18:18:07.584,0.72744,0.72754,1.00,1.00
2016.09.26 18:18:07.828,0.72744,0.72755,1.00,2.25
2016.09.26 18:18:08.333,0.72745,0.72755,1.00,2.25
2016.09.26 18:18:08.736,0.72745,0.72755,1.00,2.25
2016.09.26 18:18:08.787,0.72746,0.72755,1.00,1.50
2016.09.26 18:18:08.837,0.72746,0.72755,1.00,1.00
2016.09.26 18:18:08.939,0.72746,0.72756,1.00,2.25
2016.09.26 18:18:17.965,0.72746,0.72756,1.00,2.25
2016.09.26 18:18:19.567,0.72746,0.72756,1.00,2.25
2016.09.26 18:18:21.003,0.72746,0.72756,1.00,1.50
2016.09.26 18:18:22.525,0.72748,0.72756,1.00,1.50
2016.09.26 18:18:23.227,0.72747,0.72756,1.00,1.00
2016.09.26 18:18:23.776,0.72748,0.72756,1.00,1.00
2016.09.26 18:18:25.932,0.72747,0.72756,1.00,1.00
2016.09.26 18:18:27.337,0.72746,0.72756,1.00,1.00
2016.09.26 18:18:27.541,0.72746,0.72756,1.00,1.50
2016.09.26 18:18:28.070,0.72747,0.72756,1.00,1.50
2016.09.26 18:18:36.052,0.72747,0.72756,1.00,1.00
2016.09.26 18:18:39.109,0.72747,0.72755,1.00,1.00
2016.09.26 18:18:40.864,0.72747,0.72755,1.00,1.50
2016.09.26 18:18:43.320,0.72747,0.72755,1.00,1.00
2016.09.26 18:18:46.129,0.72747,0.72755,1.00,1.50
2016.09.26 18:18:46.180,0.72747,0.72754,1.00,1.00
2016.09.26 18:18:46.332,0.72747,0.72755,1.00,1.50
2016.09.26 18:18:46.403,0.72747,0.72755,1.00,1.12
2016.09.26 18:18:46.841,0.72747,0.72755,1.00,1.00
2016.09.26 18:18:46.892,0.72746,0.72755,1.00,1.00
2016.09.26 18:18:46.943,0.72748,0.72755,1.00,1.00
2016.09.26 18:18:50.344,0.72748,0.72757,1.00,1.00
2016.09.26 18:18:50.846,0.72749,0.72757,1.00,1.00
2016.09.26 18:18:51.395,0.72748,0.72757,1.00,1.00
2016.09.26 18:18:53.370,0.72751,0.72758,1.00,1.00
2016.09.26 18:18:53.478,0.72754,0.72761,1.00,1.12
2016.09.26 18:18:53.529,0.72754,0.72761,1.00,1.00
2016.09.26 18:18:53.580,0.72756,0.72761,1.00,1.00
2016.09.26 18:18:53.631,0.72756,0.72761,1.50,1.00
2016.09.26 18:18:53.682,0.72757,0.72761,1.00,1.00
2016.09.26 18:18:54.142,0.72757,0.72767,1.00,1.00
2016.09.26 18:18:54.550,0.72757,0.72767,1.00,1.50
2016.09.26 18:18:55.295,0.72756,0.72767,1.00,1.50
2016.09.26 18:18:59.460,0.72756,0.72767,1.50,1.00
2016.09.26 18:18:59.511,0.72757,0.72767,1.00,1.00
2016.09.26 18:18:59.663,0.72756,0.72767,1.50,1.00
2016.09.26 18:19:03.164,0.72757,0.72767,1.00,1.00
2016.09.26 18:19:03.266,0.72758,0.72769,1.00,1.50
2016.09.26 18:19:03.317,0.72762,0.72769,1.00,1.00
2016.09.26 18:19:03.376,0.72764,0.72773,1.00,1.75
2016.09.26 18:19:03.427,0.72764,0.72774,1.50,1.37
2016.09.26 18:19:03.478,0.72765,0.72776,1.50,1.87
2016.09.26 18:19:03.529,0.72765,0.72776,2.25,1.00
2016.09.26 18:19:03.673,0.72768,0.72776,1.00,1.00
2016.09.26 18:19:05.424,0.72768,0.72777,1.00,1.50
2016.09.26 18:19:06.084,0.72766,0.72777,1.87,1.50
2016.09.26 18:19:06.187,0.72766,0.72777,1.12,1.50
2016.09.26 18:19:07.002,0.72767,0.72777,1.00,1.50
2016.09.26 18:19:07.788,0.72767,0.72777,1.00,1.00
2016.09.26 18:19:16.807,0.72767,0.72777,1.00,1.50
2016.09.26 18:19:16.909,0.72766,0.72777,1.12,1.50
2016.09.26 18:19:17.171,0.72766,0.72777,1.87,1.50
2016.09.26 18:19:17.509,0.72766,0.72777,1.87,1.50
2016.09.26 18:19:18.313,0.72767,0.72777,1.00,1.50
2016.09.26 18:19:18.415,0.72766,0.72777,1.87,1.50
2016.09.26 18:19:19.117,0.72766,0.72777,1.87,1.50
2016.09.26 18:19:19.372,0.72766,0.72777,1.87,1.00
2016.09.26 18:19:19.525,0.72767,0.72777,1.00,1.00
2016.09.26 18:19:20.398,0.72766,0.72777,1.87,1.00
2016.09.26 18:19:20.500,0.72766,0.72777,1.87,1.00
2016.09.26 18:19:20.551,0.72766,0.72777,1.12,1.50
2016.09.26 18:19:20.602,0.72765,0.72777,3.75,1.50
2016.09.26 18:19:20.704,0.72766,0.72777,1.12,1.50
2016.09.26 18:19:22.413,0.72767,0.72777,1.00,1.00
2016.09.26 18:19:22.921,0.72767,0.72777,1.00,1.00
2016.09.26 18:19:23.409,0.72767,0.72777,1.00,1.00
2016.09.26 18:19:23.511,0.72767,0.72778,1.00,1.50
2016.09.26 18:19:24.508,0.72767,0.72778,1.00,1.50
2016.09.26 18:19:25.320,0.72767,0.72778,1.50,1.50
2016.09.26 18:19:25.421,0.72767,0.72778,1.00,1.50
2016.09.26 18:19:25.836,0.72766,0.72778,2.62,1.50
2016.09.26 18:19:26.037,0.72765,0.72776,1.50,1.00
2016.09.26 18:19:26.088,0.72765,0.72776,1.00,1.00
2016.09.26 18:19:26.139,0.72765,0.72774,1.00,1.00
2016.09.26 18:19:26.190,0.72765,0.72774,1.00,1.50
2016.09.26 18:19:27.068,0.72763,0.72774,1.87,1.00
2016.09.26 18:19:27.155,0.72764,0.72773,1.00,1.00
2016.09.26 18:19:27.686,0.72762,0.72774,2.25,1.50
2016.09.26 18:19:27.755,0.72762,0.72773,2.25,1.00
2016.09.26 18:19:28.124,0.72762,0.72773,3.00,1.00
2016.09.26 18:19:28.916,0.72763,0.72773,1.12,1.00
2016.09.26 18:19:29.018,0.72764,0.72774,1.00,1.00
2016.09.26 18:19:29.120,0.72764,0.72774,1.00,1.00
2016.09.26 18:19:29.221,0.72764,0.72774,1.50,1.00
2016.09.26 18:19:29.994,0.72764,0.72776,2.25,2.62
2016.09.26 18:19:30.046,0.72765,0.72776,1.50,2.62
2016.09.26 18:19:30.148,0.72767,0.72776,1.00,1.87
2016.09.26 18:19:30.200,0.72767,0.72776,1.00,1.00
2016.09.26 18:19:31.518,0.72767,0.72776,1.00,1.00
2016.09.26 18:19:35.527,0.72767,0.72776,1.00,1.00
2016.09.26 18:19:38.821,0.72767,0.72777,1.00,1.50
2016.09.26 18:19:41.064,0.72765,0.72777,2.25,1.50
2016.09.26 18:19:44.565,0.72765,0.72777,2.25,1.50
2016.09.26 18:19:44.616,0.72765,0.72776,1.50,1.00
2016.09.26 18:19:44.727,0.72765,0.72775,1.00,1.00
2016.09.26 18:19:45.644,0.72764,0.72775,1.50,1.50
2016.09.26 18:19:45.725,0.72764,0.72775,1.00,1.50
2016.09.26 18:19:45.776,0.72763,0.72775,1.50,2.25
2016.09.26 18:19:45.877,0.72763,0.72774,1.00,1.00
2016.09.26 18:19:45.928,0.72762,0.72774,2.62,1.50
2016.09.26 18:19:45.979,0.72762,0.72774,1.87,1.50
2016.09.26 18:19:46.080,0.72762,0.72774,2.62,1.50
2016.09.26 18:19:46.182,0.72762,0.72773,1.87,1.00
2016.09.26 18:19:46.335,0.7276,0.72771,2.62,1.00
2016.09.26 18:19:46.386,0.7276,0.72771,3.00,1.00
2016.09.26 18:19:46.437,0.7276,0.72771,1.87,1.50
2016.09.26 18:19:46.539,0.7276,0.72771,1.12,1.50
2016.09.26 18:19:46.930,0.72762,0.72774,1.50,2.62
2016.09.26 18:19:46.981,0.72764,0.72774,1.00,1.12
2016.09.26 18:19:47.032,0.72764,0.72775,1.00,3.37
2016.09.26 18:19:47.084,0.72764,0.72775,1.50,1.12
2016.09.26 18:19:47.179,0.72764,0.72775,1.50,1.00
2016.09.26 18:19:47.281,0.72765,0.72775,1.00,1.00
2016.09.26 18:19:47.332,0.72765,0.72776,1.00,2.25
2016.09.26 18:19:47.384,0.72764,0.72776,2.25,2.25
2016.09.26 18:19:48.059,0.72762,0.72773,1.87,1.00
2016.09.26 18:19:48.161,0.72762,0.72773,1.12,1.00
2016.09.26 18:19:48.212,0.72761,0.72772,2.25,1.00
2016.09.26 18:19:48.263,0.72761,0.72772,1.12,1.50
2016.09.26 18:19:48.466,0.72762,0.72772,1.00,1.00
2016.09.26 18:19:48.574,0.72763,0.72772,1.00,1.00
2016.09.26 18:19:48.626,0.72763,0.72772,1.50,1.00
2016.09.26 18:19:48.677,0.72763,0.72772,1.00,1.00
2016.09.26 18:19:48.779,0.72764,0.72772,1.00,1.00
2016.09.26 18:19:48.933,0.72764,0.72774,1.00,1.00
2016.09.26 18:19:49.339,0.72764,0.72776,2.25,2.62
2016.09.26 18:19:49.390,0.72765,0.72776,1.00,1.87
2016.09.26 18:19:49.540,0.72765,0.72776,1.50,1.50
2016.09.26 18:19:49.591,0.72766,0.72776,1.00,1.50
2016.09.26 18:19:50.545,0.72765,0.72776,1.50,1.50
2016.09.26 18:19:50.647,0.72765,0.72776,1.00,1.50
2016.09.26 18:19:56.961,0.72765,0.72776,1.50,1.50
2016.09.26 18:20:00.069,0.72765,0.72776,1.00,1.50
2016.09.26 18:20:00.790,0.72765,0.72776,1.00,1.00
2016.09.26 18:20:00.891,0.72765,0.72776,1.50,1.00
2016.09.26 18:20:01.371,0.72766,0.72776,1.00,1.00
2016.09.26 18:20:01.473,0.72765,0.72776,1.50,1.00
2016.09.26 18:20:02.348,0.72765,0.72775,1.50,1.00
2016.09.26 18:20:02.400,0.72765,0.72775,1.00,1.00
2016.09.26 18:20:02.989,0.72764,0.72774,1.00,1.00
2016.09.26 18:20:03.041,0.72762,0.72773,2.62,1.00
2016.09.26 18:20:03.093,0.72762,0.72772,1.00,1.00
2016.09.26 18:20:03.174,0.72762,0.72771,1.00,1.00
2016.09.26 18:20:03.225,0.72761,0.72771,1.00,1.50
2016.09.26 18:20:03.276,0.7276,0.7277,1.12,1.00
2016.09.26 18:20:03.379,0.7276,0.7277,1.00,1.00
2016.09.26 18:20:03.784,0.7276,0.7277,1.00,1.50
2016.09.26 18:20:03.835,0.72759,0.7277,1.00,1.50
2016.09.26 18:20:03.937,0.72759,0.7277,1.00,1.50
2016.09.26 18:20:06.322,0.72758,0.7277,3.00,1.50
2016.09.26 18:20:06.374,0.72758,0.72768,1.50,1.00
2016.09.26 18:20:06.476,0.72756,0.72768,2.25,1.50
2016.09.26 18:20:06.529,0.72756,0.72768,2.25,1.50
2016.09.26 18:20:06.697,0.72756,0.72767,1.50,1.00
2016.09.26 18:20:06.748,0.72756,0.72766,1.00,1.00
2016.09.26 18:20:06.850,0.72755,0.72766,1.50,1.00
2016.09.26 18:20:07.002,0.72755,0.72766,1.50,1.50
2016.09.26 18:20:07.053,0.72755,0.72766,1.50,1.50
2016.09.26 18:20:07.332,0.72755,0.72766,1.50,1.50
2016.09.26 18:20:08.443,0.72756,0.72766,1.00,1.50
2016.09.26 18:20:08.598,0.72755,0.72766,1.00,1.50
2016.09.26 18:20:10.096,0.72754,0.72766,2.62,2.25
2016.09.26 18:20:10.199,0.72754,0.72764,2.62,1.00
2016.09.26 18:20:10.250,0.72754,0.72764,1.87,1.00
2016.09.26 18:20:10.353,0.72754,0.72764,1.12,1.00
2016.09.26 18:20:10.455,0.72754,0.72764,1.00,1.00
2016.09.26 18:20:10.669,0.72754,0.72764,1.50,1.00
2016.09.26 18:20:10.923,0.72754,0.72764,1.87,1.00
2016.09.26 18:20:10.974,0.72754,0.72764,2.62,1.00
2016.09.26 18:20:11.380,0.72754,0.72764,3.37,1.00
2016.09.26 18:20:11.664,0.72755,0.72764,1.12,1.00
2016.09.26 18:20:12.436,0.72755,0.72766,1.12,2.25
2016.09.26 18:20:12.746,0.72755,0.72763,1.12,1.00
2016.09.26 18:20:13.747,0.72756,0.72763,1.00,1.00
2016.09.26 18:20:14.458,0.72757,0.72763,1.00,1.00
2016.09.26 18:20:15.001,0.72756,0.72763,1.00,1.00
2016.09.26 18:20:16.324,0.72756,0.72764,1.00,1.00
2016.09.26 18:20:16.477,0.72755,0.72764,1.12,1.00
2016.09.26 18:20:16.730,0.72755,0.72766,1.12,1.50
2016.09.26 18:20:19.530,0.72755,0.72766,1.12,1.50
2016.09.26 18:20:20.415,0.72755,0.72766,1.12,2.25
2016.09.26 18:20:21.612,0.72755,0.72766,1.87,2.25
2016.09.26 18:20:22.277,0.72755,0.72766,1.87,2.25
2016.09.26 18:20:22.580,0.72755,0.72766,1.87,2.25
2016.09.26 18:20:23.173,0.72755,0.72766,1.87,2.25
2016.09.26 18:20:23.275,0.72755,0.72766,1.12,2.25
2016.09.26 18:20:23.869,0.72755,0.72766,1.12,2.25
2016.09.26 18:20:24.160,0.72754,0.72765,2.62,1.00
2016.09.26 18:20:24.231,0.72754,0.72765,2.25,1.00
2016.09.26 18:20:24.282,0.72754,0.72763,1.87,1.00
2016.09.26 18:20:24.486,0.72753,0.7276,1.50,1.00
2016.09.26 18:20:24.537,0.72753,0.72758,1.50,1.00
2016.09.26 18:20:24.589,0.7275,0.72758,1.75,1.50
2016.09.26 18:20:24.640,0.7275,0.72757,1.00,1.50
2016.09.26 18:20:24.691,0.7275,0.72757,1.00,2.25
2016.09.26 18:20:24.742,0.72746,0.72757,1.00,2.25
2016.09.26 18:20:24.877,0.72746,0.72755,1.00,1.00
2016.09.26 18:20:25.436,0.72746,0.72756,1.00,1.50
2016.09.26 18:20:25.774,0.72746,0.72756,1.50,1.00
2016.09.26 18:20:25.825,0.72747,0.72756,1.00,1.00
2016.09.26 18:20:25.876,0.72746,0.72756,1.00,1.50
2016.09.26 18:20:25.927,0.72746,0.72754,1.00,1.00
2016.09.26 18:20:26.081,0.72745,0.72754,1.87,1.00
2016.09.26 18:20:26.133,0.72745,0.72756,1.87,2.25
2016.09.26 18:20:26.337,0.72745,0.72755,1.12,1.00
2016.09.26 18:20:28.325,0.72745,0.72756,1.12,1.50
2016.09.26 18:20:28.941,0.72745,0.72756,1.12,2.25
2016.09.26 18:20:29.144,0.72745,0.72755,1.12,1.00
2016.09.26 18:20:29.195,0.72744,0.72755,3.37,1.00
2016.09.26 18:20:29.606,0.72744,0.72755,3.00,1.00
2016.09.26 18:20:29.707,0.72744,0.72755,2.62,1.00
2016.09.26 18:20:30.481,0.72745,0.72755,1.00,1.00
2016.09.26 18:20:30.583,0.72744,0.72755,2.62,1.00
2016.09.26 18:20:32.485,0.72745,0.72755,1.00,1.00
2016.09.26 18:20:32.587,0.72744,0.72755,2.62,1.00
2016.09.26 18:20:33.149,0.72744,0.72754,2.62,1.00
2016.09.26 18:20:33.455,0.72744,0.72753,1.87,1.00
2016.09.26 18:20:34.801,0.72744,0.72753,2.62,1.00
2016.09.26 18:20:35.562,0.72745,0.72753,1.00,1.00
2016.09.26 18:20:36.400,0.72746,0.72753,1.00,1.00
2016.09.26 18:20:36.925,0.72746,0.72754,1.00,1.00
2016.09.26 18:20:37.078,0.72746,0.72754,1.12,1.00
2016.09.26 18:20:39.448,0.72746,0.72755,1.12,1.50
2016.09.26 18:20:41.722,0.72746,0.72755,1.12,1.00
2016.09.26 18:20:41.774,0.72746,0.72756,1.12,2.25
2016.09.26 18:20:41.825,0.72746,0.72756,1.87,1.50
2016.09.26 18:20:41.877,0.72747,0.72756,1.50,1.00
2016.09.26 18:20:41.950,0.72747,0.72758,1.50,2.25
2016.09.26 18:20:42.006,0.72749,0.72758,1.00,1.50
2016.09.26 18:20:42.059,0.72749,0.72758,1.00,1.50
2016.09.26 18:20:42.110,0.72749,0.72758,1.00,2.25
2016.09.26 18:20:42.844,0.72748,0.72758,1.00,1.50
2016.09.26 18:20:42.900,0.72748,0.72758,1.00,2.25
2016.09.26 18:20:42.957,0.72748,0.72757,1.00,1.50
2016.09.26 18:20:43.008,0.72748,0.72757,1.00,2.25
2016.09.26 18:20:43.059,0.72747,0.72757,1.37,2.25
2016.09.26 18:20:43.110,0.72747,0.72756,1.00,1.00
2016.09.26 18:20:43.262,0.72746,0.72756,1.50,1.00
2016.09.26 18:20:43.313,0.72746,0.72756,1.12,1.50
2016.09.26 18:20:46.979,0.72746,0.72756,1.12,2.25
2016.09.26 18:20:47.080,0.72746,0.72756,1.00,2.25
2016.09.26 18:20:47.383,0.72745,0.72756,1.50,2.25
2016.09.26 18:20:48.612,0.72745,0.72756,1.50,2.25
2016.09.26 18:20:48.663,0.72745,0.72756,1.50,3.00
2016.09.26 18:20:49.164,0.72745,0.72756,1.50,2.25
2016.09.26 18:20:50.899,0.72745,0.72756,1.50,1.50
2016.09.26 18:20:52.520,0.72747,0.72756,1.00,1.50
2016.09.26 18:20:52.571,0.72747,0.72756,1.00,1.00
2016.09.26 18:20:52.622,0.72747,0.72758,1.50,1.50
2016.09.26 18:20:52.724,0.72748,0.72758,1.00,1.50
2016.09.26 18:20:52.775,0.72748,0.72758,1.00,1.00
2016.09.26 18:20:53.094,0.72748,0.72758,1.50,1.50
2016.09.26 18:20:53.145,0.72748,0.72757,1.00,1.00
2016.09.26 18:20:53.195,0.72746,0.72757,3.75,1.00
2016.09.26 18:20:53.246,0.72746,0.72755,2.62,1.00
2016.09.26 18:20:53.298,0.72746,0.72755,1.87,1.00
2016.09.26 18:20:53.349,0.72746,0.72755,1.50,1.00
2016.09.26 18:20:54.118,0.72746,0.72757,1.00,2.25
2016.09.26 18:20:54.220,0.72746,0.72756,1.00,1.00
2016.09.26 18:20:54.423,0.72746,0.72756,1.50,1.00
2016.09.26 18:20:54.525,0.72746,0.72756,1.00,1.00
2016.09.26 18:20:57.604,0.72746,0.72756,1.50,1.00
2016.09.26 18:20:59.380,0.72746,0.72757,1.50,1.50
2016.09.26 18:20:59.431,0.72747,0.72757,1.00,1.50
2016.09.26 18:20:59.482,0.72747,0.72757,1.00,2.25
2016.09.26 18:20:59.878,0.72747,0.72757,1.50,1.50
2016.09.26 18:20:59.929,0.72748,0.72757,1.00,1.00
2016.09.26 18:20:59.980,0.72748,0.72757,1.50,1.00
2016.09.26 18:21:00.031,0.72749,0.72757,1.00,1.00
2016.09.26 18:21:00.082,0.72749,0.72758,1.00,1.50
2016.09.26 18:21:00.235,0.72749,0.72759,1.50,1.50
2016.09.26 18:21:00.499,0.72749,0.72759,1.00,1.50
2016.09.26 18:21:01.210,0.72748,0.72759,1.50,1.50
2016.09.26 18:21:02.113,0.72747,0.72756,1.50,1.00
2016.09.26 18:21:02.220,0.72745,0.72756,3.00,1.00
2016.09.26 18:21:03.254,0.72745,0.72755,3.00,1.00
2016.09.26 18:21:03.558,0.72745,0.72755,3.00,1.00
2016.09.26 18:21:03.812,0.72747,0.72755,1.00,1.00
2016.09.26 18:21:04.414,0.72746,0.72755,1.12,1.00
2016.09.26 18:21:06.769,0.72746,0.72755,1.12,1.00
2016.09.26 18:21:06.973,0.72746,0.72755,1.12,1.00
2016.09.26 18:21:10.378,0.72746,0.72755,1.12,1.00
2016.09.26 18:21:10.581,0.72746,0.72755,1.12,1.00
2016.09.26 18:21:10.951,0.72746,0.72755,1.87,1.00
2016.09.26 18:21:11.003,0.72746,0.72755,1.50,1.00
2016.09.26 18:21:11.054,0.72746,0.72755,1.00,1.00
2016.09.26 18:21:15.579,0.72746,0.72755,1.50,1.00
2016.09.26 18:21:15.630,0.72748,0.72757,1.00,2.25
2016.09.26 18:21:16.690,0.72748,0.72757,1.00,1.50
2016.09.26 18:21:16.944,0.72748,0.72756,1.00,1.00
2016.09.26 18:21:16.994,0.72748,0.72757,1.00,1.50
2016.09.26 18:21:17.188,0.72747,0.72757,1.50,1.50
2016.09.26 18:21:19.444,0.72746,0.72757,1.87,1.50
2016.09.26 18:21:19.495,0.72746,0.72757,1.87,2.25
2016.09.26 18:21:19.547,0.72747,0.72757,1.00,1.50
2016.09.26 18:21:19.648,0.72747,0.72757,1.50,1.50
2016.09.26 18:21:19.750,0.7275,0.72757,1.00,1.00
2016.09.26 18:21:19.903,0.7275,0.72759,1.00,1.00
2016.09.26 18:21:20.107,0.72751,0.72759,1.00,1.00
2016.09.26 18:21:20.543,0.7275,0.72759,1.00,1.00
2016.09.26 18:21:20.641,0.72749,0.72759,2.62,1.00
2016.09.26 18:21:26.370,0.72749,0.72758,1.87,1.00
2016.09.26 18:21:28.664,0.72749,0.72758,1.12,1.00
2016.09.26 18:21:29.983,0.72749,0.72757,1.12,1.00
2016.09.26 18:21:30.186,0.72747,0.72756,2.25,1.00
2016.09.26 18:21:30.237,0.72747,0.72756,1.50,1.00
2016.09.26 18:21:30.287,0.72746,0.72756,3.37,1.00
2016.09.26 18:21:30.339,0.72746,0.72756,2.62,1.00
2016.09.26 18:21:30.390,0.72746,0.72756,1.87,1.00
2016.09.26 18:21:30.873,0.72746,0.72756,1.12,1.00
2016.09.26 18:21:31.471,0.72746,0.72755,1.12,1.00
2016.09.26 18:21:31.877,0.72747,0.72755,1.00,1.00
2016.09.26 18:21:32.283,0.72746,0.72755,1.12,1.00
2016.09.26 18:21:33.982,0.72747,0.72755,1.00,1.00
2016.09.26 18:21:34.529,0.72748,0.72755,1.00,1.00
2016.09.26 18:21:41.801,0.72748,0.72756,1.00,1.00
2016.09.26 18:21:42.258,0.72747,0.72756,1.50,1.00
2016.09.26 18:21:43.207,0.72748,0.72756,1.00,1.00
2016.09.26 18:21:43.558,0.7275,0.72756,1.00,1.00
2016.09.26 18:21:43.660,0.72748,0.72756,1.50,1.00
2016.09.26 18:21:44.210,0.72748,0.72757,1.50,1.00
2016.09.26 18:21:49.989,0.72753,0.7276,1.00,1.50
2016.09.26 18:21:50.040,0.72753,0.7276,1.00,1.50
2016.09.26 18:21:50.091,0.72755,0.7276,1.00,1.00
2016.09.26 18:21:50.195,0.72756,0.72763,1.00,1.50
2016.09.26 18:21:50.246,0.72756,0.72763,1.00,1.00
2016.09.26 18:21:51.316,0.72755,0.72763,1.50,1.00
2016.09.26 18:21:55.796,0.72756,0.72763,1.00,1.00
2016.09.26 18:21:55.898,0.72755,0.72763,1.50,1.00
2016.09.26 18:22:00.108,0.72755,0.72764,1.50,1.00
2016.09.26 18:22:00.159,0.72755,0.72764,1.50,1.00
2016.09.26 18:22:00.822,0.72755,0.72764,1.00,1.00
2016.09.26 18:22:05.334,0.72755,0.72764,1.50,1.00
2016.09.26 18:22:05.385,0.72756,0.72764,1.00,1.00
2016.09.26 18:22:09.333,0.72755,0.72764,1.00,1.00
2016.09.26 18:22:11.221,0.72755,0.72764,1.50,1.00
2016.09.26 18:22:16.157,0.72757,0.72764,1.00,1.00
2016.09.26 18:22:19.902,0.72757,0.72767,1.50,1.50
2016.09.26 18:22:19.953,0.72762,0.72767,1.00,1.00
2016.09.26 18:22:20.068,0.72764,0.72769,1.50,1.00
2016.09.26 18:22:20.119,0.72765,0.72772,1.00,1.00
2016.09.26 18:22:20.221,0.72764,0.72772,1.50,1.00
2016.09.26 18:22:20.272,0.72764,0.72772,1.50,1.00
2016.09.26 18:22:20.322,0.72764,0.72772,1.00,1.00
2016.09.26 18:22:20.374,0.72764,0.72772,1.00,1.00
2016.09.26 18:22:21.443,0.72763,0.72772,1.00,1.00
2016.09.26 18:22:25.743,0.72763,0.72771,1.00,1.00
2016.09.26 18:22:27.376,0.72763,0.72771,1.00,1.00
2016.09.26 18:22:27.427,0.72765,0.72771,1.00,1.00
2016.09.26 18:22:27.528,0.72765,0.72773,1.00,1.00
2016.09.26 18:22:34.243,0.72764,0.72773,1.50,1.00
2016.09.26 18:22:36.064,0.72766,0.72773,1.00,1.00
2016.09.26 18:22:36.550,0.72764,0.72773,1.50,1.00
2016.09.26 18:22:36.651,0.72765,0.72773,1.00,1.00
2016.09.26 18:22:37.853,0.72764,0.72773,1.50,1.00
2016.09.26 18:22:37.904,0.72764,0.72773,1.50,1.00
2016.09.26 18:22:44.126,0.72764,0.72773,1.50,1.12
2016.09.26 18:22:44.738,0.72764,0.72771,1.50,1.00
2016.09.26 18:22:44.789,0.72764,0.72771,1.00,1.00
2016.09.26 18:22:44.892,0.72762,0.72771,1.50,1.00
2016.09.26 18:22:44.943,0.72763,0.72771,1.00,1.00
2016.09.26 18:22:45.525,0.72764,0.72771,1.00,1.00
2016.09.26 18:22:49.088,0.72766,0.72771,1.00,1.00
2016.09.26 18:22:49.190,0.72763,0.72771,1.00,1.00
2016.09.26 18:22:49.494,0.72765,0.72771,1.00,1.00
2016.09.26 18:22:50.043,0.72764,0.72771,1.00,1.00
2016.09.26 18:22:50.221,0.72765,0.72771,1.00,1.00
2016.09.26 18:22:50.592,0.72764,0.72771,1.00,1.00
2016.09.26 18:22:53.053,0.72765,0.72771,1.00,1.00
2016.09.26 18:22:53.399,0.72764,0.72771,1.00,1.00
2016.09.26 18:22:53.754,0.72763,0.72771,1.50,1.00
2016.09.26 18:22:54.160,0.72765,0.72771,1.00,1.00
2016.09.26 18:22:54.569,0.72763,0.72771,1.50,1.00
2016.09.26 18:22:55.105,0.72764,0.72771,1.00,1.00
2016.09.26 18:22:55.405,0.72765,0.72771,1.00,1.00
2016.09.26 18:22:55.455,0.72765,0.72771,1.00,1.00
2016.09.26 18:22:55.961,0.72764,0.72771,1.00,1.00
2016.09.26 18:22:56.769,0.72763,0.72771,1.00,1.00
2016.09.26 18:22:57.358,0.72765,0.72771,1.00,1.00
2016.09.26 18:22:57.460,0.72765,0.72771,1.00,1.00
2016.09.26 18:22:59.364,0.72765,0.72772,1.00,1.00
2016.09.26 18:23:05.376,0.72766,0.72773,1.00,1.00
2016.09.26 18:23:05.884,0.72766,0.72772,1.00,1.00
2016.09.26 18:23:09.287,0.72764,0.72772,1.87,1.00
2016.09.26 18:23:09.394,0.72765,0.72772,1.00,1.00
2016.09.26 18:23:09.496,0.72763,0.72771,1.50,1.00
2016.09.26 18:23:09.598,0.72763,0.72771,1.00,1.00
2016.09.26 18:23:09.837,0.72763,0.72771,1.00,1.00
2016.09.26 18:23:09.989,0.72766,0.72771,1.00,1.00
2016.09.26 18:23:12.192,0.72764,0.72771,1.50,1.00
2016.09.26 18:23:12.243,0.72764,0.72771,1.50,1.00
2016.09.26 18:23:13.396,0.72764,0.72771,1.00,1.00
2016.09.26 18:23:17.406,0.72765,0.72771,1.00,1.00
2016.09.26 18:23:18.458,0.72765,0.72769,1.00,1.00
2016.09.26 18:23:18.565,0.72761,0.72769,1.57,1.00
2016.09.26 18:23:18.616,0.7276,0.72767,1.87,1.00
2016.09.26 18:23:18.668,0.7276,0.72767,1.00,1.00
2016.09.26 18:23:18.720,0.72758,0.72766,1.12,1.00
2016.09.26 18:23:18.772,0.72758,0.72765,1.00,1.00
2016.09.26 18:23:18.823,0.72757,0.72765,1.12,1.00
2016.09.26 18:23:18.875,0.72757,0.72765,1.00,1.00
2016.09.26 18:23:19.029,0.72757,0.72765,1.50,1.00
2016.09.26 18:23:19.142,0.72757,0.72765,1.00,1.00
2016.09.26 18:23:19.194,0.72756,0.72765,1.00,1.00
2016.09.26 18:23:19.704,0.72757,0.72765,1.00,1.00
2016.09.26 18:23:20.212,0.72757,0.72764,1.00,1.00
2016.09.26 18:23:20.754,0.72756,0.72764,1.00,1.00
2016.09.26 18:23:22.523,0.72755,0.72764,1.00,1.00
2016.09.26 18:23:22.675,0.72755,0.72764,1.00,1.00
2016.09.26 18:23:23.673,0.72755,0.72764,1.00,1.00
2016.09.26 18:23:25.096,0.72756,0.72764,1.00,1.00
2016.09.26 18:23:25.628,0.72755,0.72764,1.00,1.00
2016.09.26 18:23:26.529,0.72756,0.72764,1.00,1.00
2016.09.26 18:23:27.050,0.72755,0.72764,1.00,1.00
2016.09.26 18:23:27.631,0.72756,0.72764,1.00,1.00
2016.09.26 18:23:31.445,0.72756,0.72765,1.00,1.00
2016.09.26 18:23:32.021,0.72757,0.72764,1.00,1.00
2016.09.26 18:23:32.124,0.72755,0.72764,1.00,1.00
2016.09.26 18:23:33.425,0.72757,0.72764,1.00,1.00
2016.09.26 18:23:36.556,0.72755,0.72764,1.00,1.00
2016.09.26 18:23:39.115,0.72755,0.72764,1.00,1.00
2016.09.26 18:23:39.166,0.72756,0.72764,1.00,1.00
2016.09.26 18:23:42.532,0.72758,0.72763,1.00,1.00
2016.09.26 18:23:43.041,0.72757,0.72764,1.00,1.00
2016.09.26 18:23:57.266,0.72756,0.72764,1.00,1.00
2016.09.26 18:24:03.281,0.72757,0.72765,1.00,1.00
2016.09.26 18:24:04.515,0.72757,0.72764,1.00,1.00
2016.09.26 18:24:05.755,0.72758,0.72764,1.00,1.00
2016.09.26 18:24:08.225,0.72758,0.72765,1.00,1.00
2016.09.26 18:24:08.581,0.7276,0.72765,1.00,1.00
2016.09.26 18:24:08.885,0.72756,0.72764,1.50,1.00
2016.09.26 18:24:09.191,0.72757,0.72764,1.00,1.00
2016.09.26 18:24:13.982,0.72757,0.72765,1.00,1.00
2016.09.26 18:24:15.183,0.72756,0.72765,2.25,1.00
2016.09.26 18:24:19.576,0.72757,0.72765,1.00,1.00
2016.09.26 18:24:19.627,0.72757,0.72766,1.00,1.00
2016.09.26 18:24:19.779,0.72759,0.72767,1.00,1.00
2016.09.26 18:24:20.521,0.72757,0.72767,1.00,1.00
2016.09.26 18:24:27.512,0.72757,0.72766,1.00,1.00
2016.09.26 18:24:34.832,0.72756,0.72766,1.50,1.00
2016.09.26 18:24:34.883,0.72756,0.72766,1.50,1.50
2016.09.26 18:24:34.936,0.72756,0.72766,1.00,1.50
2016.09.26 18:24:35.037,0.72756,0.72764,1.00,1.00
2016.09.26 18:24:35.088,0.72754,0.72763,1.50,1.00
2016.09.26 18:24:35.175,0.72752,0.72761,2.25,1.00
2016.09.26 18:24:35.230,0.72752,0.72761,1.00,1.00
2016.09.26 18:24:35.283,0.72752,0.72761,1.00,1.00
2016.09.26 18:24:35.438,0.72751,0.72762,1.50,1.00
2016.09.26 18:24:35.541,0.72751,0.72762,1.00,1.00
2016.09.26 18:24:35.592,0.72751,0.72762,1.00,1.00
2016.09.26 18:24:35.643,0.72751,0.72762,1.50,1.00
2016.09.26 18:24:36.256,0.72751,0.72762,1.50,1.00
2016.09.26 18:24:36.308,0.72751,0.72761,1.00,1.00
2016.09.26 18:24:36.563,0.72751,0.72761,1.00,1.00
2016.09.26 18:24:36.664,0.72751,0.72761,1.00,1.00
2016.09.26 18:24:36.818,0.72752,0.72761,1.00,1.50
2016.09.26 18:24:36.942,0.72751,0.72761,1.00,1.50
2016.09.26 18:24:37.865,0.72751,0.72761,1.50,1.00
2016.09.26 18:24:38.526,0.72752,0.72761,1.00,1.00
2016.09.26 18:24:39.102,0.72752,0.72758,1.00,1.00
2016.09.26 18:24:39.153,0.72748,0.72755,1.87,1.00
2016.09.26 18:24:39.204,0.72744,0.72749,1.87,1.00
2016.09.26 18:24:39.255,0.72742,0.72746,2.25,1.00
2016.09.26 18:24:39.307,0.72736,0.72745,2.62,1.50
2016.09.26 18:24:39.358,0.72736,0.7274,1.87,1.00
2016.09.26 18:24:39.410,0.72734,0.7274,1.50,1.00
2016.09.26 18:24:39.463,0.72734,0.72742,1.50,1.75
2016.09.26 18:24:39.514,0.72731,0.7274,1.00,1.37
2016.09.26 18:24:39.635,0.72733,0.72738,1.00,1.00
2016.09.26 18:24:39.787,0.72734,0.72741,1.00,1.12
2016.09.26 18:24:39.838,0.72735,0.72741,1.00,1.37
2016.09.26 18:24:40.244,0.72735,0.72742,1.00,1.87
2016.09.26 18:24:40.670,0.72735,0.72742,1.00,1.75
2016.09.26 18:24:40.720,0.72735,0.72742,1.00,1.12
2016.09.26 18:24:41.126,0.72735,0.72743,1.00,1.37
2016.09.26 18:24:41.805,0.72735,0.72744,1.00,1.87
2016.09.26 18:24:42.746,0.72735,0.72742,1.00,1.12
2016.09.26 18:24:42.848,0.72732,0.72738,1.00,1.00
2016.09.26 18:24:42.899,0.72732,0.72738,1.00,1.00
2016.09.26 18:24:42.950,0.72734,0.72742,1.00,1.50
2016.09.26 18:24:43.052,0.72734,0.72742,1.00,1.00
2016.09.26 18:24:43.321,0.72735,0.72742,1.00,1.00
2016.09.26 18:24:43.474,0.72735,0.72742,1.00,1.00
2016.09.26 18:24:43.626,0.72735,0.72743,1.00,1.12
2016.09.26 18:24:43.830,0.72735,0.72742,1.00,1.00
2016.09.26 18:24:44.283,0.72735,0.72742,1.00,1.00
2016.09.26 18:24:44.600,0.72735,0.72742,1.00,1.00
2016.09.26 18:24:44.905,0.72735,0.72742,1.00,1.00
2016.09.26 18:24:45.020,0.72735,0.72744,1.00,1.12
2016.09.26 18:24:46.289,0.72735,0.72744,1.00,1.87
2016.09.26 18:24:46.361,0.72735,0.72743,1.00,1.00
2016.09.26 18:24:47.020,0.72734,0.72743,1.00,1.00
2016.09.26 18:24:47.123,0.72738,0.72743,1.00,1.00
2016.09.26 18:24:47.192,0.72738,0.72748,1.00,1.87
2016.09.26 18:24:47.727,0.72737,0.72748,1.00,2.62
2016.09.26 18:24:47.829,0.72738,0.72746,1.00,1.00
2016.09.26 18:24:47.931,0.72736,0.72746,1.00,1.00
2016.09.26 18:24:47.982,0.72736,0.72746,1.00,1.12
2016.09.26 18:24:48.083,0.72736,0.72745,1.00,1.37
2016.09.26 18:24:48.819,0.72737,0.72745,1.00,1.37
2016.09.26 18:24:48.920,0.72735,0.72745,1.00,1.37
2016.09.26 18:24:49.022,0.72735,0.72745,1.00,1.37
2016.09.26 18:24:49.073,0.72735,0.72745,1.00,1.12
2016.09.26 18:24:49.598,0.72736,0.72745,1.00,1.12
2016.09.26 18:24:53.102,0.72736,0.72746,1.00,2.62
2016.09.26 18:24:53.356,0.72736,0.72745,1.00,1.12
2016.09.26 18:24:53.902,0.72737,0.72745,1.00,1.12
2016.09.26 18:24:54.157,0.72737,0.72746,1.00,2.62
2016.09.26 18:24:54.208,0.72737,0.72746,1.50,2.62
2016.09.26 18:24:54.304,0.72738,0.72746,1.00,1.87
2016.09.26 18:24:54.355,0.72737,0.72746,1.00,1.12
2016.09.26 18:24:56.603,0.72737,0.72747,1.00,2.62
2016.09.26 18:24:56.958,0.72737,0.72746,1.00,1.12
2016.09.26 18:24:57.855,0.72737,0.72747,1.00,2.62
2016.09.26 18:24:57.906,0.72737,0.72746,1.00,1.12
2016.09.26 18:24:58.578,0.72736,0.72746,1.00,1.12
2016.09.26 18:24:59.087,0.72737,0.72746,1.00,1.12
2016.09.26 18:25:02.490,0.72737,0.72746,1.00,1.00
2016.09.26 18:25:04.680,0.72737,0.72747,1.00,1.00
2016.09.26 18:25:04.784,0.72739,0.72747,1.00,1.00
2016.09.26 18:25:05.088,0.72737,0.72747,1.00,1.00
2016.09.26 18:25:05.190,0.72736,0.72746,1.50,1.00
2016.09.26 18:25:05.241,0.72736,0.72746,1.00,1.00
2016.09.26 18:25:05.758,0.72737,0.72746,1.00,1.00
2016.09.26 18:25:10.199,0.72738,0.72746,1.00,1.00
2016.09.26 18:25:10.735,0.72738,0.72747,1.00,1.00
2016.09.26 18:25:11.102,0.72738,0.72748,1.00,2.62
2016.09.26 18:25:11.294,0.72738,0.72747,1.00,1.00
2016.09.26 18:25:20.578,0.72738,0.72746,1.00,1.00
2016.09.26 18:25:22.519,0.72737,0.72746,1.00,1.00
2016.09.26 18:25:23.200,0.72737,0.72746,1.00,1.50
2016.09.26 18:25:28.558,0.72737,0.72745,1.00,1.00
2016.09.26 18:25:28.763,0.72736,0.72746,1.00,1.50
2016.09.26 18:25:29.487,0.72736,0.72746,1.00,1.00
2016.09.26 18:25:30.066,0.72737,0.72746,1.00,1.00
2016.09.26 18:25:32.827,0.72737,0.72746,1.50,1.00
2016.09.26 18:25:32.879,0.72737,0.72747,1.50,2.25
2016.09.26 18:25:32.930,0.72739,0.72747,1.00,2.25
2016.09.26 18:25:33.420,0.72739,0.72747,1.00,1.50
2016.09.26 18:25:33.923,0.72738,0.72747,1.00,1.50
2016.09.26 18:25:33.974,0.72738,0.72747,1.00,2.25
2016.09.26 18:25:34.025,0.72737,0.72747,1.50,2.25
2016.09.26 18:25:35.683,0.72737,0.72747,1.50,2.25
2016.09.26 18:25:35.752,0.72737,0.72747,1.00,2.25
2016.09.26 18:25:36.285,0.72737,0.72747,1.00,2.25
2016.09.26 18:25:37.035,0.72736,0.72747,1.00,2.25
2016.09.26 18:25:37.487,0.72736,0.72746,1.00,1.00
2016.09.26 18:25:37.538,0.72736,0.72745,1.50,1.00
2016.09.26 18:25:38.045,0.72736,0.72744,1.50,1.00
2016.09.26 18:25:38.571,0.72736,0.72745,1.50,1.50
2016.09.26 18:25:40.802,0.72736,0.72745,1.50,1.00
2016.09.26 18:25:40.853,0.72738,0.72745,1.00,1.00
2016.09.26 18:25:42.850,0.72737,0.72745,1.00,1.00
2016.09.26 18:25:44.149,0.72737,0.72747,1.00,2.62
2016.09.26 18:25:44.657,0.72738,0.72747,1.00,2.62
2016.09.26 18:25:44.708,0.72738,0.72747,1.00,1.87
2016.09.26 18:25:44.990,0.72738,0.72747,1.00,2.62
2016.09.26 18:25:46.178,0.72738,0.72745,1.00,1.00
2016.09.26 18:25:46.688,0.72737,0.72745,1.00,1.00
2016.09.26 18:25:48.917,0.72737,0.72747,1.00,2.62
2016.09.26 18:25:49.422,0.72738,0.72747,1.00,2.62
2016.09.26 18:25:49.574,0.72738,0.72746,1.00,1.00
2016.09.26 18:25:49.828,0.72737,0.72746,1.00,1.50
2016.09.26 18:25:52.432,0.72737,0.72745,1.00,1.00
2016.09.26 18:25:52.584,0.72736,0.72746,1.00,1.50
2016.09.26 18:25:54.394,0.72737,0.72746,1.00,1.50
2016.09.26 18:26:00.757,0.72736,0.72746,1.00,1.50
2016.09.26 18:26:05.288,0.72738,0.72746,1.00,1.50
2016.09.26 18:26:06.220,0.72738,0.72745,1.00,1.00
2016.09.26 18:26:06.271,0.72736,0.72745,1.00,1.00
2016.09.26 18:26:08.558,0.72736,0.72745,1.00,1.75
2016.09.26 18:26:08.637,0.72736,0.72743,1.00,1.00
2016.09.26 18:26:09.280,0.72735,0.72743,1.50,1.00
2016.09.26 18:26:09.562,0.72735,0.72743,1.00,1.00
2016.09.26 18:26:09.714,0.72735,0.72743,1.00,1.00
2016.09.26 18:26:10.583,0.72735,0.72744,1.00,2.62
2016.09.26 18:26:10.650,0.72735,0.72744,1.00,1.87
2016.09.26 18:26:11.678,0.72735,0.72744,1.00,1.12
2016.09.26 18:26:16.357,0.72735,0.72744,1.00,1.12
2016.09.26 18:26:16.526,0.72735,0.72744,1.00,1.12
2016.09.26 18:26:16.658,0.72734,0.72744,2.25,1.12
2016.09.26 18:26:17.291,0.72734,0.72744,2.25,1.00
2016.09.26 18:26:18.447,0.72734,0.72745,2.25,2.25
2016.09.26 18:26:20.317,0.72735,0.72745,1.00,2.25
2016.09.26 18:26:20.470,0.72735,0.72745,1.00,2.25
2016.09.26 18:26:21.384,0.72734,0.72745,2.25,2.25
2016.09.26 18:26:21.435,0.72734,0.72744,2.25,1.00
2016.09.26 18:26:21.944,0.72734,0.72744,1.50,1.00
2016.09.26 18:26:22.045,0.72734,0.72744,1.00,1.50
2016.09.26 18:26:28.856,0.72734,0.72744,1.00,1.00
2016.09.26 18:26:29.368,0.72734,0.72745,1.50,3.00
2016.09.26 18:26:29.419,0.72735,0.72745,1.00,3.00
2016.09.26 18:26:29.520,0.72737,0.72745,1.00,3.00
2016.09.26 18:26:29.571,0.72737,0.72745,1.00,2.25
2016.09.26 18:26:29.943,0.72737,0.72745,1.00,1.87
2016.09.26 18:26:30.045,0.72737,0.72745,1.00,1.50
2016.09.26 18:26:33.028,0.72737,0.72745,1.00,1.00
2016.09.26 18:26:33.130,0.72739,0.72748,1.00,2.25
2016.09.26 18:26:33.181,0.72739,0.72748,1.00,1.50
2016.09.26 18:26:33.232,0.72739,0.72748,1.00,1.12
2016.09.26 18:26:33.750,0.72738,0.72748,1.00,1.12
2016.09.26 18:26:33.954,0.72739,0.72747,1.00,1.00
2016.09.26 18:26:34.473,0.72738,0.72747,1.00,1.00
2016.09.26 18:26:35.859,0.72738,0.72746,1.00,1.00
2016.09.26 18:26:36.374,0.72737,0.72746,1.00,1.00
2016.09.26 18:26:49.923,0.72738,0.72747,1.00,1.00
2016.09.26 18:26:50.701,0.72739,0.72747,1.00,1.00
2016.09.26 18:26:51.207,0.72738,0.72747,1.00,1.00
2016.09.26 18:26:52.037,0.72737,0.72746,1.00,1.00
2016.09.26 18:26:53.834,0.72736,0.72746,1.50,1.00
2016.09.26 18:26:54.088,0.72736,0.72746,1.00,1.00
2016.09.26 18:26:56.070,0.72737,0.72746,1.00,1.00
2016.09.26 18:26:58.772,0.72737,0.72747,1.00,1.50
2016.09.26 18:26:58.874,0.72738,0.72747,1.00,2.25
2016.09.26 18:26:58.925,0.72738,0.72746,1.00,1.00
2016.09.26 18:26:58.976,0.72737,0.72746,2.25,1.00
2016.09.26 18:26:59.078,0.72739,0.72746,1.00,1.00
2016.09.26 18:27:01.938,0.72738,0.72746,1.00,1.00
2016.09.26 18:27:06.989,0.72738,0.72746,1.00,1.50
2016.09.26 18:27:08.570,0.72737,0.72746,1.00,1.50
2016.09.26 18:27:08.622,0.72737,0.72745,1.00,1.00
2016.09.26 18:27:08.850,0.72737,0.72745,1.00,1.50
2016.09.26 18:27:09.909,0.72737,0.72745,1.00,1.00
2016.09.26 18:27:10.213,0.72739,0.72745,1.00,1.00
2016.09.26 18:27:11.086,0.72739,0.72745,1.00,1.50
2016.09.26 18:27:11.663,0.72738,0.72745,1.00,1.50
2016.09.26 18:27:11.815,0.72738,0.72745,1.00,1.00
2016.09.26 18:27:12.682,0.72737,0.72745,1.00,1.00
2016.09.26 18:27:14.458,0.72738,0.72747,1.00,2.62
2016.09.26 18:27:14.611,0.72738,0.72747,1.00,1.87
2016.09.26 18:27:16.497,0.72738,0.72746,1.00,1.00
2016.09.26 18:27:18.988,0.72737,0.72746,1.00,1.00
2016.09.26 18:27:19.491,0.72739,0.72746,1.00,1.00
2016.09.26 18:27:20.598,0.72738,0.72746,1.00,1.00
2016.09.26 18:27:21.848,0.72738,0.72747,1.00,1.12
2016.09.26 18:27:22.051,0.72738,0.72748,1.00,2.25
2016.09.26 18:27:22.355,0.72741,0.72748,1.00,2.25
2016.09.26 18:27:22.456,0.72741,0.72748,1.00,1.50
2016.09.26 18:27:23.017,0.7274,0.72748,1.00,1.50
2016.09.26 18:27:30.322,0.72739,0.72748,1.00,1.50
2016.09.26 18:27:30.830,0.7274,0.72748,1.00,1.50
2016.09.26 18:27:39.042,0.72741,0.72748,1.00,1.50
2016.09.26 18:27:46.061,0.72742,0.72748,1.00,1.00
2016.09.26 18:27:46.112,0.72744,0.72752,1.00,2.25
2016.09.26 18:27:46.163,0.72744,0.72752,1.50,1.12
2016.09.26 18:27:46.227,0.72744,0.72753,1.50,2.25
2016.09.26 18:27:46.279,0.72746,0.72755,1.00,1.00
2016.09.26 18:27:46.330,0.72746,0.72755,1.00,1.00
2016.09.26 18:27:46.597,0.72746,0.72756,1.00,1.00
2016.09.26 18:27:46.811,0.72746,0.72756,1.00,1.00
2016.09.26 18:27:46.913,0.72746,0.72756,1.00,1.00
2016.09.26 18:27:46.964,0.72746,0.72757,1.50,1.50
2016.09.26 18:27:47.196,0.72747,0.72757,1.00,1.50
2016.09.26 18:27:48.765,0.72747,0.72757,1.50,1.00
2016.09.26 18:27:48.824,0.72749,0.72758,1.00,1.50
2016.09.26 18:27:51.125,0.7275,0.72758,1.00,1.50
2016.09.26 18:27:51.941,0.72749,0.72758,1.00,1.50
2016.09.26 18:27:52.473,0.7275,0.72758,1.00,1.50
2016.09.26 18:27:52.976,0.72749,0.72758,1.00,1.50
2016.09.26 18:27:54.840,0.72748,0.72756,1.00,1.00
2016.09.26 18:27:55.349,0.72747,0.72756,1.50,1.00
2016.09.26 18:28:00.565,0.72747,0.72756,1.00,1.00
2016.09.26 18:28:01.224,0.72746,0.72757,1.00,1.50
2016.09.26 18:28:01.276,0.72746,0.72756,1.00,1.00
2016.09.26 18:28:01.379,0.72745,0.72754,2.25,1.00
2016.09.26 18:28:01.430,0.72745,0.72754,1.50,1.50
2016.09.26 18:28:01.529,0.72745,0.72754,1.00,1.50
2016.09.26 18:28:02.107,0.72744,0.72753,1.00,1.00
2016.09.26 18:28:02.191,0.72743,0.72754,1.00,1.50
2016.09.26 18:28:02.242,0.72743,0.72753,1.00,1.00
2016.09.26 18:28:02.294,0.72743,0.72753,1.50,1.00
2016.09.26 18:28:02.790,0.72744,0.72753,1.00,1.00
2016.09.26 18:28:02.933,0.72743,0.72753,1.00,1.50
2016.09.26 18:28:02.988,0.72743,0.72753,1.50,1.00
2016.09.26 18:28:03.041,0.72743,0.72754,1.50,1.50
2016.09.26 18:28:03.092,0.72745,0.72754,1.00,1.50
2016.09.26 18:28:03.144,0.72745,0.72754,1.00,1.50
2016.09.26 18:28:03.449,0.72744,0.72753,1.00,1.00
2016.09.26 18:28:03.530,0.72743,0.72753,1.50,1.00
2016.09.26 18:28:03.581,0.72742,0.72752,1.50,1.00
2016.09.26 18:28:03.738,0.72744,0.72753,1.00,1.00
2016.09.26 18:28:03.848,0.72744,0.72754,1.50,1.00
2016.09.26 18:28:04.000,0.72745,0.72754,1.00,1.00
2016.09.26 18:28:04.254,0.72746,0.72754,1.00,1.00
2016.09.26 18:28:04.963,0.72744,0.72754,1.50,1.00
2016.09.26 18:28:05.065,0.72745,0.72754,1.00,1.00
2016.09.26 18:28:05.590,0.72746,0.72754,1.00,1.00
2016.09.26 18:28:06.600,0.72744,0.72754,2.62,1.00
2016.09.26 18:28:06.813,0.72745,0.72754,1.12,1.00
2016.09.26 18:28:06.864,0.72745,0.72754,1.00,1.50
2016.09.26 18:28:06.941,0.72745,0.72754,1.00,1.87
2016.09.26 18:28:07.467,0.72745,0.72754,1.00,1.87
2016.09.26 18:28:07.569,0.72746,0.72754,1.00,1.87
2016.09.26 18:28:07.721,0.72746,0.72754,1.00,1.37
2016.09.26 18:28:07.875,0.72747,0.72754,1.00,1.00
2016.09.26 18:28:07.926,0.72747,0.72755,1.00,1.37
2016.09.26 18:28:08.332,0.72746,0.72755,1.00,1.87
2016.09.26 18:28:08.404,0.72746,0.72755,1.00,2.62
2016.09.26 18:28:08.506,0.72745,0.72754,1.00,1.12
2016.09.26 18:28:08.557,0.72745,0.72753,1.00,1.50
2016.09.26 18:28:08.710,0.72743,0.72753,2.25,1.50
2016.09.26 18:28:08.812,0.72743,0.72753,1.50,1.50
2016.09.26 18:28:08.869,0.72743,0.72753,2.25,1.50
2016.09.26 18:28:09.280,0.72744,0.72753,1.00,1.50
2016.09.26 18:28:09.364,0.72744,0.72753,1.00,1.50
2016.09.26 18:28:10.376,0.72746,0.72753,1.00,1.50
2016.09.26 18:28:10.427,0.72746,0.72753,1.00,1.00
2016.09.26 18:28:10.478,0.72745,0.72755,1.00,3.37
2016.09.26 18:28:10.530,0.72745,0.72755,1.50,2.62
2016.09.26 18:28:10.581,0.72746,0.72755,1.00,2.62
2016.09.26 18:28:10.783,0.72746,0.72755,1.00,1.87
2016.09.26 18:28:11.178,0.72748,0.72756,1.00,2.62
2016.09.26 18:28:11.229,0.72748,0.72756,1.00,2.25
2016.09.26 18:28:12.382,0.72747,0.72756,1.00,2.25
2016.09.26 18:28:13.684,0.72748,0.72756,1.00,2.25
2016.09.26 18:28:16.897,0.72747,0.72755,1.00,1.00
2016.09.26 18:28:19.528,0.72746,0.72755,2.25,1.00
2016.09.26 18:28:22.204,0.72746,0.72755,1.50,1.00
2016.09.26 18:28:24.743,0.72746,0.72755,1.00,1.00
2016.09.26 18:28:24.794,0.72744,0.72754,1.50,1.00
2016.09.26 18:28:28.419,0.72744,0.72754,1.50,1.00
2016.09.26 18:28:28.584,0.72744,0.72755,1.50,1.12
2016.09.26 18:28:28.635,0.72746,0.72755,1.00,1.12
2016.09.26 18:28:28.894,0.72746,0.72756,1.00,1.37
2016.09.26 18:28:28.946,0.72748,0.72757,1.00,3.37
2016.09.26 18:28:29.200,0.72748,0.72757,1.00,2.62
2016.09.26 18:28:29.303,0.72748,0.72757,1.00,1.87
2016.09.26 18:28:32.182,0.72748,0.72756,1.00,1.50
2016.09.26 18:28:32.233,0.72746,0.72756,1.50,1.50
2016.09.26 18:28:32.334,0.72746,0.72756,1.50,2.25
2016.09.26 18:28:37.213,0.72746,0.72756,1.00,2.25
2016.09.26 18:28:38.214,0.72746,0.72756,1.00,1.50
2016.09.26 18:28:38.518,0.72749,0.72756,1.00,1.50
2016.09.26 18:28:42.025,0.72749,0.72757,1.00,1.87
2016.09.26 18:28:42.987,0.72749,0.72756,1.00,1.50
2016.09.26 18:28:43.038,0.72746,0.72756,1.50,1.50
2016.09.26 18:28:47.240,0.72746,0.72755,1.00,1.12
2016.09.26 18:28:48.142,0.72745,0.72755,1.50,1.12
2016.09.26 18:28:48.244,0.72745,0.72754,1.00,1.00
2016.09.26 18:28:49.605,0.72745,0.72754,1.00,1.50
2016.09.26 18:28:49.758,0.72744,0.72754,1.00,1.50
2016.09.26 18:28:50.516,0.72744,0.72754,1.00,1.00
2016.09.26 18:28:50.567,0.72744,0.72754,1.00,1.00
2016.09.26 18:28:50.836,0.72744,0.72754,1.50,1.00
2016.09.26 18:28:50.887,0.72744,0.72755,1.50,1.87
2016.09.26 18:28:51.039,0.72745,0.72755,1.00,1.87
2016.09.26 18:28:53.157,0.72745,0.72754,1.00,1.00
2016.09.26 18:28:53.563,0.72744,0.72754,1.50,1.00
2016.09.26 18:28:53.665,0.72745,0.72754,1.00,1.00
2016.09.26 18:28:54.752,0.72744,0.72754,1.00,1.50
2016.09.26 18:28:54.854,0.72743,0.72754,1.50,1.50
2016.09.26 18:28:56.162,0.72743,0.72752,1.00,1.00
2016.09.26 18:28:56.668,0.72743,0.72753,1.50,1.00
2016.09.26 18:28:57.364,0.72745,0.72753,1.00,1.00
2016.09.26 18:28:57.861,0.72743,0.72753,1.50,1.00
2016.09.26 18:29:00.666,0.72744,0.72753,1.00,1.00
2016.09.26 18:29:01.374,0.72743,0.72753,1.50,1.00
2016.09.26 18:29:01.475,0.72744,0.72753,1.00,1.00
2016.09.26 18:29:03.477,0.72745,0.72753,1.00,1.00
2016.09.26 18:29:06.690,0.72745,0.72754,1.00,1.87
2016.09.26 18:29:07.654,0.72745,0.72754,1.00,1.12
2016.09.26 18:29:07.897,0.72745,0.72755,1.00,2.62
2016.09.26 18:29:07.948,0.72745,0.72755,1.00,2.25
2016.09.26 18:29:07.999,0.72745,0.72755,1.00,1.87
2016.09.26 18:29:08.420,0.72745,0.72755,1.00,1.12
2016.09.26 18:29:08.849,0.72745,0.72753,1.00,1.00
2016.09.26 18:29:08.900,0.72742,0.72751,1.12,1.87
2016.09.26 18:29:08.981,0.72741,0.72748,1.00,1.00
2016.09.26 18:29:09.032,0.72741,0.72747,1.00,1.12
2016.09.26 18:29:09.084,0.72736,0.72745,1.37,1.00
2016.09.26 18:29:09.135,0.72736,0.72744,1.00,1.50
2016.09.26 18:29:09.242,0.72734,0.72744,1.50,2.62
2016.09.26 18:29:09.362,0.72736,0.72744,1.00,1.87
2016.09.26 18:29:09.466,0.72735,0.72744,1.00,1.50
2016.09.26 18:29:09.517,0.72735,0.72744,1.00,1.50
2016.09.26 18:29:09.568,0.72736,0.72744,1.00,1.12
2016.09.26 18:29:09.670,0.72736,0.72744,1.00,1.00
2016.09.26 18:29:09.772,0.72737,0.72744,1.00,1.00
2016.09.26 18:29:09.874,0.72737,0.72746,1.00,3.37
2016.09.26 18:29:10.053,0.72737,0.72746,1.00,2.62
2016.09.26 18:29:10.776,0.72737,0.72746,1.00,1.87
2016.09.26 18:29:10.877,0.72737,0.72746,1.00,1.50
2016.09.26 18:29:12.217,0.72737,0.72746,1.00,1.00
2016.09.26 18:29:15.319,0.72736,0.72746,1.50,1.00
2016.09.26 18:29:15.422,0.72736,0.72746,1.50,1.50
2016.09.26 18:29:20.025,0.72737,0.72746,1.00,1.50
2016.09.26 18:29:21.111,0.72738,0.72746,1.00,1.50
2016.09.26 18:29:21.630,0.72737,0.72746,1.00,1.50
2016.09.26 18:29:22.287,0.72737,0.72746,1.50,1.00
