2008.04.08 01:00:00.140,0.7971,0.7975,14.60,2.40
2008.04.08 01:00:00.389,0.7971,0.7975,14.60,2.40
2008.04.08 01:00:00.617,0.7971,0.7975,14.60,2.40
2008.04.08 01:00:00.856,0.7971,0.7975,14.60,2.40
2008.04.08 01:00:01.097,0.7971,0.7975,14.60,2.40
2008.04.08 01:00:01.392,0.7971,0.7975,14.60,2.40
2008.04.08 01:00:01.686,0.7971,0.7975,14.60,2.40
2008.04.08 01:00:01.981,0.7971,0.7975,14.60,2.40
2008.04.08 01:00:02.276,0.7971,0.7975,14.60,2.40
2008.04.08 01:00:02.585,0.7971,0.7975,14.60,2.40
2008.04.08 01:00:02.895,0.7971,0.7975,14.60,2.40
2008.04.08 01:00:03.204,0.7971,0.7975,14.60,2.40
2008.04.08 01:00:03.418,0.7971,0.7975,14.60,2.40
2008.04.08 01:00:03.631,0.7971,0.7975,14.60,2.40
2008.04.08 01:00:03.847,0.7971,0.7975,14.60,2.40
2008.04.08 01:00:04.061,0.7971,0.7975,14.60,2.40
2008.04.08 01:00:04.274,0.7971,0.7975,14.60,2.40
2008.04.08 01:00:04.608,0.7971,0.7975,14.60,2.40
2008.04.08 01:00:04.942,0.7971,0.7975,14.60,2.40
2008.04.08 01:00:05.282,0.7971,0.7975,14.60,2.40
2008.04.08 01:00:05.489,0.7971,0.7975,14.60,2.40
2008.04.08 01:00:05.698,0.7971,0.7975,14.60,2.40
2008.04.08 01:00:05.907,0.7971,0.7975,14.60,2.40
2008.04.08 01:00:06.116,0.7971,0.7975,13.80,2.40
2008.04.08 01:00:06.328,0.7971,0.7975,13.80,2.40
2008.04.08 01:00:06.662,0.7971,0.7975,13.80,2.40
2008.04.08 01:00:06.995,0.7971,0.7975,13.80,2.40
2008.04.08 01:00:07.329,0.7971,0.7975,14.60,2.40
2008.04.08 01:00:07.557,0.7971,0.7975,14.60,2.40
2008.04.08 01:00:07.777,0.7971,0.7975,14.60,2.40
2008.04.08 01:00:07.996,0.7971,0.7975,14.60,2.40
2008.04.08 01:00:08.215,0.7971,0.7975,14.60,2.40
2008.04.08 01:00:08.433,0.7971,0.7975,14.60,2.40
2008.04.08 01:00:08.741,0.7971,0.7975,14.60,2.40
2008.04.08 01:00:09.050,0.7971,0.7975,14.60,2.40
2008.04.08 01:00:09.359,0.7971,0.7975,14.60,2.40
2008.04.08 01:00:09.632,0.7971,0.7975,14.60,2.40
2008.04.08 01:00:09.905,0.7971,0.7975,14.60,2.40
2008.04.08 01:00:10.179,0.7971,0.7975,14.60,2.40
2008.04.08 01:00:10.452,0.7971,0.7975,14.60,2.40
2008.04.08 01:00:10.700,0.7971,0.7975,14.60,2.40
2008.04.08 01:00:10.949,0.7971,0.7975,14.60,2.40
2008.04.08 01:00:11.197,0.7971,0.7975,14.60,2.40
2008.04.08 01:00:11.456,0.7971,0.7975,14.60,2.40
2008.04.08 01:00:11.774,0.7971,0.7975,14.60,2.40
2008.04.08 01:00:12.073,0.7971,0.7975,14.60,2.40
2008.04.08 01:00:12.383,0.7971,0.7975,14.60,2.40
2008.04.08 01:00:12.691,0.7971,0.7975,14.60,2.40
2008.04.08 01:00:12.925,0.7971,0.7975,14.60,2.40
2008.04.08 01:00:13.160,0.7971,0.7975,14.60,2.40
2008.04.08 01:00:13.395,0.7971,0.7975,14.60,2.40
2008.04.08 01:00:13.693,0.7971,0.7975,14.60,2.40
2008.04.08 01:00:13.992,0.7971,0.7975,14.60,2.40
2008.04.08 01:00:14.289,0.7971,0.7975,14.60,2.40
2008.04.08 01:00:14.588,0.7971,0.7975,14.60,2.40
2008.04.08 01:00:14.863,0.7971,0.7975,14.60,2.40
2008.04.08 01:00:15.136,0.7971,0.7975,14.60,2.40
2008.04.08 01:00:15.411,0.7971,0.7975,14.60,2.40
2008.04.08 01:00:15.685,0.7971,0.7975,14.60,2.40
2008.04.08 01:00:15.947,0.7971,0.7975,14.60,2.40
2008.04.08 01:00:16.206,0.7971,0.7975,14.60,2.40
2008.04.08 01:00:16.464,0.7971,0.7975,14.60,2.40
2008.04.08 01:00:16.768,0.7971,0.7975,14.60,2.40
2008.04.08 01:00:17.072,0.7971,0.7975,14.60,2.40
2008.04.08 01:00:17.376,0.7971,0.7975,14.60,2.40
2008.04.08 01:00:17.680,0.7971,0.7975,14.60,2.40
2008.04.08 01:00:17.920,0.7971,0.7975,14.60,2.40
2008.04.08 01:00:18.159,0.7971,0.7975,14.60,2.40
2008.04.08 01:00:18.397,0.7971,0.7975,14.60,2.40
2008.04.08 01:00:18.639,0.7971,0.7975,14.60,2.40
2008.04.08 01:00:18.963,0.7971,0.7975,14.60,2.40
2008.04.08 01:00:19.288,0.7971,0.7975,13.80,2.40
2008.04.08 01:00:19.614,0.7971,0.7975,13.80,2.40
2008.04.08 01:00:19.843,0.7971,0.7975,13.80,2.40
2008.04.08 01:00:20.072,0.7971,0.7975,13.80,2.40
2008.04.08 01:00:20.300,0.7971,0.7975,14.60,2.40
2008.04.08 01:00:20.541,0.7971,0.7975,14.60,2.40
2008.04.08 01:00:20.869,0.7971,0.7975,14.60,2.40
2008.04.08 01:00:21.188,0.7971,0.7975,14.60,2.40
2008.04.08 01:00:21.507,0.7971,0.7975,14.60,2.40
2008.04.08 01:00:21.781,0.7971,0.7975,14.60,2.40
2008.04.08 01:00:22.050,0.7971,0.7975,14.60,2.40
2008.04.08 01:00:22.329,0.7971,0.7975,14.60,2.40
2008.04.08 01:00:22.610,0.7971,0.7975,14.60,2.40
2008.04.08 01:00:22.896,0.7971,0.7975,14.60,2.40
2008.04.08 01:00:23.166,0.7971,0.7975,14.60,2.40
2008.04.08 01:00:23.496,0.7971,0.7975,14.60,2.40
2008.04.08 01:00:23.774,0.7971,0.7975,14.60,2.40
2008.04.08 01:00:24.096,0.7971,0.7975,13.80,2.40
2008.04.08 01:00:24.406,0.7971,0.7975,14.60,2.40
2008.04.08 01:00:24.721,0.7971,0.7975,14.60,2.40
2008.04.08 01:00:24.959,0.7971,0.7975,14.60,2.40
2008.04.08 01:00:25.198,0.7971,0.7975,14.60,2.40
2008.04.08 01:00:25.438,0.7971,0.7975,14.60,2.40
2008.04.08 01:00:25.678,0.7971,0.7975,14.60,2.40
2008.04.08 01:00:25.987,0.7971,0.7975,14.60,2.40
2008.04.08 01:00:26.286,0.7971,0.7975,14.60,2.40
2008.04.08 01:00:26.576,0.7971,0.7975,14.60,2.40
2008.04.08 01:00:26.865,0.7971,0.7975,9.00,10.40
2008.04.08 01:00:27.181,0.7971,0.7975,9.00,10.40
2008.04.08 01:00:27.497,0.7971,0.79745,9.00,1.60
2008.04.08 01:00:27.811,0.7971,0.79745,4.00,1.60
2008.04.08 01:00:28.045,0.7971,0.79745,3.20,1.60
2008.04.08 01:00:28.261,0.7971,0.7974,2.40,5.60
2008.04.08 01:00:28.483,0.797,0.7974,5.20,5.60
2008.04.08 01:00:28.702,0.797,0.7974,5.20,5.60
2008.04.08 01:00:28.922,0.797,0.7974,5.20,5.60
2008.04.08 01:00:29.256,0.797,0.7974,5.20,5.60
2008.04.08 01:00:29.589,0.797,0.7974,5.20,5.60
2008.04.08 01:00:29.923,0.797,0.7974,5.20,5.60
2008.04.08 01:00:30.157,0.797,0.7974,5.20,5.60
2008.04.08 01:00:30.391,0.797,0.7974,5.20,5.60
2008.04.08 01:00:30.625,0.797,0.7974,5.20,5.60
2008.04.08 01:00:30.860,0.797,0.7974,5.20,5.60
2008.04.08 01:00:31.149,0.797,0.7974,5.20,5.60
2008.04.08 01:00:31.439,0.797,0.7974,5.20,5.60
2008.04.08 01:00:31.739,0.797,0.7974,5.20,5.60
2008.04.08 01:00:32.040,0.797,0.7974,5.20,5.60
2008.04.08 01:00:32.343,0.797,0.7974,5.20,5.60
2008.04.08 01:00:32.627,0.797,0.7974,5.20,5.60
2008.04.08 01:00:32.921,0.797,0.7974,5.20,5.60
2008.04.08 01:00:33.156,0.797,0.7974,5.20,5.60
2008.04.08 01:00:33.389,0.797,0.7974,5.20,5.60
2008.04.08 01:00:33.622,0.797,0.7974,5.20,5.60
2008.04.08 01:00:33.855,0.797,0.7974,5.20,5.60
2008.04.08 01:00:34.201,0.797,0.7974,5.20,5.60
2008.04.08 01:00:34.535,0.797,0.7974,5.20,5.60
2008.04.08 01:00:34.869,0.797,0.7974,5.20,5.60
2008.04.08 01:00:35.095,0.797,0.7974,5.20,5.60
2008.04.08 01:00:35.319,0.797,0.7974,5.20,5.60
2008.04.08 01:00:35.542,0.797,0.7974,5.20,5.60
2008.04.08 01:00:35.775,0.797,0.7974,5.20,5.60
2008.04.08 01:00:36.000,0.797,0.7974,5.20,5.60
2008.04.08 01:00:36.323,0.797,0.7974,5.20,5.60
2008.04.08 01:00:36.648,0.797,0.7974,5.20,5.60
2008.04.08 01:00:36.973,0.797,0.7974,5.20,5.60
2008.04.08 01:00:37.238,0.797,0.7974,5.20,5.60
2008.04.08 01:00:37.502,0.797,0.7974,5.20,5.60
2008.04.08 01:00:37.767,0.797,0.7974,5.20,5.60
2008.04.08 01:00:38.031,0.797,0.7974,5.20,5.60
2008.04.08 01:00:38.297,0.797,0.7974,5.20,5.60
2008.04.08 01:00:38.562,0.797,0.7974,5.20,5.60
2008.04.08 01:00:38.827,0.797,0.7974,5.20,5.60
2008.04.08 01:00:39.092,0.797,0.7974,5.20,5.60
2008.04.08 01:00:39.395,0.797,0.7974,5.20,5.60
2008.04.08 01:00:39.700,0.797,0.7974,5.20,5.60
2008.04.08 01:00:40.006,0.797,0.7974,5.20,5.60
2008.04.08 01:00:40.309,0.797,0.7974,5.20,5.60
2008.04.08 01:00:40.578,0.797,0.7974,5.20,5.60
2008.04.08 01:00:40.847,0.797,0.7974,5.20,5.60
2008.04.08 01:00:41.116,0.797,0.7974,5.20,5.60
2008.04.08 01:00:41.349,0.797,0.7974,5.20,5.60
2008.04.08 01:00:41.584,0.797,0.7974,5.20,5.60
2008.04.08 01:00:41.820,0.797,0.7974,5.20,5.60
2008.04.08 01:00:42.064,0.797,0.7974,5.20,5.60
2008.04.08 01:00:42.310,0.797,0.7974,5.20,5.60
2008.04.08 01:00:42.644,0.797,0.7974,5.20,5.60
2008.04.08 01:00:42.985,0.797,0.7974,5.20,5.60
2008.04.08 01:00:43.329,0.797,0.7974,5.20,5.60
2008.04.08 01:00:43.579,0.797,0.7974,5.20,5.60
2008.04.08 01:00:43.837,0.797,0.7974,5.20,5.60
2008.04.08 01:00:44.097,0.797,0.7974,5.20,5.60
2008.04.08 01:00:44.337,0.797,0.7974,5.20,5.60
2008.04.08 01:00:44.657,0.797,0.7974,5.20,5.60
2008.04.08 01:00:44.977,0.797,0.7974,5.20,5.60
2008.04.08 01:00:45.296,0.797,0.7974,5.20,5.60
2008.04.08 01:00:45.500,0.797,0.7974,5.20,5.60
2008.04.08 01:00:45.703,0.797,0.7974,5.20,5.60
2008.04.08 01:00:45.909,0.797,0.7974,5.20,5.60
2008.04.08 01:00:46.123,0.797,0.7974,5.20,5.60
2008.04.08 01:00:46.319,0.797,0.7974,5.20,5.60
2008.04.08 01:00:46.663,0.797,0.7974,5.20,5.60
2008.04.08 01:00:46.988,0.797,0.7974,5.20,5.60
2008.04.08 01:00:47.323,0.797,0.7974,5.20,5.60
2008.04.08 01:00:47.584,0.797,0.7974,5.20,5.60
2008.04.08 01:00:47.844,0.797,0.7974,5.20,5.60
2008.04.08 01:00:48.103,0.797,0.7974,5.20,5.60
2008.04.08 01:00:48.362,0.797,0.7974,5.20,5.60
2008.04.08 01:00:48.641,0.797,0.7974,5.20,5.60
2008.04.08 01:00:48.924,0.797,0.7974,5.20,5.60
2008.04.08 01:00:49.201,0.797,0.7974,5.20,5.60
2008.04.08 01:00:49.479,0.797,0.7974,5.20,5.60
2008.04.08 01:00:49.788,0.797,0.7974,5.20,5.60
2008.04.08 01:00:50.099,0.797,0.7974,5.20,5.60
2008.04.08 01:00:50.409,0.797,0.7974,5.20,5.60
2008.04.08 01:00:50.639,0.797,0.7974,5.20,5.60
2008.04.08 01:00:50.875,0.797,0.7974,5.20,5.60
2008.04.08 01:00:51.087,0.797,0.7974,5.20,5.60
2008.04.08 01:00:51.312,0.797,0.7974,5.20,5.60
2008.04.08 01:00:51.537,0.797,0.7974,5.20,5.60
2008.04.08 01:00:51.874,0.797,0.7974,5.20,5.60
2008.04.08 01:00:52.208,0.797,0.7974,5.20,5.60
2008.04.08 01:00:52.543,0.797,0.7974,5.20,5.60
2008.04.08 01:00:52.783,0.797,0.7974,5.20,5.60
2008.04.08 01:00:53.024,0.797,0.7974,5.20,5.60
2008.04.08 01:00:53.264,0.797,0.7974,5.20,5.60
2008.04.08 01:00:53.514,0.797,0.7974,5.20,5.60
2008.04.08 01:00:53.809,0.797,0.7974,5.20,5.60
2008.04.08 01:00:54.104,0.797,0.7974,5.20,5.60
2008.04.08 01:00:54.399,0.797,0.7974,5.20,5.60
2008.04.08 01:00:54.696,0.797,0.7974,5.20,5.60
2008.04.08 01:00:54.986,0.797,0.7974,5.20,5.60
2008.04.08 01:00:55.271,0.797,0.7974,5.20,5.60
2008.04.08 01:00:55.556,0.797,0.7974,5.20,5.60
2008.04.08 01:00:55.801,0.797,0.7974,5.20,5.60
2008.04.08 01:00:56.044,0.797,0.7974,5.20,5.60
2008.04.08 01:00:56.287,0.797,0.7974,5.20,5.60
2008.04.08 01:00:56.532,0.797,0.7974,5.20,5.60
2008.04.08 01:00:56.866,0.797,0.7974,5.20,5.60
2008.04.08 01:00:57.200,0.797,0.7974,5.20,5.60
2008.04.08 01:00:57.534,0.797,0.7974,5.20,5.60
2008.04.08 01:00:57.753,0.797,0.7974,5.20,5.60
2008.04.08 01:00:57.978,0.797,0.7974,5.20,5.60
2008.04.08 01:00:58.197,0.797,0.7974,5.20,5.60
2008.04.08 01:00:58.415,0.797,0.7974,5.20,5.60
2008.04.08 01:00:58.634,0.797,0.7974,5.20,5.60
2008.04.08 01:00:58.970,0.797,0.7974,5.20,5.60
2008.04.08 01:00:59.304,0.797,0.7974,13.10,2.40
2008.04.08 01:00:59.642,0.79705,0.7974,0.80,2.40
2008.04.08 01:00:59.887,0.79705,0.7974,0.80,2.40
2008.04.08 01:01:00.143,0.79705,0.7974,0.80,2.40
2008.04.08 01:01:00.388,0.79705,0.7974,0.80,2.40
2008.04.08 01:01:00.632,0.79705,0.7974,0.80,2.40
2008.04.08 01:01:00.945,0.79705,0.7974,0.80,2.40
2008.04.08 01:01:01.258,0.79705,0.7974,0.80,2.40
2008.04.08 01:01:01.573,0.79705,0.7974,0.80,2.40
2008.04.08 01:01:01.857,0.79705,0.7974,0.80,2.40
2008.04.08 01:01:02.141,0.79705,0.7974,0.80,2.40
2008.04.08 01:01:02.425,0.79705,0.7974,0.80,2.40
2008.04.08 01:01:02.709,0.79705,0.7974,0.80,2.40
2008.04.08 01:01:02.958,0.79705,0.7974,0.80,2.40
2008.04.08 01:01:03.207,0.79705,0.7974,0.80,2.40
2008.04.08 01:01:03.457,0.79705,0.7974,0.80,2.40
2008.04.08 01:01:03.705,0.79705,0.7974,0.80,2.40
2008.04.08 01:01:04.001,0.79705,0.7974,0.80,2.40
2008.04.08 01:01:04.296,0.79705,0.7974,0.80,2.40
2008.04.08 01:01:04.591,0.79705,0.7974,0.80,2.40
2008.04.08 01:01:04.884,0.79705,0.7974,0.80,2.40
2008.04.08 01:01:05.160,0.79705,0.7974,0.80,2.40
2008.04.08 01:01:05.434,0.79705,0.7974,0.80,2.40
2008.04.08 01:01:05.709,0.79705,0.7974,0.80,2.40
2008.04.08 01:01:05.948,0.79705,0.7974,0.80,2.40
2008.04.08 01:01:06.189,0.79705,0.7974,0.80,2.40
2008.04.08 01:01:06.440,0.79705,0.7974,0.80,2.40
2008.04.08 01:01:06.690,0.79705,0.7974,0.80,2.40
2008.04.08 01:01:06.918,0.79705,0.7974,0.80,2.40
2008.04.08 01:01:07.247,0.79705,0.7974,0.80,2.40
2008.04.08 01:01:07.576,0.79705,0.7974,0.80,2.40
2008.04.08 01:01:07.906,0.79705,0.7974,0.80,2.40
2008.04.08 01:01:08.140,0.79705,0.7974,0.80,2.40
2008.04.08 01:01:08.374,0.79705,0.7974,0.80,2.40
2008.04.08 01:01:08.609,0.79705,0.7974,0.80,2.40
2008.04.08 01:01:08.841,0.79705,0.7974,0.80,2.40
2008.04.08 01:01:09.175,0.79705,0.7974,0.80,2.40
2008.04.08 01:01:09.508,0.79705,0.7974,0.80,2.40
2008.04.08 01:01:09.843,0.79705,0.7974,0.80,2.40
2008.04.08 01:01:10.067,0.79705,0.7974,0.80,2.40
2008.04.08 01:01:10.291,0.79705,0.7974,0.80,2.40
2008.04.08 01:01:10.527,0.79705,0.7974,0.80,2.40
2008.04.08 01:01:10.741,0.79705,0.7974,0.80,2.40
2008.04.08 01:01:11.044,0.79705,0.7974,0.80,2.40
2008.04.08 01:01:11.350,0.79705,0.7974,0.80,2.40
2008.04.08 01:01:11.655,0.79705,0.7974,0.80,2.40
2008.04.08 01:01:11.959,0.79705,0.7974,0.80,2.40
2008.04.08 01:01:12.253,0.79705,0.7974,0.80,2.40
2008.04.08 01:01:12.548,0.79705,0.7974,0.80,2.40
2008.04.08 01:01:12.841,0.79705,0.7974,0.80,2.40
2008.04.08 01:01:13.110,0.79705,0.7974,0.80,2.40
2008.04.08 01:01:13.379,0.79705,0.7974,0.80,2.40
2008.04.08 01:01:13.647,0.79705,0.7974,0.80,2.40
2008.04.08 01:01:13.915,0.79705,0.7974,0.80,2.40
2008.04.08 01:01:14.209,0.79705,0.7974,0.80,2.40
2008.04.08 01:01:14.502,0.79705,0.7974,0.80,2.40
2008.04.08 01:01:14.796,0.79705,0.7974,0.80,2.40
2008.04.08 01:01:15.037,0.79705,0.7974,0.80,2.40
2008.04.08 01:01:15.276,0.79705,0.7974,0.80,2.40
2008.04.08 01:01:15.515,0.79705,0.7974,0.80,2.40
2008.04.08 01:01:15.754,0.79705,0.7974,0.80,2.40
2008.04.08 01:01:15.993,0.79705,0.7974,0.80,2.40
2008.04.08 01:01:16.282,0.79705,0.7974,0.80,2.40
2008.04.08 01:01:16.570,0.79705,0.7974,0.80,2.40
2008.04.08 01:01:16.858,0.79705,0.7974,0.80,2.40
2008.04.08 01:01:17.148,0.79705,0.7974,0.80,2.40
2008.04.08 01:01:17.436,0.79705,0.7974,0.80,2.40
2008.04.08 01:01:17.726,0.79705,0.7974,0.80,2.40
2008.04.08 01:01:18.015,0.79705,0.7974,0.80,2.40
2008.04.08 01:01:18.249,0.79705,0.7974,0.80,2.40
2008.04.08 01:01:18.482,0.79705,0.7974,0.80,2.40
2008.04.08 01:01:18.717,0.79705,0.7974,0.80,2.40
2008.04.08 01:01:18.951,0.79705,0.7974,0.80,2.40
2008.04.08 01:01:19.279,0.79705,0.7974,0.80,2.40
2008.04.08 01:01:19.608,0.79705,0.7974,0.80,2.40
2008.04.08 01:01:19.936,0.79705,0.7974,0.80,2.40
2008.04.08 01:01:20.156,0.79705,0.7974,0.80,2.40
2008.04.08 01:01:20.375,0.79705,0.7974,0.80,2.40
2008.04.08 01:01:20.594,0.79705,0.7974,0.80,2.40
2008.04.08 01:01:20.812,0.79705,0.7974,0.80,2.40
2008.04.08 01:01:21.030,0.79705,0.7974,0.80,2.40
2008.04.08 01:01:21.353,0.79705,0.7974,0.80,2.40
2008.04.08 01:01:21.679,0.79705,0.7974,0.80,2.40
2008.04.08 01:01:22.005,0.79705,0.7974,0.80,2.40
2008.04.08 01:01:22.265,0.79705,0.7974,0.80,2.40
2008.04.08 01:01:22.530,0.79705,0.7974,0.80,2.40
2008.04.08 01:01:22.785,0.79705,0.7974,0.80,2.40
2008.04.08 01:01:23.029,0.79705,0.7974,0.80,2.40
2008.04.08 01:01:23.317,0.79705,0.7974,0.80,2.40
2008.04.08 01:01:23.607,0.79705,0.7974,0.80,2.40
2008.04.08 01:01:23.896,0.79705,0.7974,0.80,2.40
2008.04.08 01:01:24.184,0.79705,0.7974,0.80,2.40
2008.04.08 01:01:24.489,0.79705,0.7974,0.80,2.40
2008.04.08 01:01:24.792,0.79705,0.7974,0.80,2.40
2008.04.08 01:01:25.096,0.79705,0.7974,0.80,2.40
2008.04.08 01:01:25.318,0.79705,0.7974,0.80,2.40
2008.04.08 01:01:25.534,0.79705,0.7974,0.80,2.40
2008.04.08 01:01:25.750,0.79705,0.7974,0.80,2.40
2008.04.08 01:01:25.963,0.79705,0.7974,0.80,2.40
2008.04.08 01:01:26.189,0.79705,0.7974,0.80,2.40
2008.04.08 01:01:26.525,0.79705,0.7974,0.80,2.40
2008.04.08 01:01:26.864,0.79705,0.7974,0.80,2.40
2008.04.08 01:01:27.198,0.79705,0.7974,0.80,2.40
2008.04.08 01:01:27.443,0.79705,0.7974,0.80,2.40
2008.04.08 01:01:27.699,0.79705,0.7974,0.80,2.40
2008.04.08 01:01:27.964,0.79705,0.7974,0.80,2.40
2008.04.08 01:01:28.220,0.79705,0.7974,0.80,2.40
2008.04.08 01:01:28.499,0.79705,0.7974,0.80,2.40
2008.04.08 01:01:28.787,0.79705,0.7974,0.80,2.40
2008.04.08 01:01:29.076,0.79705,0.7974,0.80,2.40
2008.04.08 01:01:29.365,0.79705,0.7974,0.80,2.40
2008.04.08 01:01:29.664,0.79705,0.7974,0.80,2.40
2008.04.08 01:01:29.963,0.79705,0.7974,0.80,2.40
2008.04.08 01:01:30.263,0.79705,0.7974,0.80,2.40
2008.04.08 01:01:30.496,0.79705,0.7974,0.80,2.40
2008.04.08 01:01:30.730,0.79705,0.7974,0.80,2.40
2008.04.08 01:01:30.964,0.79705,0.7974,0.80,2.40
2008.04.08 01:01:31.199,0.79705,0.7974,0.80,2.40
2008.04.08 01:01:31.503,0.79705,0.7974,0.80,2.40
2008.04.08 01:01:31.806,0.79705,0.7974,0.80,2.40
2008.04.08 01:01:32.111,0.79705,0.7974,0.80,2.40
2008.04.08 01:01:32.415,0.79705,0.7974,0.80,2.40
2008.04.08 01:01:32.720,0.79705,0.7974,0.80,2.40
2008.04.08 01:01:33.024,0.79705,0.7974,0.80,2.40
2008.04.08 01:01:33.330,0.79705,0.7974,0.80,2.40
2008.04.08 01:01:33.552,0.79705,0.7974,0.80,2.40
2008.04.08 01:01:33.770,0.79705,0.7974,0.80,2.40
2008.04.08 01:01:33.989,0.79705,0.7974,0.80,2.40
2008.04.08 01:01:34.208,0.79705,0.7974,0.80,2.40
2008.04.08 01:01:34.541,0.79705,0.7974,0.80,2.40
2008.04.08 01:01:34.876,0.79705,0.7974,0.80,2.40
2008.04.08 01:01:35.209,0.79705,0.7974,0.80,2.40
2008.04.08 01:01:35.440,0.797,0.7974,3.20,5.60
2008.04.08 01:01:35.669,0.797,0.7974,2.40,5.60
2008.04.08 01:01:35.898,0.797,0.7974,2.40,5.60
2008.04.08 01:01:36.126,0.797,0.7974,2.40,5.60
2008.04.08 01:01:36.355,0.797,0.7974,2.40,5.60
2008.04.08 01:01:36.691,0.797,0.7974,2.40,5.60
2008.04.08 01:01:37.025,0.797,0.7974,2.40,5.60
2008.04.08 01:01:37.358,0.797,0.7974,2.40,5.60
2008.04.08 01:01:37.623,0.797,0.7974,2.40,5.60
2008.04.08 01:01:37.893,0.797,0.7974,2.40,5.60
2008.04.08 01:01:38.156,0.797,0.7974,2.40,5.60
2008.04.08 01:01:38.421,0.797,0.7974,2.40,5.60
2008.04.08 01:01:38.709,0.797,0.7974,2.40,5.60
2008.04.08 01:01:38.998,0.797,0.7974,2.40,5.60
2008.04.08 01:01:39.287,0.797,0.7974,2.40,5.60
2008.04.08 01:01:39.592,0.797,0.7974,2.40,5.60
2008.04.08 01:01:39.896,0.797,0.7974,2.40,5.60
2008.04.08 01:01:40.200,0.797,0.7974,2.40,5.60
2008.04.08 01:01:40.504,0.797,0.7974,2.40,5.60
2008.04.08 01:01:40.769,0.797,0.7974,2.40,5.60
2008.04.08 01:01:41.033,0.797,0.7974,2.40,5.60
2008.04.08 01:01:41.299,0.797,0.7974,2.40,5.60
2008.04.08 01:01:41.553,0.797,0.7974,2.40,5.60
2008.04.08 01:01:41.806,0.797,0.7974,2.40,5.60
2008.04.08 01:01:42.064,0.79695,0.7972,0.80,2.40
2008.04.08 01:01:42.319,0.79695,0.7972,0.80,2.40
2008.04.08 01:01:42.649,0.79695,0.79725,0.80,1.60
2008.04.08 01:01:42.980,0.797,0.7973,2.40,0.80
2008.04.08 01:01:43.309,0.797,0.7974,2.40,8.40
2008.04.08 01:01:43.524,0.797,0.7974,2.40,8.40
2008.04.08 01:01:43.738,0.797,0.7974,2.40,8.40
2008.04.08 01:01:43.963,0.797,0.7974,2.40,8.40
2008.04.08 01:01:44.166,0.797,0.7974,2.40,8.40
2008.04.08 01:01:44.379,0.797,0.7974,2.40,8.40
2008.04.08 01:01:44.719,0.797,0.7974,2.40,8.40
2008.04.08 01:01:45.053,0.797,0.7974,2.40,8.40
2008.04.08 01:01:45.387,0.797,0.7974,2.40,8.40
2008.04.08 01:01:45.612,0.797,0.7974,2.40,8.40
2008.04.08 01:01:45.836,0.797,0.7974,2.40,8.40
2008.04.08 01:01:46.062,0.797,0.7974,2.40,8.40
2008.04.08 01:01:46.284,0.797,0.7974,2.40,8.40
2008.04.08 01:01:46.510,0.797,0.7974,2.40,8.40
2008.04.08 01:01:46.815,0.797,0.7974,2.40,8.40
2008.04.08 01:01:47.123,0.797,0.7974,2.40,8.40
2008.04.08 01:01:47.433,0.797,0.7974,2.40,8.40
2008.04.08 01:01:47.729,0.797,0.7974,2.40,8.40
2008.04.08 01:01:48.023,0.797,0.7974,2.40,8.40
2008.04.08 01:01:48.316,0.797,0.7974,2.40,8.40
2008.04.08 01:01:48.618,0.797,0.7974,2.40,8.40
2008.04.08 01:01:48.871,0.797,0.7974,2.40,8.40
2008.04.08 01:01:49.126,0.797,0.7974,2.40,8.40
2008.04.08 01:01:49.378,0.797,0.7974,2.40,8.40
2008.04.08 01:01:49.632,0.797,0.7974,2.40,8.40
2008.04.08 01:01:49.941,0.797,0.7974,2.40,8.40
2008.04.08 01:01:50.252,0.797,0.7974,2.40,8.40
2008.04.08 01:01:50.560,0.797,0.7974,2.40,8.40
2008.04.08 01:01:50.801,0.797,0.7974,2.40,8.40
2008.04.08 01:01:51.040,0.797,0.7974,2.40,8.40
2008.04.08 01:01:51.278,0.797,0.7974,2.40,8.40
2008.04.08 01:01:51.517,0.797,0.7974,2.40,8.40
2008.04.08 01:01:51.846,0.797,0.7974,2.40,8.40
2008.04.08 01:01:52.175,0.797,0.7974,2.40,8.40
2008.04.08 01:01:52.505,0.797,0.7974,2.40,8.40
2008.04.08 01:01:52.739,0.797,0.7974,2.40,8.40
2008.04.08 01:01:52.973,0.797,0.7974,2.40,8.40
2008.04.08 01:01:53.207,0.797,0.7974,2.40,8.40
2008.04.08 01:01:53.442,0.797,0.7974,2.40,8.40
2008.04.08 01:01:53.675,0.797,0.7974,2.40,8.40
2008.04.08 01:01:54.005,0.797,0.7974,2.40,8.40
2008.04.08 01:01:54.334,0.797,0.7974,2.40,8.40
2008.04.08 01:01:54.666,0.797,0.7974,2.40,8.40
2008.04.08 01:01:54.935,0.797,0.7974,2.40,8.40
2008.04.08 01:01:55.204,0.797,0.7974,2.40,8.40
2008.04.08 01:01:55.474,0.797,0.7974,2.40,8.40
2008.04.08 01:01:55.736,0.797,0.7974,2.40,8.40
2008.04.08 01:01:55.996,0.797,0.7974,2.40,8.40
2008.04.08 01:01:56.255,0.797,0.7974,2.40,8.40
2008.04.08 01:01:56.515,0.797,0.7974,2.40,8.40
2008.04.08 01:01:56.826,0.797,0.7974,2.40,8.40
2008.04.08 01:01:57.136,0.797,0.7974,2.40,9.20
2008.04.08 01:01:57.447,0.797,0.7974,2.40,13.20
2008.04.08 01:01:57.764,0.797,0.79735,2.40,1.60
2008.04.08 01:01:58.036,0.797,0.79735,2.40,1.60
2008.04.08 01:01:58.305,0.797,0.79735,2.40,1.60
2008.04.08 01:01:58.578,0.797,0.79735,2.40,1.60
2008.04.08 01:01:58.818,0.797,0.79735,2.40,1.60
2008.04.08 01:01:59.058,0.797,0.79735,2.40,1.60
2008.04.08 01:01:59.311,0.797,0.79735,2.40,1.60
2008.04.08 01:01:59.562,0.797,0.79735,2.40,1.60
2008.04.08 01:01:59.909,0.797,0.79735,2.40,1.60
2008.04.08 01:02:00.254,0.797,0.79735,2.40,1.60
2008.04.08 01:02:00.587,0.797,0.79735,2.40,1.60
2008.04.08 01:02:00.805,0.797,0.79735,2.40,1.60
2008.04.08 01:02:01.034,0.797,0.79735,2.40,1.60
2008.04.08 01:02:01.262,0.797,0.79735,2.40,1.60
2008.04.08 01:02:01.502,0.797,0.79735,2.40,1.60
2008.04.08 01:02:01.720,0.797,0.79735,2.40,1.60
2008.04.08 01:02:02.055,0.797,0.79735,2.40,1.60
2008.04.08 01:02:02.388,0.797,0.79735,2.40,1.60
2008.04.08 01:02:02.722,0.797,0.79735,2.40,1.60
2008.04.08 01:02:02.962,0.797,0.79735,2.40,1.60
2008.04.08 01:02:03.207,0.797,0.79735,2.40,1.60
2008.04.08 01:02:03.456,0.797,0.79735,2.40,1.60
2008.04.08 01:02:03.696,0.797,0.79735,2.40,1.60
2008.04.08 01:02:03.978,0.797,0.79735,2.40,1.60
2008.04.08 01:02:04.272,0.797,0.79735,2.40,1.60
2008.04.08 01:02:04.567,0.797,0.79735,2.40,1.60
2008.04.08 01:02:04.860,0.797,0.79735,2.40,1.60
2008.04.08 01:02:05.134,0.797,0.79735,2.40,1.60
2008.04.08 01:02:05.408,0.797,0.79735,2.40,1.60
2008.04.08 01:02:05.682,0.797,0.79735,2.40,1.60
2008.04.08 01:02:05.925,0.797,0.79735,2.40,1.60
2008.04.08 01:02:06.170,0.797,0.79735,2.40,1.60
2008.04.08 01:02:06.421,0.797,0.79735,2.40,1.60
2008.04.08 01:02:06.668,0.797,0.7974,2.40,14.00
2008.04.08 01:02:06.986,0.797,0.7974,2.40,14.00
2008.04.08 01:02:07.306,0.797,0.7974,2.40,13.20
2008.04.08 01:02:07.624,0.797,0.7974,2.40,13.20
2008.04.08 01:02:07.942,0.797,0.7974,2.40,13.20
2008.04.08 01:02:08.196,0.797,0.7974,2.40,13.20
2008.04.08 01:02:08.450,0.797,0.7974,2.40,13.20
2008.04.08 01:02:08.704,0.797,0.7974,2.40,13.20
2008.04.08 01:02:08.998,0.797,0.7974,2.40,13.20
2008.04.08 01:02:09.294,0.797,0.7974,2.40,13.20
2008.04.08 01:02:09.599,0.797,0.7974,2.40,14.80
2008.04.08 01:02:09.893,0.797,0.7974,2.40,14.80
2008.04.08 01:02:10.162,0.797,0.7974,2.40,14.80
2008.04.08 01:02:10.444,0.797,0.7974,2.40,14.80
2008.04.08 01:02:10.733,0.797,0.7974,2.40,14.00
2008.04.08 01:02:10.990,0.797,0.7974,2.40,14.00
2008.04.08 01:02:11.251,0.797,0.7974,2.40,14.00
2008.04.08 01:02:11.512,0.797,0.7974,2.40,14.00
2008.04.08 01:02:11.771,0.797,0.7974,2.40,14.00
2008.04.08 01:02:12.102,0.797,0.7974,2.40,14.00
2008.04.08 01:02:12.433,0.797,0.7974,2.40,14.00
2008.04.08 01:02:12.762,0.797,0.7974,2.40,14.00
2008.04.08 01:02:13.000,0.797,0.7974,2.40,14.00
2008.04.08 01:02:13.239,0.797,0.7974,2.40,14.00
2008.04.08 01:02:13.478,0.797,0.7974,2.40,14.00
2008.04.08 01:02:13.715,0.797,0.7974,2.40,14.00
2008.04.08 01:02:13.954,0.797,0.7974,2.40,14.00
2008.04.08 01:02:14.288,0.797,0.7974,2.40,14.00
2008.04.08 01:02:14.621,0.797,0.7974,2.40,14.00
2008.04.08 01:02:14.967,0.797,0.7974,2.40,14.00
2008.04.08 01:02:15.200,0.797,0.7974,2.40,14.00
2008.04.08 01:02:15.436,0.797,0.7974,2.40,14.00
2008.04.08 01:02:15.675,0.797,0.7974,2.40,14.00
2008.04.08 01:02:15.919,0.797,0.7974,2.40,14.00
2008.04.08 01:02:16.238,0.797,0.7974,2.40,14.00
2008.04.08 01:02:16.553,0.797,0.7974,2.40,14.00
2008.04.08 01:02:16.868,0.797,0.7974,2.40,14.00
2008.04.08 01:02:17.151,0.797,0.7974,2.40,14.00
2008.04.08 01:02:17.436,0.797,0.7974,2.40,14.00
2008.04.08 01:02:17.720,0.797,0.7974,2.40,14.00
2008.04.08 01:02:18.006,0.797,0.7974,2.40,14.00
2008.04.08 01:02:18.285,0.797,0.7974,2.40,14.00
2008.04.08 01:02:18.553,0.797,0.7974,2.40,14.00
2008.04.08 01:02:18.829,0.797,0.7974,2.40,14.00
2008.04.08 01:02:19.101,0.797,0.7974,2.40,14.00
2008.04.08 01:02:19.395,0.797,0.7974,2.40,14.00
2008.04.08 01:02:19.699,0.797,0.7974,2.40,14.00
2008.04.08 01:02:20.004,0.797,0.7974,2.40,14.00
2008.04.08 01:02:20.229,0.797,0.7974,2.40,14.00
2008.04.08 01:02:20.454,0.797,0.7974,2.40,14.00
2008.04.08 01:02:20.678,0.797,0.7974,2.40,14.00
2008.04.08 01:02:20.903,0.797,0.7974,2.40,14.00
2008.04.08 01:02:21.135,0.797,0.7974,2.40,14.00
2008.04.08 01:02:21.465,0.797,0.7974,2.40,14.00
2008.04.08 01:02:21.796,0.797,0.7974,2.40,14.00
2008.04.08 01:02:22.125,0.797,0.7974,2.40,14.00
2008.04.08 01:02:22.372,0.797,0.7974,2.40,14.00
2008.04.08 01:02:22.616,0.797,0.7974,2.40,14.00
2008.04.08 01:02:22.859,0.797,0.7974,2.40,14.00
2008.04.08 01:02:23.103,0.797,0.7974,2.40,14.00
2008.04.08 01:02:23.426,0.797,0.7974,2.40,14.00
2008.04.08 01:02:23.750,0.797,0.7974,2.40,14.00
2008.04.08 01:02:24.074,0.797,0.7974,2.40,14.00
2008.04.08 01:02:24.332,0.797,0.7974,2.40,14.00
2008.04.08 01:02:24.591,0.797,0.7974,2.40,14.00
2008.04.08 01:02:24.850,0.797,0.7974,2.40,14.00
2008.04.08 01:02:25.117,0.797,0.7974,2.40,14.00
2008.04.08 01:02:25.390,0.797,0.7974,2.40,14.00
2008.04.08 01:02:25.663,0.797,0.7974,2.40,14.00
2008.04.08 01:02:25.937,0.797,0.7974,2.40,14.00
2008.04.08 01:02:26.212,0.797,0.7974,2.40,14.00
2008.04.08 01:02:26.475,0.797,0.7974,2.40,14.00
2008.04.08 01:02:26.739,0.797,0.7974,2.40,14.00
2008.04.08 01:02:27.005,0.797,0.7974,2.40,14.00
2008.04.08 01:02:27.269,0.797,0.7974,2.40,14.00
2008.04.08 01:02:27.598,0.797,0.7974,2.40,14.00
2008.04.08 01:02:27.927,0.797,0.7974,2.40,14.00
2008.04.08 01:02:28.257,0.797,0.7974,2.40,14.00
2008.04.08 01:02:28.467,0.797,0.7974,2.40,14.00
2008.04.08 01:02:28.677,0.797,0.7974,2.40,14.00
2008.04.08 01:02:28.888,0.797,0.7974,2.40,14.00
2008.04.08 01:02:29.097,0.797,0.7974,2.40,14.00
2008.04.08 01:02:29.306,0.797,0.7974,2.40,14.00
2008.04.08 01:02:29.638,0.797,0.7974,2.40,14.00
2008.04.08 01:02:29.974,0.797,0.7974,2.40,14.00
2008.04.08 01:02:30.306,0.797,0.7974,2.40,14.00
2008.04.08 01:02:30.535,0.797,0.7974,2.40,14.00
2008.04.08 01:02:30.763,0.797,0.7974,2.40,14.00
2008.04.08 01:02:30.992,0.797,0.7974,2.40,14.00
2008.04.08 01:02:31.221,0.797,0.7974,2.40,14.00
2008.04.08 01:02:31.535,0.797,0.7974,2.40,14.00
2008.04.08 01:02:31.851,0.797,0.7974,2.40,14.00
2008.04.08 01:02:32.166,0.797,0.7974,2.40,14.00
2008.04.08 01:02:32.481,0.797,0.7974,2.40,14.00
2008.04.08 01:02:32.754,0.797,0.7974,2.40,14.00
2008.04.08 01:02:33.028,0.797,0.7974,2.40,14.00
2008.04.08 01:02:33.312,0.797,0.7974,2.40,14.00
2008.04.08 01:02:33.581,0.797,0.7974,2.40,14.00
2008.04.08 01:02:33.863,0.797,0.7974,2.40,14.00
2008.04.08 01:02:34.142,0.797,0.7974,2.40,14.00
2008.04.08 01:02:34.423,0.797,0.7974,2.40,14.00
2008.04.08 01:02:34.742,0.797,0.7974,2.40,14.00
2008.04.08 01:02:35.060,0.797,0.7974,2.40,14.00
2008.04.08 01:02:35.379,0.797,0.7974,2.40,14.00
2008.04.08 01:02:35.601,0.797,0.7974,2.40,14.00
2008.04.08 01:02:35.816,0.797,0.7974,2.40,14.00
2008.04.08 01:02:36.029,0.797,0.7974,2.40,14.00
2008.04.08 01:02:36.244,0.797,0.7974,2.40,14.00
2008.04.08 01:02:36.460,0.797,0.7974,2.40,14.00
2008.04.08 01:02:36.793,0.797,0.7974,2.40,14.00
2008.04.08 01:02:37.128,0.797,0.7974,2.40,14.00
2008.04.08 01:02:37.461,0.797,0.7974,2.40,14.00
2008.04.08 01:02:37.700,0.797,0.7974,2.40,14.00
2008.04.08 01:02:37.939,0.797,0.7974,2.40,14.00
2008.04.08 01:02:38.178,0.797,0.7974,2.40,14.00
2008.04.08 01:02:38.416,0.797,0.7974,2.40,14.00
2008.04.08 01:02:38.706,0.797,0.7974,2.40,14.00
2008.04.08 01:02:38.994,0.797,0.7974,2.40,14.00
2008.04.08 01:02:39.283,0.797,0.7974,2.40,14.00
2008.04.08 01:02:39.572,0.797,0.7974,2.40,14.00
2008.04.08 01:02:39.882,0.797,0.7974,2.40,14.00
2008.04.08 01:02:40.187,0.797,0.7974,2.40,14.00
2008.04.08 01:02:40.490,0.797,0.7974,2.40,14.00
2008.04.08 01:02:40.708,0.797,0.7974,2.40,14.00
2008.04.08 01:02:40.927,0.797,0.7974,2.40,14.00
2008.04.08 01:02:41.146,0.797,0.7974,2.40,14.00
2008.04.08 01:02:41.365,0.797,0.7974,2.40,14.00
2008.04.08 01:02:41.584,0.797,0.7974,2.40,14.00
2008.04.08 01:02:41.918,0.797,0.7974,2.40,14.00
2008.04.08 01:02:42.264,0.797,0.7974,2.40,14.00
2008.04.08 01:02:42.598,0.797,0.7974,2.40,14.00
2008.04.08 01:02:42.853,0.797,0.7974,2.40,14.00
2008.04.08 01:02:43.106,0.797,0.7974,2.40,14.00
2008.04.08 01:02:43.360,0.797,0.7974,2.40,14.00
2008.04.08 01:02:43.614,0.797,0.7974,2.40,14.00
2008.04.08 01:02:43.933,0.797,0.7974,2.40,14.00
2008.04.08 01:02:44.253,0.797,0.7974,2.40,14.00
2008.04.08 01:02:44.580,0.797,0.7974,2.40,14.00
2008.04.08 01:02:44.807,0.797,0.7974,2.40,14.00
2008.04.08 01:02:45.037,0.797,0.7974,2.40,14.00
2008.04.08 01:02:45.265,0.797,0.7974,2.40,14.00
2008.04.08 01:02:45.495,0.797,0.7974,2.40,14.00
2008.04.08 01:02:45.724,0.797,0.7974,2.40,14.00
2008.04.08 01:02:46.030,0.797,0.7974,2.40,14.00
2008.04.08 01:02:46.333,0.797,0.7974,2.40,14.00
2008.04.08 01:02:46.636,0.797,0.7974,2.40,14.00
2008.04.08 01:02:46.912,0.797,0.7974,2.40,14.00
2008.04.08 01:02:47.185,0.797,0.7974,2.40,14.00
2008.04.08 01:02:47.460,0.797,0.7974,2.40,14.00
2008.04.08 01:02:47.733,0.797,0.7974,2.40,14.00
2008.04.08 01:02:47.991,0.797,0.7974,2.40,14.00
2008.04.08 01:02:48.250,0.797,0.7974,2.40,14.00
2008.04.08 01:02:48.509,0.797,0.7974,2.40,14.00
2008.04.08 01:02:48.768,0.797,0.7974,2.40,14.00
2008.04.08 01:02:49.047,0.797,0.7974,2.40,14.00
2008.04.08 01:02:49.326,0.797,0.7974,2.40,14.00
2008.04.08 01:02:49.604,0.797,0.7974,2.40,14.00
2008.04.08 01:02:49.885,0.797,0.7974,2.40,14.00
2008.04.08 01:02:50.198,0.797,0.7974,2.40,14.00
2008.04.08 01:02:50.512,0.797,0.7974,2.40,14.00
2008.04.08 01:02:50.826,0.797,0.7974,2.40,14.00
2008.04.08 01:02:51.050,0.797,0.7974,2.40,14.00
2008.04.08 01:02:51.278,0.797,0.7974,2.40,14.00
2008.04.08 01:02:51.497,0.797,0.7974,2.40,14.00
2008.04.08 01:02:51.718,0.797,0.7974,2.40,14.00
2008.04.08 01:02:52.051,0.797,0.7974,2.40,14.00
2008.04.08 01:02:52.385,0.797,0.7974,2.40,14.00
2008.04.08 01:02:52.719,0.797,0.7974,2.40,14.00
2008.04.08 01:02:53.053,0.797,0.7974,2.40,14.00
2008.04.08 01:02:53.278,0.797,0.7974,2.40,14.00
2008.04.08 01:02:53.501,0.797,0.7974,2.40,14.00
2008.04.08 01:02:53.737,0.797,0.7974,2.40,14.00
2008.04.08 01:02:54.072,0.797,0.7974,2.40,14.00
2008.04.08 01:02:54.406,0.797,0.7974,2.40,14.00
2008.04.08 01:02:54.740,0.797,0.7974,2.40,14.00
2008.04.08 01:02:55.075,0.797,0.7974,2.40,14.00
2008.04.08 01:02:55.299,0.797,0.7974,2.40,14.00
2008.04.08 01:02:55.533,0.797,0.7974,2.40,14.00
2008.04.08 01:02:55.757,0.797,0.7974,2.40,14.00
2008.04.08 01:02:55.980,0.797,0.7974,2.40,14.00
2008.04.08 01:02:56.304,0.797,0.7974,2.40,14.00
2008.04.08 01:02:56.628,0.797,0.7974,2.40,14.00
2008.04.08 01:02:56.951,0.797,0.7974,2.40,14.00
2008.04.08 01:02:57.213,0.797,0.7974,2.40,14.00
2008.04.08 01:02:57.478,0.797,0.7974,2.40,14.00
2008.04.08 01:02:57.741,0.797,0.7974,2.40,14.00
2008.04.08 01:02:58.004,0.797,0.7974,2.40,14.00
2008.04.08 01:02:58.258,0.797,0.7974,2.40,14.00
2008.04.08 01:02:58.510,0.797,0.7974,2.40,14.00
2008.04.08 01:02:58.764,0.797,0.7974,2.40,14.00
2008.04.08 01:02:59.018,0.797,0.7974,2.40,14.00
2008.04.08 01:02:59.322,0.797,0.7974,2.40,14.00
2008.04.08 01:02:59.626,0.797,0.7974,2.40,14.00
2008.04.08 01:02:59.930,0.797,0.7974,2.40,14.00
2008.04.08 01:03:00.184,0.797,0.7974,2.40,14.00
2008.04.08 01:03:00.439,0.797,0.7974,2.40,14.00
2008.04.08 01:03:00.693,0.797,0.7974,2.40,14.00
2008.04.08 01:03:00.949,0.797,0.7974,2.40,14.00
2008.04.08 01:03:01.232,0.797,0.7974,2.40,14.00
2008.04.08 01:03:01.516,0.797,0.7974,2.40,14.00
2008.04.08 01:03:01.803,0.797,0.7974,2.40,14.00
2008.04.08 01:03:02.088,0.797,0.7974,2.40,14.00
2008.04.08 01:03:02.400,0.797,0.7974,2.40,14.00
2008.04.08 01:03:02.714,0.797,0.7974,2.40,14.00
2008.04.08 01:03:03.029,0.797,0.7974,2.40,14.00
2008.04.08 01:03:03.260,0.797,0.7974,2.40,14.00
2008.04.08 01:03:03.490,0.797,0.7974,2.40,14.00
2008.04.08 01:03:03.748,0.797,0.7974,2.40,14.00
2008.04.08 01:03:03.978,0.797,0.7974,2.40,14.00
2008.04.08 01:03:04.218,0.797,0.7974,2.40,14.00
2008.04.08 01:03:04.551,0.797,0.7974,2.40,14.00
2008.04.08 01:03:04.896,0.797,0.7974,2.40,14.00
2008.04.08 01:03:05.238,0.797,0.7974,2.40,14.00
2008.04.08 01:03:05.479,0.797,0.7974,2.40,14.00
2008.04.08 01:03:05.721,0.797,0.7974,2.40,14.00
2008.04.08 01:03:05.940,0.797,0.7974,2.40,14.00
2008.04.08 01:03:06.170,0.797,0.7974,2.40,14.00
2008.04.08 01:03:06.455,0.797,0.7974,2.40,14.00
2008.04.08 01:03:06.738,0.797,0.7974,2.40,14.00
2008.04.08 01:03:07.024,0.797,0.7974,2.40,14.00
2008.04.08 01:03:07.305,0.797,0.7974,2.40,14.00
2008.04.08 01:03:07.589,0.797,0.7974,2.40,14.00
2008.04.08 01:03:07.877,0.797,0.7974,2.40,14.00
2008.04.08 01:03:08.155,0.797,0.7974,2.40,14.00
2008.04.08 01:03:08.410,0.797,0.7974,2.40,14.00
2008.04.08 01:03:08.664,0.797,0.7974,2.40,14.00
2008.04.08 01:03:08.920,0.797,0.7974,2.40,14.00
2008.04.08 01:03:09.172,0.797,0.7974,2.40,14.00
2008.04.08 01:03:09.493,0.797,0.7974,2.40,14.00
2008.04.08 01:03:09.811,0.797,0.7974,2.40,14.00
2008.04.08 01:03:10.130,0.797,0.7974,2.40,14.00
2008.04.08 01:03:10.374,0.797,0.7974,2.40,14.00
2008.04.08 01:03:10.618,0.797,0.7974,2.40,14.00
2008.04.08 01:03:10.863,0.797,0.7974,2.40,14.00
2008.04.08 01:03:11.106,0.797,0.7974,2.40,14.00
2008.04.08 01:03:11.372,0.797,0.7974,2.40,14.00
2008.04.08 01:03:11.636,0.797,0.7974,2.40,14.00
2008.04.08 01:03:11.900,0.797,0.7974,2.40,14.00
2008.04.08 01:03:12.166,0.797,0.7974,2.40,14.00
2008.04.08 01:03:12.491,0.797,0.7974,2.40,14.00
2008.04.08 01:03:12.815,0.797,0.7974,2.40,14.00
2008.04.08 01:03:13.140,0.797,0.7974,2.40,14.00
2008.04.08 01:03:13.375,0.797,0.7974,2.40,14.00
2008.04.08 01:03:13.609,0.797,0.7974,2.40,14.00
2008.04.08 01:03:13.844,0.797,0.7974,2.40,14.00
2008.04.08 01:03:14.078,0.797,0.7974,2.40,14.00
2008.04.08 01:03:14.311,0.797,0.7974,2.40,14.00
2008.04.08 01:03:15.746,0.797,0.7974,2.40,14.00
2008.04.08 01:03:15.816,0.797,0.7974,2.40,14.00
2008.04.08 01:03:15.855,0.797,0.7974,2.40,14.00
2008.04.08 01:03:15.901,0.797,0.7974,2.40,14.00
2008.04.08 01:03:15.970,0.797,0.7974,2.40,14.00
2008.04.08 01:03:16.080,0.797,0.7974,2.40,14.00
2008.04.08 01:03:16.178,0.797,0.7974,2.40,14.00
2008.04.08 01:03:16.301,0.797,0.7974,2.40,14.00
2008.04.08 01:03:16.387,0.797,0.7974,2.40,14.00
2008.04.08 01:03:16.518,0.797,0.7974,2.40,14.00
2008.04.08 01:03:17.878,0.797,0.7974,2.40,14.00
2008.04.08 01:03:17.922,0.797,0.7974,2.40,14.00
2008.04.08 01:03:18.244,0.797,0.7974,2.40,14.00
2008.04.08 01:03:18.580,0.797,0.7974,2.40,14.00
2008.04.08 01:03:18.925,0.797,0.7974,2.40,14.00
2008.04.08 01:03:19.214,0.797,0.7974,2.40,14.00
2008.04.08 01:03:19.514,0.797,0.7974,2.40,14.00
2008.04.08 01:03:19.826,0.797,0.7974,2.40,14.00
2008.04.08 01:03:20.135,0.797,0.7974,2.40,14.00
2008.04.08 01:03:20.389,0.797,0.7974,2.40,14.00
2008.04.08 01:03:20.673,0.797,0.7974,2.40,14.00
2008.04.08 01:03:20.936,0.797,0.7974,2.40,14.00
2008.04.08 01:03:21.210,0.797,0.7974,2.40,14.00
2008.04.08 01:03:21.492,0.797,0.7974,2.40,14.00
2008.04.08 01:03:21.766,0.797,0.7974,2.40,14.00
2008.04.08 01:03:22.042,0.797,0.7974,2.40,14.00
2008.04.08 01:03:22.302,0.797,0.7974,2.40,14.00
2008.04.08 01:03:22.560,0.797,0.7974,2.40,14.00
2008.04.08 01:03:22.819,0.797,0.7974,2.40,14.00
2008.04.08 01:03:23.085,0.797,0.7974,2.40,14.00
2008.04.08 01:03:23.358,0.797,0.7974,2.40,14.00
2008.04.08 01:03:23.633,0.797,0.7974,2.40,14.00
2008.04.08 01:03:23.908,0.797,0.7974,2.40,14.00
2008.04.08 01:03:24.183,0.797,0.7974,2.40,14.00
2008.04.08 01:03:24.483,0.797,0.7974,2.40,14.00
2008.04.08 01:03:24.790,0.797,0.7974,2.40,14.00
2008.04.08 01:03:25.098,0.797,0.7974,2.40,14.00
2008.04.08 01:03:25.408,0.797,0.7974,2.40,14.00
2008.04.08 01:03:25.646,0.797,0.7974,2.40,14.00
2008.04.08 01:03:25.886,0.797,0.7974,2.40,14.00
2008.04.08 01:03:26.126,0.797,0.7974,2.40,14.00
2008.04.08 01:03:26.365,0.797,0.7974,2.40,14.00
2008.04.08 01:03:26.642,0.797,0.7974,2.40,14.00
2008.04.08 01:03:26.921,0.797,0.7974,2.40,14.00
2008.04.08 01:03:27.201,0.797,0.7974,2.40,14.00
2008.04.08 01:03:27.487,0.797,0.7974,2.40,14.00
2008.04.08 01:03:27.792,0.797,0.7974,2.40,14.00
2008.04.08 01:03:28.073,0.797,0.7974,2.40,14.00
2008.04.08 01:03:28.368,0.797,0.7974,2.40,14.00
2008.04.08 01:03:28.601,0.797,0.7974,2.40,14.00
2008.04.08 01:03:28.836,0.797,0.7974,2.40,14.00
2008.04.08 01:03:29.069,0.797,0.7974,2.40,14.00
2008.04.08 01:03:29.314,0.797,0.7974,2.40,14.00
2008.04.08 01:03:29.548,0.797,0.7974,2.40,14.00
2008.04.08 01:03:29.883,0.797,0.7974,2.40,14.00
2008.04.08 01:03:30.229,0.797,0.7974,2.40,14.00
2008.04.08 01:03:30.563,0.797,0.7974,2.40,14.00
2008.04.08 01:03:30.797,0.797,0.7974,2.40,14.00
2008.04.08 01:03:31.031,0.797,0.7974,2.40,14.00
2008.04.08 01:03:31.254,0.797,0.7974,2.40,14.00
2008.04.08 01:03:31.478,0.797,0.7974,2.40,14.00
2008.04.08 01:03:31.767,0.797,0.7974,2.40,14.00
2008.04.08 01:03:32.057,0.797,0.7974,2.40,14.00
2008.04.08 01:03:32.346,0.797,0.7974,2.40,14.00
2008.04.08 01:03:32.639,0.797,0.7974,2.40,14.00
2008.04.08 01:03:32.948,0.797,0.7974,2.40,14.00
2008.04.08 01:03:33.256,0.797,0.7974,2.40,14.00
2008.04.08 01:03:33.564,0.797,0.7974,2.40,14.00
2008.04.08 01:03:33.768,0.797,0.7974,2.40,14.00
2008.04.08 01:03:33.973,0.797,0.7974,2.40,14.00
2008.04.08 01:03:34.176,0.797,0.7974,2.40,14.00
2008.04.08 01:03:34.380,0.797,0.7974,2.40,14.00
2008.04.08 01:03:34.583,0.797,0.7974,2.40,14.00
2008.04.08 01:03:34.918,0.797,0.7974,2.40,14.00
2008.04.08 01:03:35.252,0.797,0.7974,2.40,14.00
2008.04.08 01:03:35.587,0.797,0.7974,2.40,14.00
2008.04.08 01:03:35.815,0.797,0.7974,2.40,14.00
2008.04.08 01:03:36.049,0.797,0.7974,2.40,14.00
2008.04.08 01:03:36.278,0.797,0.7974,2.40,14.00
2008.04.08 01:03:36.506,0.797,0.7974,2.40,14.00
2008.04.08 01:03:36.737,0.7969,0.7973,0.80,8.00
2008.04.08 01:03:37.047,0.7968,0.7973,12.30,8.00
2008.04.08 01:03:37.356,0.7968,0.7973,8.00,8.40
2008.04.08 01:03:37.665,0.7968,0.7973,8.00,8.40
2008.04.08 01:03:37.944,0.7968,0.7973,8.00,8.40
2008.04.08 01:03:38.223,0.7968,0.7973,8.00,8.40
2008.04.08 01:03:38.503,0.7968,0.7973,8.00,8.40
2008.04.08 01:03:38.783,0.7968,0.7973,8.00,8.40
2008.04.08 01:03:39.052,0.7968,0.7973,8.00,8.40
2008.04.08 01:03:39.323,0.7968,0.7973,8.00,8.40
2008.04.08 01:03:39.590,0.7968,0.7973,8.00,8.40
2008.04.08 01:03:39.860,0.7968,0.7973,8.00,8.40
2008.04.08 01:03:40.179,0.7968,0.7973,8.00,8.40
2008.04.08 01:03:40.497,0.7968,0.7973,8.00,8.40
2008.04.08 01:03:40.818,0.7968,0.7973,8.00,8.40
2008.04.08 01:03:41.052,0.7968,0.7973,8.00,8.40
2008.04.08 01:03:41.285,0.7968,0.7973,8.00,8.40
2008.04.08 01:03:41.519,0.7968,0.7973,8.00,8.40
2008.04.08 01:03:41.754,0.7968,0.7972,2.40,8.80
2008.04.08 01:03:42.074,0.7968,0.7972,2.40,8.80
2008.04.08 01:03:42.394,0.7968,0.7972,2.40,10.40
2008.04.08 01:03:42.713,0.7968,0.7972,2.40,10.40
2008.04.08 01:03:42.961,0.7968,0.7972,2.40,10.40
2008.04.08 01:03:43.210,0.7968,0.7972,2.40,10.40
2008.04.08 01:03:43.458,0.7968,0.7972,2.40,10.40
2008.04.08 01:03:43.709,0.7968,0.7972,2.40,10.40
2008.04.08 01:03:43.957,0.7968,0.7972,2.40,10.40
2008.04.08 01:03:44.222,0.7968,0.7972,2.40,10.40
2008.04.08 01:03:44.485,0.7968,0.7972,2.40,10.40
2008.04.08 01:03:44.749,0.7968,0.7972,2.40,10.40
2008.04.08 01:03:45.012,0.7968,0.7972,2.40,10.40
2008.04.08 01:03:45.356,0.7968,0.7972,2.40,10.40
2008.04.08 01:03:45.700,0.79695,0.7972,0.80,4.80
2008.04.08 01:03:46.036,0.79695,0.7972,0.80,2.40
2008.04.08 01:03:46.271,0.79695,0.7972,0.80,2.40
2008.04.08 01:03:46.511,0.79695,0.7972,0.80,2.40
2008.04.08 01:03:46.746,0.79695,0.7972,0.80,2.40
2008.04.08 01:03:46.981,0.79695,0.7972,0.80,2.40
2008.04.08 01:03:47.316,0.7968,0.7972,3.90,8.80
2008.04.08 01:03:47.650,0.79685,0.7972,0.80,8.80
2008.04.08 01:03:47.986,0.79685,0.7972,0.80,8.80
2008.04.08 01:03:48.233,0.79685,0.7972,0.80,8.80
2008.04.08 01:03:48.470,0.79685,0.7972,0.80,8.80
2008.04.08 01:03:48.713,0.79685,0.7972,0.80,8.80
2008.04.08 01:03:48.965,0.79685,0.7972,0.80,8.80
2008.04.08 01:03:49.282,0.79685,0.7972,0.80,8.80
2008.04.08 01:03:49.601,0.79685,0.7972,0.80,8.80
2008.04.08 01:03:49.932,0.79685,0.7972,0.80,8.80
2008.04.08 01:03:50.182,0.79685,0.7972,0.80,8.80
2008.04.08 01:03:50.410,0.79685,0.7971,0.80,1.60
2008.04.08 01:03:50.649,0.79685,0.7971,0.80,2.40
2008.04.08 01:03:50.889,0.79685,0.7971,0.80,2.40
2008.04.08 01:03:51.183,0.79685,0.7971,0.80,2.40
2008.04.08 01:03:51.477,0.79685,0.7971,0.80,2.40
2008.04.08 01:03:51.771,0.79685,0.7971,0.80,2.40
2008.04.08 01:03:52.065,0.79685,0.7971,0.80,2.40
2008.04.08 01:03:52.360,0.79685,0.7971,0.80,2.40
2008.04.08 01:03:52.653,0.79685,0.7971,0.80,8.00
2008.04.08 01:03:52.949,0.79675,0.7971,0.80,10.40
2008.04.08 01:03:53.188,0.79675,0.7971,0.80,10.40
2008.04.08 01:03:53.427,0.79675,0.7971,0.80,10.40
2008.04.08 01:03:53.667,0.79675,0.7971,0.80,10.40
2008.04.08 01:03:53.906,0.79675,0.7971,0.80,10.40
2008.04.08 01:03:54.229,0.79675,0.7971,0.80,10.40
2008.04.08 01:03:54.555,0.79675,0.7971,0.80,10.40
2008.04.08 01:03:54.878,0.79675,0.7971,0.80,10.40
2008.04.08 01:03:55.202,0.79675,0.7971,0.80,10.40
2008.04.08 01:03:55.446,0.79675,0.7971,0.80,10.40
2008.04.08 01:03:55.689,0.79675,0.7971,0.80,10.40
2008.04.08 01:03:55.945,0.79675,0.7971,0.80,10.40
2008.04.08 01:03:56.236,0.79675,0.7971,0.80,10.40
2008.04.08 01:03:56.541,0.79675,0.7971,0.80,10.40
2008.04.08 01:03:56.837,0.79675,0.7971,0.80,10.40
2008.04.08 01:03:57.131,0.79675,0.7971,0.80,10.40
2008.04.08 01:03:57.446,0.79675,0.7971,0.80,10.40
2008.04.08 01:03:57.760,0.79675,0.7971,0.80,10.40
2008.04.08 01:03:58.076,0.79675,0.7971,0.80,10.40
2008.04.08 01:03:58.310,0.79675,0.7971,0.80,10.40
2008.04.08 01:03:58.555,0.79675,0.7971,0.80,10.40
2008.04.08 01:03:58.828,0.79675,0.7971,0.80,10.40
2008.04.08 01:03:59.072,0.79675,0.7971,0.80,10.40
2008.04.08 01:03:59.396,0.79675,0.7971,0.80,10.40
2008.04.08 01:03:59.700,0.79675,0.7971,0.80,10.40
2008.04.08 01:04:00.016,0.79675,0.7971,0.80,10.40
2008.04.08 01:04:00.338,0.79675,0.7971,0.80,10.40
2008.04.08 01:04:00.589,0.79675,0.7971,0.80,10.40
2008.04.08 01:04:00.832,0.79675,0.7971,0.80,10.40
2008.04.08 01:04:01.080,0.79675,0.7971,0.80,10.40
2008.04.08 01:04:01.384,0.79675,0.7971,0.80,10.40
2008.04.08 01:04:01.688,0.79675,0.7971,0.80,10.40
2008.04.08 01:04:01.993,0.79675,0.7971,0.80,10.40
2008.04.08 01:04:02.297,0.79675,0.7971,0.80,10.40
2008.04.08 01:04:02.569,0.79675,0.7971,0.80,10.40
2008.04.08 01:04:02.838,0.79675,0.7971,0.80,10.40
2008.04.08 01:04:03.106,0.79675,0.7971,0.80,10.40
2008.04.08 01:04:03.385,0.79675,0.7971,0.80,10.40
2008.04.08 01:04:03.663,0.79675,0.7971,0.80,10.40
2008.04.08 01:04:03.937,0.79675,0.7971,0.80,10.40
2008.04.08 01:04:04.212,0.79675,0.7971,0.80,10.40
2008.04.08 01:04:04.510,0.79675,0.7971,0.80,10.40
2008.04.08 01:04:04.809,0.79675,0.7971,0.80,10.40
2008.04.08 01:04:05.108,0.79675,0.7971,0.80,10.40
2008.04.08 01:04:05.407,0.79675,0.7971,0.80,10.40
2008.04.08 01:04:05.624,0.79675,0.7971,0.80,10.40
2008.04.08 01:04:05.844,0.79675,0.7971,0.80,10.40
2008.04.08 01:04:06.063,0.79675,0.7971,0.80,10.40
2008.04.08 01:04:06.283,0.79675,0.7971,0.80,10.40
2008.04.08 01:04:06.606,0.79675,0.7971,0.80,10.40
2008.04.08 01:04:06.930,0.79675,0.7971,0.80,10.40
2008.04.08 01:04:07.255,0.79675,0.7971,0.80,10.40
2008.04.08 01:04:07.587,0.79675,0.7971,0.80,10.40
2008.04.08 01:04:07.836,0.79675,0.7971,0.80,10.40
2008.04.08 01:04:08.085,0.79675,0.7971,0.80,10.40
2008.04.08 01:04:08.334,0.79675,0.7971,0.80,10.40
2008.04.08 01:04:08.598,0.79675,0.7971,0.80,10.40
2008.04.08 01:04:08.856,0.79675,0.7971,0.80,10.40
2008.04.08 01:04:09.115,0.79675,0.7971,0.80,10.40
2008.04.08 01:04:09.374,0.79675,0.7971,0.80,10.40
2008.04.08 01:04:09.684,0.79675,0.7971,0.80,10.40
2008.04.08 01:04:09.982,0.79675,0.7971,0.80,10.40
2008.04.08 01:04:10.281,0.79675,0.7971,0.80,10.40
2008.04.08 01:04:10.581,0.79675,0.7971,0.80,10.40
2008.04.08 01:04:10.855,0.79675,0.7971,0.80,10.40
2008.04.08 01:04:11.129,0.79675,0.7971,0.80,10.40
2008.04.08 01:04:11.403,0.79675,0.7971,0.80,10.40
2008.04.08 01:04:11.617,0.79675,0.7971,0.80,10.40
2008.04.08 01:04:11.834,0.79675,0.7971,0.80,10.40
2008.04.08 01:04:12.049,0.79675,0.7971,0.80,10.40
2008.04.08 01:04:12.263,0.79675,0.7971,0.80,10.40
2008.04.08 01:04:12.476,0.79675,0.7971,0.80,10.40
2008.04.08 01:04:12.810,0.79675,0.7971,0.80,10.40
2008.04.08 01:04:13.145,0.79675,0.7971,0.80,10.40
2008.04.08 01:04:13.480,0.79675,0.7971,0.80,10.40
2008.04.08 01:04:13.704,0.79675,0.7971,0.80,10.40
2008.04.08 01:04:13.909,0.79675,0.7971,0.80,10.40
2008.04.08 01:04:14.121,0.79675,0.7971,0.80,10.40
2008.04.08 01:04:14.336,0.79675,0.7971,0.80,10.40
2008.04.08 01:04:14.549,0.79675,0.7971,0.80,10.40
2008.04.08 01:04:14.884,0.79675,0.7971,0.80,10.40
2008.04.08 01:04:15.219,0.79675,0.7971,0.80,10.40
2008.04.08 01:04:15.553,0.79675,0.7971,0.80,10.40
2008.04.08 01:04:15.780,0.79675,0.7971,0.80,10.40
2008.04.08 01:04:15.993,0.79675,0.7971,0.80,10.40
2008.04.08 01:04:16.208,0.79675,0.7971,0.80,10.40
2008.04.08 01:04:16.424,0.79675,0.7971,0.80,10.40
2008.04.08 01:04:16.637,0.79675,0.7971,0.80,10.40
2008.04.08 01:04:16.851,0.79675,0.7971,0.80,10.40
2008.04.08 01:04:17.160,0.79675,0.7971,0.80,10.40
2008.04.08 01:04:17.469,0.79675,0.7971,0.80,10.40
2008.04.08 01:04:17.779,0.79675,0.7971,0.80,10.40
2008.04.08 01:04:18.084,0.79675,0.7971,0.80,10.40
2008.04.08 01:04:18.379,0.79675,0.7971,0.80,10.40
2008.04.08 01:04:18.683,0.79675,0.7971,0.80,10.40
2008.04.08 01:04:18.975,0.79675,0.7971,0.80,10.40
2008.04.08 01:04:19.209,0.79675,0.7971,0.80,10.40
2008.04.08 01:04:19.443,0.79675,0.7971,0.80,10.40
2008.04.08 01:04:19.677,0.79675,0.7971,0.80,10.40
2008.04.08 01:04:19.912,0.79675,0.7971,0.80,10.40
2008.04.08 01:04:20.236,0.79675,0.7971,0.80,10.40
2008.04.08 01:04:20.560,0.79675,0.7971,0.80,10.40
2008.04.08 01:04:20.884,0.79675,0.7971,0.80,10.40
2008.04.08 01:04:21.118,0.79675,0.7971,0.80,10.40
2008.04.08 01:04:21.353,0.79675,0.7971,0.80,10.40
2008.04.08 01:04:21.587,0.79675,0.7971,0.80,10.40
2008.04.08 01:04:21.822,0.79675,0.7971,0.80,10.40
2008.04.08 01:04:22.157,0.79675,0.7971,0.80,10.40
2008.04.08 01:04:22.491,0.79675,0.7971,0.80,10.40
2008.04.08 01:04:22.825,0.79675,0.7971,0.80,10.40
2008.04.08 01:04:23.159,0.79675,0.7971,0.80,10.40
2008.04.08 01:04:23.364,0.79675,0.7971,0.80,10.40
2008.04.08 01:04:23.567,0.79675,0.7971,0.80,10.40
2008.04.08 01:04:23.773,0.79675,0.7971,0.80,10.40
2008.04.08 01:04:23.977,0.79675,0.7971,0.80,10.40
2008.04.08 01:04:24.310,0.79675,0.7971,0.80,10.40
2008.04.08 01:04:24.644,0.79675,0.7971,0.80,10.40
2008.04.08 01:04:24.978,0.79675,0.7971,0.80,10.40
2008.04.08 01:04:25.202,0.79675,0.7971,0.80,10.40
2008.04.08 01:04:25.425,0.79675,0.7971,0.80,10.40
2008.04.08 01:04:25.649,0.79675,0.7971,0.80,10.40
2008.04.08 01:04:25.873,0.79675,0.7971,0.80,10.40
2008.04.08 01:04:26.177,0.79675,0.7971,0.80,10.40
2008.04.08 01:04:26.482,0.79675,0.7971,0.80,10.40
2008.04.08 01:04:26.788,0.79675,0.7971,0.80,10.40
2008.04.08 01:04:27.094,0.79675,0.7971,0.80,10.40
2008.04.08 01:04:27.378,0.79675,0.7971,0.80,10.40
2008.04.08 01:04:27.663,0.79675,0.7971,0.80,10.40
2008.04.08 01:04:27.947,0.79675,0.7971,0.80,10.40
2008.04.08 01:04:28.209,0.79675,0.7971,0.80,10.40
2008.04.08 01:04:28.470,0.79675,0.7971,0.80,10.40
2008.04.08 01:04:28.729,0.79675,0.7971,0.80,10.40
2008.04.08 01:04:29.000,0.79675,0.7971,0.80,10.40
2008.04.08 01:04:29.334,0.79675,0.7971,0.80,10.40
2008.04.08 01:04:29.647,0.79675,0.7971,0.80,10.40
2008.04.08 01:04:29.971,0.79675,0.7971,0.80,10.40
2008.04.08 01:04:30.172,0.79675,0.7971,0.80,10.40
2008.04.08 01:04:30.369,0.79675,0.7971,0.80,10.40
2008.04.08 01:04:30.569,0.79675,0.7971,0.80,10.40
2008.04.08 01:04:30.772,0.79675,0.7971,0.80,10.40
2008.04.08 01:04:30.973,0.79675,0.7971,0.80,10.40
2008.04.08 01:04:31.308,0.79675,0.7971,0.80,10.40
2008.04.08 01:04:31.652,0.79675,0.7971,0.80,10.40
2008.04.08 01:04:31.986,0.79675,0.7971,0.80,10.40
2008.04.08 01:04:32.320,0.79675,0.7971,0.80,10.40
2008.04.08 01:04:32.573,0.79675,0.7971,0.80,10.40
2008.04.08 01:04:32.828,0.79675,0.7971,0.80,10.40
2008.04.08 01:04:33.081,0.79675,0.7971,0.80,10.40
2008.04.08 01:04:33.370,0.79675,0.7971,0.80,10.40
2008.04.08 01:04:33.659,0.79675,0.7971,0.80,10.40
2008.04.08 01:04:33.955,0.79675,0.7971,0.80,10.40
2008.04.08 01:04:34.258,0.79675,0.7971,0.80,10.40
2008.04.08 01:04:34.566,0.79675,0.7971,0.80,10.40
2008.04.08 01:04:34.870,0.79675,0.7971,0.80,10.40
2008.04.08 01:04:35.170,0.79675,0.7971,0.80,10.40
2008.04.08 01:04:35.419,0.79675,0.7971,0.80,10.40
2008.04.08 01:04:35.646,0.79675,0.7971,0.80,10.40
2008.04.08 01:04:35.880,0.79675,0.7971,0.80,10.40
2008.04.08 01:04:36.113,0.79675,0.7971,0.80,10.40
2008.04.08 01:04:36.424,0.79675,0.7971,0.80,10.40
2008.04.08 01:04:36.743,0.79675,0.7971,0.80,10.40
2008.04.08 01:04:37.052,0.79675,0.7971,0.80,10.40
2008.04.08 01:04:37.349,0.79675,0.7971,0.80,10.40
2008.04.08 01:04:37.635,0.79675,0.7971,0.80,10.40
2008.04.08 01:04:37.919,0.79675,0.7971,0.80,10.40
2008.04.08 01:04:38.202,0.79675,0.7971,0.80,10.40
2008.04.08 01:04:38.462,0.79675,0.7971,0.80,10.40
2008.04.08 01:04:38.722,0.79675,0.7971,0.80,10.40
2008.04.08 01:04:38.981,0.79675,0.7971,0.80,10.40
2008.04.08 01:04:39.240,0.79675,0.7971,0.80,10.40
2008.04.08 01:04:39.564,0.79675,0.7971,0.80,10.40
2008.04.08 01:04:39.889,0.79675,0.7971,0.80,10.40
2008.04.08 01:04:40.192,0.79675,0.7971,0.80,10.40
2008.04.08 01:04:40.436,0.79675,0.7971,0.80,10.40
2008.04.08 01:04:40.680,0.79675,0.7971,0.80,10.40
2008.04.08 01:04:40.924,0.79675,0.7971,0.80,10.40
2008.04.08 01:04:41.167,0.79675,0.7971,0.80,10.40
2008.04.08 01:04:41.458,0.79675,0.7971,0.80,10.40
2008.04.08 01:04:41.748,0.79675,0.7971,0.80,10.40
2008.04.08 01:04:42.037,0.79675,0.7971,0.80,10.40
2008.04.08 01:04:42.328,0.79675,0.7971,0.80,10.40
2008.04.08 01:04:42.612,0.79675,0.7971,0.80,10.40
2008.04.08 01:04:42.897,0.79675,0.7971,0.80,10.40
2008.04.08 01:04:43.183,0.79675,0.7971,0.80,10.40
2008.04.08 01:04:43.447,0.79675,0.7971,0.80,10.40
2008.04.08 01:04:43.713,0.79675,0.7971,0.80,10.40
2008.04.08 01:04:43.976,0.79675,0.7971,0.80,10.40
2008.04.08 01:04:44.233,0.79675,0.7971,0.80,10.40
2008.04.08 01:04:44.534,0.79675,0.7971,0.80,10.40
2008.04.08 01:04:44.834,0.79675,0.7971,0.80,10.40
2008.04.08 01:04:45.133,0.79675,0.7971,0.80,10.40
2008.04.08 01:04:45.438,0.79675,0.7971,0.80,10.40
2008.04.08 01:04:45.703,0.79675,0.7971,0.80,10.40
2008.04.08 01:04:45.966,0.79675,0.7971,0.80,10.40
2008.04.08 01:04:46.230,0.79675,0.7971,0.80,10.40
2008.04.08 01:04:46.534,0.79675,0.7971,0.80,10.40
2008.04.08 01:04:46.837,0.79675,0.7971,0.80,10.40
2008.04.08 01:04:47.140,0.79675,0.7971,0.80,10.40
2008.04.08 01:04:47.444,0.79675,0.7971,0.80,10.40
2008.04.08 01:04:47.749,0.7967,0.7971,10.90,10.40
2008.04.08 01:04:48.053,0.7967,0.7971,10.90,10.40
2008.04.08 01:04:48.359,0.7967,0.7971,10.90,10.40
2008.04.08 01:04:48.601,0.7967,0.7971,10.90,10.40
2008.04.08 01:04:48.839,0.79675,0.7971,0.80,10.40
2008.04.08 01:04:49.079,0.79675,0.7971,0.80,10.40
2008.04.08 01:04:49.318,0.79675,0.7971,0.80,10.40
2008.04.08 01:04:49.654,0.79675,0.7971,0.80,10.40
2008.04.08 01:04:49.988,0.79675,0.7971,0.80,10.40
2008.04.08 01:04:50.322,0.79675,0.7971,0.80,10.40
2008.04.08 01:04:50.556,0.79675,0.7971,0.80,10.40
2008.04.08 01:04:50.791,0.79675,0.7971,0.80,10.40
2008.04.08 01:04:51.025,0.79675,0.7971,0.80,10.40
2008.04.08 01:04:51.270,0.79675,0.7971,0.80,10.40
2008.04.08 01:04:51.502,0.79675,0.7971,0.80,10.40
2008.04.08 01:04:51.838,0.79675,0.7971,0.80,10.40
2008.04.08 01:04:52.171,0.79675,0.7971,0.80,10.40
2008.04.08 01:04:52.506,0.79675,0.7971,0.80,10.40
2008.04.08 01:04:52.765,0.79675,0.7971,0.80,10.40
2008.04.08 01:04:53.023,0.79675,0.7971,0.80,10.40
2008.04.08 01:04:53.283,0.79675,0.7971,0.80,10.40
2008.04.08 01:04:53.543,0.79675,0.7971,0.80,10.40
2008.04.08 01:04:53.855,0.79675,0.7971,0.80,10.40
2008.04.08 01:04:54.163,0.79675,0.7971,0.80,10.40
2008.04.08 01:04:54.471,0.79675,0.7971,0.80,10.40
2008.04.08 01:04:54.746,0.79675,0.7971,0.80,10.40
2008.04.08 01:04:55.022,0.79675,0.7971,0.80,10.40
2008.04.08 01:04:55.296,0.79675,0.7971,0.80,10.40
2008.04.08 01:04:55.569,0.79675,0.7971,0.80,10.40
2008.04.08 01:04:55.863,0.79675,0.7971,0.80,10.40
2008.04.08 01:04:56.157,0.79675,0.7971,0.80,10.40
2008.04.08 01:04:56.451,0.79675,0.7971,0.80,10.40
2008.04.08 01:04:56.710,0.79675,0.7971,0.80,10.40
2008.04.08 01:04:56.969,0.79675,0.7971,0.80,10.40
2008.04.08 01:04:57.227,0.79675,0.7971,0.80,10.40
2008.04.08 01:04:57.485,0.79675,0.7971,0.80,10.40
2008.04.08 01:04:57.789,0.79685,0.7971,0.80,4.80
2008.04.08 01:04:58.094,0.79685,0.7971,0.80,4.80
2008.04.08 01:04:58.399,0.79685,0.7971,0.80,2.40
2008.04.08 01:04:58.703,0.79685,0.7973,0.80,10.40
2008.04.08 01:04:58.972,0.79685,0.7973,0.80,10.80
2008.04.08 01:04:59.241,0.79685,0.7973,0.80,10.80
2008.04.08 01:04:59.511,0.79685,0.7973,0.80,10.80
2008.04.08 01:04:59.796,0.7968,0.7973,9.40,10.80
2008.04.08 01:05:00.081,0.7968,0.7973,5.60,10.80
2008.04.08 01:05:00.364,0.7968,0.7973,5.60,10.80
2008.04.08 01:05:00.648,0.7968,0.7973,5.60,10.80
2008.04.08 01:05:00.937,0.7968,0.7973,5.60,10.80
2008.04.08 01:05:01.226,0.7968,0.7973,5.60,10.80
2008.04.08 01:05:01.516,0.7968,0.7973,5.60,10.80
2008.04.08 01:05:01.782,0.7968,0.7972,5.60,2.40
2008.04.08 01:05:02.047,0.79675,0.7971,0.80,2.40
2008.04.08 01:05:02.311,0.79675,0.7971,0.80,2.40
2008.04.08 01:05:02.574,0.79675,0.7971,0.80,2.40
2008.04.08 01:05:02.859,0.79675,0.7971,0.80,2.40
2008.04.08 01:05:03.144,0.79675,0.7971,0.80,2.40
2008.04.08 01:05:03.428,0.79675,0.7971,0.80,2.40
2008.04.08 01:05:03.720,0.79675,0.7971,0.80,2.40
2008.04.08 01:05:04.001,0.79675,0.7971,0.80,2.40
2008.04.08 01:05:04.275,0.79675,0.7971,0.80,2.40
2008.04.08 01:05:04.549,0.79675,0.7971,0.80,2.40
2008.04.08 01:05:04.829,0.79685,0.7972,0.80,8.80
2008.04.08 01:05:05.110,0.79685,0.7972,0.80,8.80
2008.04.08 01:05:05.388,0.79685,0.7972,0.80,8.80
2008.04.08 01:05:05.666,0.79685,0.7972,0.80,8.80
2008.04.08 01:05:05.941,0.79685,0.7972,0.80,8.80
2008.04.08 01:05:06.215,0.79685,0.7972,0.80,8.80
2008.04.08 01:05:06.490,0.79685,0.7972,0.80,8.80
2008.04.08 01:05:06.763,0.79685,0.7972,0.80,8.80
2008.04.08 01:05:07.054,0.79685,0.7972,0.80,8.80
2008.04.08 01:05:07.342,0.79685,0.7972,0.80,8.80
2008.04.08 01:05:07.632,0.79685,0.7972,0.80,8.80
2008.04.08 01:05:07.907,0.79685,0.7972,0.80,8.80
2008.04.08 01:05:08.180,0.79685,0.7972,0.80,8.80
2008.04.08 01:05:08.455,0.79685,0.7972,0.80,8.80
2008.04.08 01:05:08.731,0.79685,0.7972,0.80,8.80
2008.04.08 01:05:09.013,0.79685,0.7972,0.80,8.80
2008.04.08 01:05:09.293,0.79685,0.7972,0.80,8.80
2008.04.08 01:05:09.572,0.79685,0.7972,0.80,8.80
2008.04.08 01:05:09.851,0.79685,0.7972,0.80,8.80
2008.04.08 01:05:10.159,0.79685,0.7972,0.80,8.80
2008.04.08 01:05:10.481,0.79685,0.7972,0.80,8.80
2008.04.08 01:05:10.779,0.79685,0.7972,0.80,8.80
2008.04.08 01:05:11.028,0.79685,0.7972,0.80,8.80
2008.04.08 01:05:11.271,0.79685,0.7972,0.80,8.80
2008.04.08 01:05:11.514,0.79685,0.7972,0.80,8.80
2008.04.08 01:05:11.758,0.79685,0.7972,0.80,8.80
2008.04.08 01:05:12.076,0.79685,0.7972,0.80,8.80
2008.04.08 01:05:12.396,0.79685,0.7972,0.80,8.80
2008.04.08 01:05:12.717,0.79685,0.7972,0.80,8.80
2008.04.08 01:05:12.992,0.79685,0.7972,0.80,8.80
2008.04.08 01:05:13.266,0.79685,0.7972,0.80,8.80
2008.04.08 01:05:13.542,0.79685,0.7972,0.80,8.80
2008.04.08 01:05:13.814,0.79685,0.7972,0.80,8.80
2008.04.08 01:05:14.071,0.79685,0.7972,0.80,8.80
2008.04.08 01:05:14.314,0.79685,0.7972,0.80,8.80
2008.04.08 01:05:14.557,0.79685,0.7972,0.80,8.80
2008.04.08 01:05:14.799,0.79685,0.7972,0.80,8.80
2008.04.08 01:05:15.121,0.79685,0.7972,0.80,8.80
2008.04.08 01:05:15.441,0.7968,0.7972,2.40,11.60
2008.04.08 01:05:15.760,0.7968,0.7972,2.40,11.60
2008.04.08 01:05:16.082,0.7968,0.7972,2.40,11.60
2008.04.08 01:05:16.357,0.7968,0.7972,2.40,11.60
2008.04.08 01:05:16.632,0.7968,0.7972,2.40,11.60
2008.04.08 01:05:16.905,0.7968,0.7972,2.40,11.60
2008.04.08 01:05:17.190,0.7968,0.7972,2.40,11.60
2008.04.08 01:05:17.477,0.7968,0.7972,2.40,11.60
2008.04.08 01:05:17.761,0.7968,0.7972,2.40,11.60
2008.04.08 01:05:18.044,0.7968,0.7972,2.40,11.60
2008.04.08 01:05:18.333,0.7968,0.7972,2.40,11.60
2008.04.08 01:05:18.621,0.7968,0.7972,2.40,11.60
2008.04.08 01:05:18.910,0.7968,0.7972,2.40,11.60
2008.04.08 01:05:19.146,0.7968,0.7972,2.40,11.60
2008.04.08 01:05:19.382,0.7968,0.7972,2.40,11.60
2008.04.08 01:05:19.616,0.7968,0.7972,2.40,11.60
2008.04.08 01:05:19.850,0.7968,0.7972,2.40,11.60
2008.04.08 01:05:20.085,0.7968,0.7972,2.40,11.60
2008.04.08 01:05:20.424,0.7968,0.7972,2.40,11.60
2008.04.08 01:05:20.759,0.7968,0.7972,2.40,11.60
2008.04.08 01:05:21.094,0.7968,0.7972,2.40,11.60
2008.04.08 01:05:21.319,0.7968,0.7972,2.40,11.60
2008.04.08 01:05:21.544,0.7968,0.7972,2.40,11.60
2008.04.08 01:05:21.770,0.7968,0.7972,2.40,11.60
2008.04.08 01:05:21.996,0.7968,0.7972,2.40,11.60
2008.04.08 01:05:22.330,0.7968,0.7972,2.40,11.60
2008.04.08 01:05:22.663,0.7968,0.7972,2.40,11.60
2008.04.08 01:05:23.006,0.7968,0.7972,2.40,11.60
2008.04.08 01:05:23.253,0.7968,0.7972,2.40,11.60
2008.04.08 01:05:23.490,0.7968,0.7972,2.40,11.60
2008.04.08 01:05:23.730,0.7968,0.7972,2.40,11.60
2008.04.08 01:05:23.981,0.7968,0.7972,2.40,11.60
2008.04.08 01:05:24.315,0.7968,0.7972,2.40,11.60
2008.04.08 01:05:24.647,0.7968,0.7972,2.40,11.60
2008.04.08 01:05:24.976,0.7968,0.7972,2.40,11.60
2008.04.08 01:05:25.222,0.7968,0.7972,2.40,11.60
2008.04.08 01:05:25.460,0.7968,0.7972,2.40,11.60
2008.04.08 01:05:25.705,0.7968,0.79715,2.40,1.60
2008.04.08 01:05:25.954,0.7968,0.79715,2.40,1.60
2008.04.08 01:05:26.201,0.7968,0.79715,2.40,1.60
2008.04.08 01:05:26.537,0.7968,0.79715,2.40,1.60
2008.04.08 01:05:26.873,0.7968,0.79715,2.40,1.60
2008.04.08 01:05:27.206,0.7968,0.79715,2.40,1.60
2008.04.08 01:05:27.475,0.7968,0.79715,2.40,1.60
2008.04.08 01:05:27.755,0.7968,0.79715,2.40,1.60
2008.04.08 01:05:28.024,0.7968,0.79715,2.40,1.60
2008.04.08 01:05:28.272,0.7968,0.79715,2.40,1.60
2008.04.08 01:05:28.521,0.7968,0.79715,2.40,1.60
2008.04.08 01:05:28.771,0.7968,0.79715,2.40,1.60
2008.04.08 01:05:29.020,0.7968,0.79715,2.40,1.60
2008.04.08 01:05:29.353,0.7968,0.79715,2.40,1.60
2008.04.08 01:05:29.687,0.7968,0.79715,2.40,1.60
2008.04.08 01:05:30.021,0.7968,0.79715,2.40,1.60
2008.04.08 01:05:30.250,0.7968,0.79715,2.40,1.60
2008.04.08 01:05:30.479,0.7968,0.79715,2.40,1.60
2008.04.08 01:05:30.708,0.7968,0.79715,2.40,1.60
2008.04.08 01:05:30.937,0.7968,0.79715,2.40,1.60
2008.04.08 01:05:31.166,0.7968,0.79715,2.40,1.60
2008.04.08 01:05:31.500,0.7968,0.79715,2.40,1.60
2008.04.08 01:05:31.834,0.7968,0.79715,2.40,1.60
2008.04.08 01:05:32.167,0.7968,0.79715,2.40,1.60
2008.04.08 01:05:32.413,0.7968,0.79715,2.40,1.60
2008.04.08 01:05:32.658,0.7968,0.79715,2.40,1.60
2008.04.08 01:05:32.902,0.7968,0.79715,2.40,1.60
2008.04.08 01:05:33.146,0.7968,0.79715,2.40,1.60
2008.04.08 01:05:33.435,0.7968,0.79715,2.40,1.60
2008.04.08 01:05:33.724,0.7968,0.79715,2.40,1.60
2008.04.08 01:05:34.014,0.7968,0.79715,2.40,1.60
2008.04.08 01:05:34.303,0.7968,0.79715,2.40,1.60
2008.04.08 01:05:34.593,0.7968,0.79715,2.40,1.60
2008.04.08 01:05:34.882,0.7968,0.79715,2.40,1.60
2008.04.08 01:05:35.172,0.7968,0.79715,2.40,1.60
2008.04.08 01:05:35.411,0.7968,0.79715,2.40,1.60
2008.04.08 01:05:35.651,0.7968,0.79715,2.40,1.60
2008.04.08 01:05:35.890,0.7968,0.79715,2.40,1.60
2008.04.08 01:05:36.129,0.7968,0.79715,2.40,1.60
2008.04.08 01:05:36.369,0.7968,0.79715,2.40,1.60
2008.04.08 01:05:36.694,0.7968,0.79715,2.40,1.60
2008.04.08 01:05:37.018,0.7968,0.79715,2.40,1.60
2008.04.08 01:05:37.341,0.7968,0.79715,2.40,1.60
2008.04.08 01:05:37.610,0.7968,0.79715,2.40,1.60
2008.04.08 01:05:37.878,0.7968,0.79715,2.40,1.60
2008.04.08 01:05:38.147,0.7968,0.79715,2.40,1.60
2008.04.08 01:05:38.416,0.7968,0.79715,2.40,1.60
2008.04.08 01:05:38.695,0.7968,0.79715,2.40,1.60
2008.04.08 01:05:38.973,0.7968,0.79715,2.40,1.60
2008.04.08 01:05:39.252,0.7968,0.79715,2.40,1.60
2008.04.08 01:05:39.531,0.7968,0.79715,2.40,1.60
2008.04.08 01:05:39.809,0.7968,0.79715,2.40,1.60
2008.04.08 01:05:40.087,0.7968,0.79715,2.40,1.60
2008.04.08 01:05:40.365,0.7968,0.79715,2.40,1.60
2008.04.08 01:05:40.650,0.7968,0.79715,2.40,1.60
2008.04.08 01:05:40.934,0.7968,0.79715,2.40,1.60
2008.04.08 01:05:41.218,0.7968,0.79715,2.40,1.60
2008.04.08 01:05:41.497,0.7968,0.79715,2.40,1.60
2008.04.08 01:05:41.776,0.7968,0.79715,2.40,1.60
2008.04.08 01:05:42.056,0.7968,0.79715,2.40,1.60
2008.04.08 01:05:42.349,0.7968,0.79715,2.40,1.60
2008.04.08 01:05:42.686,0.7968,0.79715,2.40,1.60
2008.04.08 01:05:42.985,0.7968,0.7972,8.00,0.80
2008.04.08 01:05:43.287,0.7968,0.7973,8.00,8.80
2008.04.08 01:05:43.541,0.7968,0.7973,8.00,8.80
2008.04.08 01:05:43.772,0.7968,0.7973,8.00,8.80
2008.04.08 01:05:44.016,0.7968,0.7973,8.00,8.80
2008.04.08 01:05:44.259,0.7968,0.7973,8.00,8.80
2008.04.08 01:05:44.505,0.7968,0.7973,8.00,8.80
2008.04.08 01:05:44.841,0.79685,0.7973,0.80,8.80
2008.04.08 01:05:45.180,0.79685,0.7973,0.80,11.20
2008.04.08 01:05:45.514,0.79685,0.7973,0.80,11.20
2008.04.08 01:05:45.744,0.79685,0.7973,0.80,11.20
2008.04.08 01:05:45.973,0.79685,0.7973,0.80,11.20
2008.04.08 01:05:46.203,0.79685,0.7973,0.80,11.20
2008.04.08 01:05:46.431,0.79685,0.7973,0.80,11.20
2008.04.08 01:05:46.767,0.79685,0.7973,0.80,11.20
2008.04.08 01:05:47.101,0.79685,0.7973,0.80,11.20
2008.04.08 01:05:47.446,0.79685,0.7973,0.80,11.20
2008.04.08 01:05:47.703,0.79685,0.7973,0.80,11.20
2008.04.08 01:05:47.973,0.79685,0.7973,0.80,11.20
2008.04.08 01:05:48.231,0.79685,0.7973,0.80,11.20
2008.04.08 01:05:48.490,0.79685,0.7973,0.80,11.20
2008.04.08 01:05:48.779,0.79685,0.7973,0.80,11.20
2008.04.08 01:05:49.067,0.79685,0.7973,0.80,11.20
2008.04.08 01:05:49.356,0.79685,0.7973,0.80,11.20
2008.04.08 01:05:49.635,0.79685,0.7973,0.80,11.20
2008.04.08 01:05:49.914,0.79685,0.7973,0.80,11.20
2008.04.08 01:05:50.194,0.79685,0.7973,0.80,11.20
2008.04.08 01:05:50.473,0.79685,0.79725,0.80,1.60
2008.04.08 01:05:50.727,0.79685,0.79725,0.80,1.60
2008.04.08 01:05:50.980,0.79685,0.79725,0.80,1.60
2008.04.08 01:05:51.235,0.79685,0.79725,0.80,1.60
2008.04.08 01:05:51.490,0.79705,0.79725,0.80,1.60
2008.04.08 01:05:51.774,0.79705,0.79725,0.80,1.60
2008.04.08 01:05:52.059,0.79705,0.79725,0.80,1.60
2008.04.08 01:05:52.343,0.79705,0.79725,0.80,1.60
2008.04.08 01:05:52.628,0.79705,0.79725,0.80,1.60
2008.04.08 01:05:52.929,0.797,0.79725,0.80,1.60
2008.04.08 01:05:53.228,0.79685,0.79725,0.80,1.60
2008.04.08 01:05:53.528,0.79685,0.79725,0.80,1.60
2008.04.08 01:05:53.771,0.79685,0.79725,0.80,1.60
2008.04.08 01:05:54.014,0.79685,0.79725,0.80,1.60
2008.04.08 01:05:54.257,0.79685,0.79725,0.80,1.60
2008.04.08 01:05:54.502,0.79685,0.79725,0.80,1.60
2008.04.08 01:05:54.816,0.79685,0.79725,0.80,1.60
2008.04.08 01:05:55.130,0.79685,0.79725,0.80,1.60
2008.04.08 01:05:55.444,0.79685,0.79725,0.80,1.60
2008.04.08 01:05:55.678,0.79685,0.79725,0.80,1.60
2008.04.08 01:05:55.911,0.79685,0.79725,0.80,1.60
2008.04.08 01:05:56.146,0.79685,0.79725,0.80,1.60
2008.04.08 01:05:56.381,0.79685,0.79725,0.80,1.60
2008.04.08 01:05:56.615,0.79685,0.79725,0.80,1.60
2008.04.08 01:05:56.910,0.79685,0.79725,0.80,1.60
2008.04.08 01:05:57.205,0.79685,0.79725,0.80,1.60
2008.04.08 01:05:57.501,0.79685,0.79725,0.80,1.60
2008.04.08 01:05:57.795,0.79685,0.79725,0.80,1.60
2008.04.08 01:05:58.079,0.79685,0.79725,0.80,1.60
2008.04.08 01:05:58.364,0.79685,0.7972,0.80,0.80
2008.04.08 01:05:58.650,0.79685,0.7972,0.80,8.80
2008.04.08 01:05:58.895,0.79685,0.7972,0.80,8.80
2008.04.08 01:05:59.139,0.79685,0.79715,0.80,1.60
2008.04.08 01:05:59.382,0.79685,0.79715,0.80,1.60
2008.04.08 01:05:59.627,0.79685,0.79715,0.80,1.60
2008.04.08 01:05:59.957,0.79685,0.79715,0.80,1.60
2008.04.08 01:06:00.287,0.79685,0.79715,0.80,1.60
2008.04.08 01:06:00.616,0.79685,0.79715,0.80,1.60
2008.04.08 01:06:00.835,0.79685,0.79715,0.80,1.60
2008.04.08 01:06:01.054,0.79685,0.79715,0.80,1.60
2008.04.08 01:06:01.274,0.79685,0.79715,0.80,1.60
2008.04.08 01:06:01.493,0.79685,0.79715,0.80,1.60
2008.04.08 01:06:01.808,0.79685,0.79715,0.80,1.60
2008.04.08 01:06:02.124,0.79685,0.79715,0.80,1.60
2008.04.08 01:06:02.438,0.79685,0.79715,0.80,1.60
2008.04.08 01:06:02.751,0.79685,0.79715,0.80,1.60
2008.04.08 01:06:03.021,0.79685,0.7971,0.80,2.40
2008.04.08 01:06:03.290,0.79685,0.7971,0.80,2.40
2008.04.08 01:06:03.559,0.79685,0.7971,0.80,2.40
2008.04.08 01:06:03.827,0.79685,0.7971,0.80,2.40
2008.04.08 01:06:04.092,0.79685,0.7971,0.80,2.40
2008.04.08 01:06:04.357,0.79685,0.7971,0.80,2.40
2008.04.08 01:06:04.620,0.79685,0.7971,0.80,2.40
2008.04.08 01:06:04.884,0.79685,0.7971,0.80,2.40
2008.04.08 01:06:05.193,0.79685,0.7971,0.80,2.40
2008.04.08 01:06:05.502,0.79685,0.7971,0.80,2.40
2008.04.08 01:06:05.811,0.79685,0.7971,0.80,2.40
2008.04.08 01:06:06.035,0.79685,0.7971,0.80,2.40
2008.04.08 01:06:06.259,0.79685,0.7971,0.80,2.40
2008.04.08 01:06:06.483,0.79685,0.7971,0.80,2.40
2008.04.08 01:06:06.707,0.79685,0.7971,0.80,2.40
2008.04.08 01:06:06.930,0.79685,0.7971,0.80,2.40
2008.04.08 01:06:07.260,0.79685,0.7971,0.80,2.40
2008.04.08 01:06:07.590,0.7968,0.7971,2.40,8.00
2008.04.08 01:06:07.918,0.7968,0.7971,2.40,8.00
2008.04.08 01:06:08.152,0.7968,0.7971,2.40,8.00
2008.04.08 01:06:08.385,0.7968,0.7971,2.40,8.00
2008.04.08 01:06:08.619,0.7968,0.7971,2.40,8.00
2008.04.08 01:06:08.853,0.7968,0.7971,2.40,8.00
2008.04.08 01:06:09.162,0.7968,0.7971,2.40,8.00
2008.04.08 01:06:09.472,0.7966,0.7971,12.70,10.40
2008.04.08 01:06:09.782,0.7966,0.7971,12.70,10.40
2008.04.08 01:06:10.091,0.7965,0.797,8.80,5.60
2008.04.08 01:06:10.360,0.7965,0.797,6.40,5.60
2008.04.08 01:06:10.630,0.7963,0.797,12.80,5.60
2008.04.08 01:06:10.900,0.7963,0.7969,1.40,5.60
2008.04.08 01:06:11.141,0.7963,0.7969,1.40,5.60
2008.04.08 01:06:11.380,0.7963,0.79705,1.40,0.80
2008.04.08 01:06:11.620,0.7963,0.79705,1.40,0.80
2008.04.08 01:06:11.859,0.7963,0.79705,1.40,0.80
2008.04.08 01:06:12.154,0.7963,0.79705,1.40,0.80
2008.04.08 01:06:12.448,0.7963,0.79705,1.40,0.80
2008.04.08 01:06:12.742,0.7963,0.79705,1.40,0.80
2008.04.08 01:06:13.036,0.7963,0.79705,1.40,0.80
2008.04.08 01:06:13.316,0.7963,0.79705,1.40,0.80
2008.04.08 01:06:13.596,0.7968,0.7971,2.40,8.00
2008.04.08 01:06:13.876,0.7968,0.7971,2.40,8.00
2008.04.08 01:06:14.135,0.7968,0.7971,2.40,8.00
2008.04.08 01:06:14.394,0.7968,0.7971,2.40,7.20
2008.04.08 01:06:14.653,0.7968,0.7971,2.40,7.20
2008.04.08 01:06:14.911,0.7968,0.7971,2.40,7.20
2008.04.08 01:06:15.206,0.7968,0.7971,2.40,7.20
2008.04.08 01:06:15.509,0.7968,0.7971,2.40,7.20
2008.04.08 01:06:15.812,0.7968,0.7971,2.40,7.20
2008.04.08 01:06:16.105,0.7968,0.7971,2.40,7.20
2008.04.08 01:06:16.371,0.7968,0.7971,2.40,7.20
2008.04.08 01:06:16.624,0.7968,0.7971,2.40,7.20
2008.04.08 01:06:16.878,0.7968,0.7971,2.40,7.20
2008.04.08 01:06:17.132,0.7968,0.7971,2.40,7.20
2008.04.08 01:06:17.461,0.7968,0.7971,2.40,7.20
2008.04.08 01:06:17.790,0.7968,0.7971,2.40,7.20
2008.04.08 01:06:18.119,0.7968,0.7971,2.40,7.20
2008.04.08 01:06:18.334,0.7968,0.7971,2.40,7.20
2008.04.08 01:06:18.547,0.7968,0.7971,2.40,7.20
2008.04.08 01:06:18.761,0.7968,0.7971,2.40,7.20
2008.04.08 01:06:18.985,0.7968,0.7971,2.40,7.20
2008.04.08 01:06:19.330,0.7968,0.7971,2.40,7.20
2008.04.08 01:06:19.665,0.7968,0.7971,2.40,7.20
2008.04.08 01:06:19.998,0.7968,0.7971,2.40,7.20
2008.04.08 01:06:20.247,0.7968,0.7971,2.40,7.20
2008.04.08 01:06:20.504,0.7968,0.7971,2.40,7.20
2008.04.08 01:06:20.753,0.7968,0.7971,2.40,7.20
2008.04.08 01:06:21.002,0.7967,0.7971,0.80,9.60
2008.04.08 01:06:21.283,0.7966,0.7971,9.60,9.60
2008.04.08 01:06:21.563,0.7968,0.7971,2.40,7.20
2008.04.08 01:06:21.842,0.7968,0.7971,2.40,7.20
2008.04.08 01:06:22.121,0.7968,0.7971,2.40,7.20
2008.04.08 01:06:22.440,0.7968,0.7971,2.40,7.20
2008.04.08 01:06:22.759,0.7968,0.7971,2.40,7.20
2008.04.08 01:06:23.079,0.7968,0.7971,2.40,7.20
2008.04.08 01:06:23.298,0.7968,0.7971,2.40,7.20
2008.04.08 01:06:23.517,0.7968,0.7971,2.40,7.20
2008.04.08 01:06:23.736,0.7968,0.7971,2.40,7.20
2008.04.08 01:06:23.955,0.7968,0.7971,2.40,7.20
2008.04.08 01:06:24.175,0.7968,0.7971,2.40,7.20
2008.04.08 01:06:24.511,0.7968,0.7971,2.40,7.20
2008.04.08 01:06:24.845,0.7968,0.7971,2.40,7.20
2008.04.08 01:06:25.179,0.7968,0.7971,2.40,7.20
2008.04.08 01:06:25.408,0.7968,0.7971,2.40,7.20
2008.04.08 01:06:25.637,0.7968,0.7971,2.40,7.20
2008.04.08 01:06:25.866,0.7968,0.7971,2.40,7.20
2008.04.08 01:06:26.095,0.7968,0.7971,2.40,7.20
2008.04.08 01:06:26.326,0.7968,0.7971,2.40,7.20
2008.04.08 01:06:26.640,0.7968,0.7971,2.40,7.20
2008.04.08 01:06:26.954,0.7968,0.7971,2.40,7.20
2008.04.08 01:06:27.268,0.7968,0.7971,2.40,7.20
2008.04.08 01:06:27.547,0.7968,0.7971,2.40,7.20
2008.04.08 01:06:27.828,0.7968,0.7971,2.40,7.20
2008.04.08 01:06:28.106,0.7968,0.7971,2.40,7.20
2008.04.08 01:06:28.384,0.7968,0.7971,2.40,7.20
2008.04.08 01:06:28.654,0.7968,0.7971,2.40,7.20
2008.04.08 01:06:28.924,0.7968,0.7971,2.40,7.20
2008.04.08 01:06:29.194,0.7968,0.7971,2.40,7.20
2008.04.08 01:06:29.463,0.7968,0.7971,2.40,7.20
2008.04.08 01:06:29.788,0.7968,0.7971,2.40,7.20
2008.04.08 01:06:30.113,0.7968,0.7971,2.40,7.20
2008.04.08 01:06:30.436,0.7968,0.7971,2.40,7.20
2008.04.08 01:06:30.656,0.7968,0.7971,2.40,7.20
2008.04.08 01:06:30.884,0.7968,0.7971,2.40,7.20
2008.04.08 01:06:31.102,0.7968,0.7971,2.40,7.20
2008.04.08 01:06:31.321,0.7968,0.7971,2.40,7.20
2008.04.08 01:06:31.650,0.7968,0.7971,2.40,7.20
2008.04.08 01:06:31.979,0.7968,0.7971,2.40,7.20
2008.04.08 01:06:32.307,0.7968,0.7971,2.40,7.20
2008.04.08 01:06:32.562,0.7968,0.7971,2.40,7.20
2008.04.08 01:06:32.817,0.7968,0.7971,2.40,7.20
2008.04.08 01:06:33.071,0.7968,0.7971,2.40,7.20
2008.04.08 01:06:33.325,0.7968,0.7971,2.40,7.20
2008.04.08 01:06:33.613,0.7968,0.7971,2.40,7.20
2008.04.08 01:06:33.905,0.7968,0.7971,2.40,7.20
2008.04.08 01:06:34.194,0.7968,0.7971,2.40,7.20
2008.04.08 01:06:34.483,0.7968,0.7971,2.40,7.20
2008.04.08 01:06:34.772,0.7968,0.7971,2.40,7.20
2008.04.08 01:06:35.060,0.7968,0.7971,2.40,7.20
2008.04.08 01:06:35.349,0.7968,0.7971,2.40,7.20
2008.04.08 01:06:35.593,0.7968,0.7971,2.40,7.20
2008.04.08 01:06:35.835,0.7968,0.7971,2.40,7.20
2008.04.08 01:06:36.080,0.7968,0.7971,2.40,7.20
2008.04.08 01:06:36.325,0.7968,0.7971,2.40,7.20
2008.04.08 01:06:36.569,0.7968,0.7971,2.40,7.20
2008.04.08 01:06:36.863,0.7968,0.7971,2.40,7.20
2008.04.08 01:06:37.156,0.7968,0.7971,2.40,7.20
2008.04.08 01:06:37.452,0.7968,0.7971,2.40,7.20
2008.04.08 01:06:37.755,0.7968,0.7971,2.40,7.20
2008.04.08 01:06:38.060,0.7968,0.7971,2.40,7.20
2008.04.08 01:06:38.363,0.7968,0.7971,2.40,7.20
2008.04.08 01:06:38.666,0.7968,0.7971,2.40,7.20
2008.04.08 01:06:38.905,0.7968,0.7971,2.40,7.20
2008.04.08 01:06:39.146,0.7968,0.7971,2.40,7.20
2008.04.08 01:06:39.384,0.7968,0.7971,2.40,7.20
2008.04.08 01:06:39.688,0.7968,0.7971,2.40,7.20
2008.04.08 01:06:39.992,0.7968,0.7971,2.40,7.20
2008.04.08 01:06:40.296,0.7968,0.7971,2.40,7.20
2008.04.08 01:06:40.612,0.7968,0.7971,2.40,7.20
2008.04.08 01:06:40.856,0.7968,0.7971,2.40,7.20
2008.04.08 01:06:41.100,0.7968,0.7971,2.40,7.20
2008.04.08 01:06:41.344,0.7968,0.7971,2.40,7.20
2008.04.08 01:06:41.587,0.7968,0.7971,2.40,7.20
2008.04.08 01:06:41.862,0.7968,0.7971,2.40,7.20
2008.04.08 01:06:42.135,0.7968,0.7971,2.40,7.20
2008.04.08 01:06:42.409,0.7968,0.7971,2.40,7.20
2008.04.08 01:06:42.720,0.7968,0.7971,2.40,7.20
2008.04.08 01:06:43.029,0.7968,0.7971,2.40,7.20
2008.04.08 01:06:43.338,0.7968,0.7971,2.40,7.20
2008.04.08 01:06:43.646,0.7968,0.7971,2.40,7.20
2008.04.08 01:06:43.886,0.7968,0.7971,2.40,7.20
2008.04.08 01:06:44.126,0.7968,0.7971,2.40,7.20
2008.04.08 01:06:44.365,0.7968,0.7971,2.40,7.20
2008.04.08 01:06:44.604,0.7968,0.7971,2.40,7.20
2008.04.08 01:06:44.917,0.7968,0.7971,2.40,7.20
2008.04.08 01:06:45.231,0.7968,0.7971,2.40,7.20
2008.04.08 01:06:45.554,0.7968,0.7971,2.40,7.20
2008.04.08 01:06:45.868,0.7968,0.7971,2.40,7.20
2008.04.08 01:06:46.097,0.7968,0.7971,2.40,7.20
2008.04.08 01:06:46.336,0.7968,0.7971,2.40,7.20
2008.04.08 01:06:46.565,0.7968,0.7971,2.40,7.20
2008.04.08 01:06:46.793,0.7968,0.7971,2.40,7.20
2008.04.08 01:06:47.127,0.7968,0.7971,2.40,7.20
2008.04.08 01:06:47.461,0.7968,0.7971,2.40,7.20
2008.04.08 01:06:47.797,0.7968,0.7971,2.40,7.20
2008.04.08 01:06:48.030,0.7968,0.7971,2.40,7.20
2008.04.08 01:06:48.264,0.7968,0.7971,2.40,7.20
2008.04.08 01:06:48.498,0.7968,0.7971,2.40,7.20
2008.04.08 01:06:48.743,0.7968,0.7971,2.40,7.20
2008.04.08 01:06:49.105,0.7968,0.7971,2.40,7.20
2008.04.08 01:06:49.415,0.7968,0.7971,2.40,7.20
2008.04.08 01:06:49.725,0.7968,0.7971,2.40,7.20
2008.04.08 01:06:49.983,0.7968,0.7971,2.40,7.20
2008.04.08 01:06:50.243,0.7968,0.7971,2.40,7.20
2008.04.08 01:06:50.502,0.7968,0.7971,2.40,7.20
2008.04.08 01:06:50.762,0.7968,0.7971,2.40,7.20
2008.04.08 01:06:51.025,0.7968,0.7971,2.40,7.20
2008.04.08 01:06:51.291,0.7968,0.7971,2.40,7.20
2008.04.08 01:06:51.556,0.7968,0.7971,2.40,7.20
2008.04.08 01:06:51.820,0.7968,0.7971,2.40,7.20
2008.04.08 01:06:52.113,0.7968,0.7971,2.40,7.20
2008.04.08 01:06:52.408,0.7968,0.7971,2.40,7.20
2008.04.08 01:06:52.702,0.7968,0.7971,2.40,7.20
2008.04.08 01:06:52.996,0.7968,0.7971,2.40,7.20
2008.04.08 01:06:53.290,0.7968,0.7971,2.40,7.20
2008.04.08 01:06:53.584,0.7968,0.7971,2.40,7.20
2008.04.08 01:06:53.888,0.7968,0.7971,2.40,7.20
2008.04.08 01:06:54.144,0.7968,0.7971,2.40,7.20
2008.04.08 01:06:54.398,0.7968,0.7971,2.40,7.20
2008.04.08 01:06:54.661,0.7968,0.7971,2.40,7.20
2008.04.08 01:06:54.916,0.7968,0.7971,2.40,7.20
2008.04.08 01:06:55.229,0.7968,0.7971,2.40,7.20
2008.04.08 01:06:55.543,0.7968,0.7971,2.40,7.20
2008.04.08 01:06:55.858,0.7968,0.7971,2.40,7.20
2008.04.08 01:06:56.086,0.7968,0.7971,2.40,7.20
2008.04.08 01:06:56.315,0.7968,0.7971,2.40,7.20
2008.04.08 01:06:56.544,0.7968,0.7971,2.40,7.20
2008.04.08 01:06:56.774,0.7968,0.7971,2.40,7.20
2008.04.08 01:06:57.002,0.7968,0.7971,2.40,7.20
2008.04.08 01:06:57.336,0.7968,0.7971,2.40,7.20
2008.04.08 01:06:57.670,0.7968,0.7971,2.40,7.20
2008.04.08 01:06:58.005,0.7968,0.7971,2.40,7.20
2008.04.08 01:06:58.247,0.7968,0.7971,2.40,7.20
2008.04.08 01:06:58.488,0.7968,0.7971,2.40,7.20
2008.04.08 01:06:58.729,0.7968,0.7971,2.40,7.20
2008.04.08 01:06:58.967,0.7968,0.7971,2.40,7.20
2008.04.08 01:06:59.270,0.7968,0.7971,2.40,7.20
2008.04.08 01:06:59.574,0.7968,0.7971,2.40,7.20
2008.04.08 01:06:59.878,0.7968,0.7971,2.40,7.20
2008.04.08 01:07:00.193,0.7968,0.7971,2.40,7.20
2008.04.08 01:07:00.463,0.7968,0.7971,2.40,7.20
2008.04.08 01:07:00.711,0.7968,0.7971,2.40,7.20
2008.04.08 01:07:00.970,0.7968,0.7971,2.40,7.20
2008.04.08 01:07:01.234,0.7968,0.7971,2.40,7.20
2008.04.08 01:07:01.498,0.7968,0.7971,2.40,7.20
2008.04.08 01:07:01.761,0.7968,0.7971,2.40,7.20
2008.04.08 01:07:02.026,0.7968,0.7971,2.40,7.20
2008.04.08 01:07:02.300,0.7968,0.7971,2.40,7.20
2008.04.08 01:07:02.575,0.7968,0.7971,2.40,7.20
2008.04.08 01:07:02.849,0.7968,0.7971,2.40,7.20
2008.04.08 01:07:03.123,0.7968,0.7971,2.40,7.20
2008.04.08 01:07:03.456,0.7968,0.7971,2.40,7.20
2008.04.08 01:07:03.791,0.7968,0.7971,2.40,7.20
2008.04.08 01:07:04.125,0.7968,0.7971,2.40,7.20
2008.04.08 01:07:04.350,0.7968,0.7971,2.40,7.20
2008.04.08 01:07:04.573,0.7968,0.7971,2.40,7.20
2008.04.08 01:07:04.797,0.7968,0.7971,2.40,7.20
2008.04.08 01:07:05.021,0.7968,0.7971,2.40,7.20
2008.04.08 01:07:05.346,0.7968,0.7971,2.40,7.20
2008.04.08 01:07:05.671,0.7968,0.7971,2.40,7.20
2008.04.08 01:07:06.005,0.7968,0.7971,2.40,7.20
2008.04.08 01:07:06.236,0.7968,0.7971,2.40,7.20
2008.04.08 01:07:06.458,0.7968,0.7971,2.40,7.20
2008.04.08 01:07:06.682,0.7968,0.7971,2.40,7.20
2008.04.08 01:07:06.906,0.7968,0.7971,2.40,7.20
2008.04.08 01:07:07.130,0.7968,0.7971,2.40,7.20
2008.04.08 01:07:07.465,0.7968,0.7971,2.40,7.20
2008.04.08 01:07:07.801,0.7968,0.7971,2.40,7.20
2008.04.08 01:07:08.134,0.7968,0.7971,2.40,7.20
2008.04.08 01:07:08.363,0.7968,0.7971,2.40,7.20
2008.04.08 01:07:08.592,0.7968,0.7971,2.40,7.20
2008.04.08 01:07:08.821,0.7968,0.7971,2.40,7.20
2008.04.08 01:07:09.100,0.7968,0.7971,2.40,7.20
2008.04.08 01:07:09.409,0.7968,0.7971,2.40,7.20
2008.04.08 01:07:09.719,0.7968,0.7971,2.40,7.20
2008.04.08 01:07:10.029,0.7968,0.7971,2.40,7.20
2008.04.08 01:07:10.336,0.7968,0.7971,2.40,7.20
2008.04.08 01:07:10.600,0.7968,0.7971,2.40,7.20
2008.04.08 01:07:10.864,0.7968,0.7971,2.40,7.20
2008.04.08 01:07:11.133,0.7968,0.7971,2.40,7.20
2008.04.08 01:07:11.391,0.7968,0.7971,2.40,7.20
2008.04.08 01:07:11.650,0.7968,0.7971,2.40,7.20
2008.04.08 01:07:11.912,0.7968,0.7971,2.40,7.20
2008.04.08 01:07:12.173,0.7968,0.7971,2.40,7.20
2008.04.08 01:07:12.500,0.7968,0.7971,2.40,7.20
2008.04.08 01:07:12.829,0.7968,0.7971,2.40,7.20
2008.04.08 01:07:13.160,0.7968,0.7971,2.40,7.20
2008.04.08 01:07:13.426,0.7968,0.7971,2.40,7.20
2008.04.08 01:07:13.684,0.7968,0.7971,2.40,7.20
2008.04.08 01:07:13.946,0.7968,0.7971,2.40,7.20
2008.04.08 01:07:14.194,0.7968,0.7971,2.40,7.20
2008.04.08 01:07:14.503,0.7968,0.7971,2.40,7.20
2008.04.08 01:07:14.820,0.7968,0.7971,2.40,7.20
2008.04.08 01:07:15.138,0.7968,0.7971,2.40,7.20
2008.04.08 01:07:15.381,0.7968,0.7971,2.40,7.20
2008.04.08 01:07:15.626,0.7968,0.7971,2.40,7.20
2008.04.08 01:07:15.871,0.7968,0.7971,2.40,7.20
2008.04.08 01:07:16.116,0.7968,0.7971,2.40,7.20
2008.04.08 01:07:16.359,0.7968,0.7971,2.40,7.20
2008.04.08 01:07:16.664,0.7968,0.7971,2.40,7.20
2008.04.08 01:07:16.967,0.7968,0.7971,2.40,7.20
2008.04.08 01:07:17.272,0.7968,0.7971,2.40,7.20
2008.04.08 01:07:17.546,0.7968,0.7971,2.40,7.20
2008.04.08 01:07:17.820,0.7968,0.7971,2.40,7.20
2008.04.08 01:07:18.095,0.7968,0.7971,2.40,7.20
2008.04.08 01:07:18.369,0.7968,0.7971,2.40,7.20
2008.04.08 01:07:18.664,0.7968,0.7971,2.40,7.20
2008.04.08 01:07:18.958,0.7968,0.7971,2.40,7.20
2008.04.08 01:07:19.252,0.7968,0.7971,2.40,7.20
2008.04.08 01:07:19.546,0.7968,0.7971,2.40,7.20
2008.04.08 01:07:19.825,0.7968,0.7971,2.40,7.20
2008.04.08 01:07:20.103,0.7968,0.7971,2.40,7.20
2008.04.08 01:07:20.383,0.7968,0.7971,2.40,7.20
2008.04.08 01:07:20.647,0.7968,0.7971,2.40,7.20
2008.04.08 01:07:20.923,0.7968,0.7971,2.40,7.20
2008.04.08 01:07:21.190,0.7968,0.7971,2.40,7.20
2008.04.08 01:07:21.455,0.7968,0.7971,2.40,7.20
2008.04.08 01:07:21.739,0.7968,0.7971,2.40,7.20
2008.04.08 01:07:22.025,0.7968,0.7971,2.40,7.20
2008.04.08 01:07:22.308,0.7968,0.7971,2.40,7.20
2008.04.08 01:07:22.595,0.7968,0.7971,2.40,7.20
2008.04.08 01:07:22.919,0.7968,0.7971,2.40,7.20
2008.04.08 01:07:23.242,0.7968,0.7971,2.40,7.20
2008.04.08 01:07:23.567,0.7968,0.7971,2.40,7.20
2008.04.08 01:07:23.790,0.7968,0.7971,2.40,7.20
2008.04.08 01:07:24.014,0.7968,0.7971,2.40,7.20
2008.04.08 01:07:24.240,0.7968,0.7971,2.40,7.20
2008.04.08 01:07:24.464,0.7968,0.7971,2.40,7.20
2008.04.08 01:07:24.799,0.7968,0.7971,2.40,7.20
2008.04.08 01:07:25.134,0.7968,0.7971,2.40,7.20
2008.04.08 01:07:25.469,0.7968,0.7971,2.40,7.20
2008.04.08 01:07:25.693,0.7968,0.7971,2.40,7.20
2008.04.08 01:07:25.919,0.7968,0.7971,2.40,7.20
2008.04.08 01:07:26.144,0.7968,0.7971,2.40,7.20
2008.04.08 01:07:26.368,0.7968,0.7971,2.40,7.20
2008.04.08 01:07:26.591,0.7968,0.7971,2.40,7.20
2008.04.08 01:07:26.916,0.7968,0.7971,2.40,7.20
2008.04.08 01:07:27.240,0.7968,0.7971,2.40,7.20
2008.04.08 01:07:27.564,0.7968,0.7971,2.40,7.20
2008.04.08 01:07:27.834,0.7968,0.7971,2.40,7.20
2008.04.08 01:07:28.103,0.7968,0.7971,2.40,7.20
2008.04.08 01:07:28.372,0.7968,0.7971,2.40,7.20
2008.04.08 01:07:28.643,0.7968,0.7971,2.40,7.20
2008.04.08 01:07:28.947,0.7968,0.7971,2.40,7.20
2008.04.08 01:07:29.237,0.7968,0.7971,2.40,7.20
2008.04.08 01:07:29.526,0.7968,0.7971,2.40,7.20
2008.04.08 01:07:29.816,0.7968,0.7971,2.40,7.20
2008.04.08 01:07:30.106,0.7968,0.7971,2.40,7.20
2008.04.08 01:07:30.394,0.7968,0.7971,2.40,7.20
2008.04.08 01:07:30.683,0.7968,0.7971,2.40,7.20
2008.04.08 01:07:30.943,0.7968,0.7971,2.40,7.20
2008.04.08 01:07:31.202,0.7968,0.7971,2.40,7.20
2008.04.08 01:07:31.461,0.7968,0.7971,2.40,7.20
2008.04.08 01:07:31.720,0.7968,0.7971,2.40,7.20
2008.04.08 01:07:31.993,0.7968,0.7971,2.40,7.20
2008.04.08 01:07:32.268,0.7968,0.7971,2.40,7.20
2008.04.08 01:07:32.542,0.7968,0.7971,2.40,7.20
2008.04.08 01:07:32.816,0.7968,0.7971,2.40,7.20
2008.04.08 01:07:33.126,0.7968,0.7971,2.40,7.20
2008.04.08 01:07:33.434,0.7968,0.7971,2.40,7.20
2008.04.08 01:07:33.743,0.7968,0.7971,2.40,7.20
2008.04.08 01:07:33.978,0.7968,0.7971,2.40,7.20
2008.04.08 01:07:34.213,0.7968,0.7971,2.40,7.20
2008.04.08 01:07:34.448,0.7968,0.7971,2.40,7.20
2008.04.08 01:07:34.684,0.7968,0.7971,2.40,7.20
2008.04.08 01:07:35.007,0.7968,0.7971,2.40,7.20
2008.04.08 01:07:35.331,0.7968,0.7971,2.40,7.20
2008.04.08 01:07:35.665,0.7968,0.7971,2.40,7.20
2008.04.08 01:07:35.925,0.7968,0.7971,2.40,7.20
2008.04.08 01:07:36.184,0.7968,0.7971,2.40,7.20
2008.04.08 01:07:36.443,0.7968,0.7971,2.40,7.20
2008.04.08 01:07:36.705,0.7968,0.7971,2.40,7.20
2008.04.08 01:07:36.973,0.7968,0.7971,2.40,7.20
2008.04.08 01:07:37.242,0.7968,0.7971,2.40,7.20
2008.04.08 01:07:37.511,0.7968,0.7971,2.40,7.20
2008.04.08 01:07:37.781,0.7968,0.7971,2.40,7.20
2008.04.08 01:07:38.085,0.7968,0.7971,2.40,7.20
2008.04.08 01:07:38.389,0.7968,0.7971,2.40,7.20
2008.04.08 01:07:38.693,0.7968,0.7971,2.40,7.20
2008.04.08 01:07:38.997,0.7968,0.7971,2.40,7.20
2008.04.08 01:07:39.251,0.7968,0.7971,2.40,7.20
2008.04.08 01:07:39.504,0.7968,0.7971,2.40,7.20
2008.04.08 01:07:39.757,0.7968,0.7971,2.40,7.20
2008.04.08 01:07:40.050,0.7968,0.7971,2.40,7.20
2008.04.08 01:07:40.345,0.7968,0.7971,2.40,7.20
2008.04.08 01:07:40.640,0.7968,0.7971,2.40,7.20
2008.04.08 01:07:40.933,0.7968,0.7971,2.40,7.20
2008.04.08 01:07:41.213,0.7968,0.7971,2.40,7.20
2008.04.08 01:07:41.492,0.7968,0.7971,2.40,7.20
2008.04.08 01:07:41.771,0.7968,0.7971,2.40,7.20
2008.04.08 01:07:42.020,0.7968,0.7971,2.40,7.20
2008.04.08 01:07:42.270,0.7968,0.7971,2.40,7.20
2008.04.08 01:07:42.519,0.7968,0.7971,2.40,7.20
2008.04.08 01:07:42.768,0.7968,0.7971,2.40,7.20
2008.04.08 01:07:43.017,0.7968,0.7971,2.40,7.20
2008.04.08 01:07:43.346,0.7968,0.7971,2.40,7.20
2008.04.08 01:07:43.674,0.7968,0.7971,2.40,7.20
2008.04.08 01:07:44.010,0.7968,0.7971,2.40,7.20
2008.04.08 01:07:44.244,0.7968,0.7971,2.40,7.20
2008.04.08 01:07:44.489,0.7968,0.7971,2.40,7.20
2008.04.08 01:07:44.712,0.7968,0.7971,2.40,7.20
2008.04.08 01:07:44.946,0.7968,0.7971,2.40,7.20
2008.04.08 01:07:45.280,0.7968,0.7971,2.40,7.20
2008.04.08 01:07:45.615,0.7968,0.7971,2.40,7.20
2008.04.08 01:07:45.949,0.7968,0.7971,2.40,7.20
2008.04.08 01:07:46.188,0.7968,0.7971,2.40,7.20
2008.04.08 01:07:46.431,0.7968,0.7971,2.40,7.20
2008.04.08 01:07:46.647,0.7968,0.7971,2.40,7.20
2008.04.08 01:07:46.876,0.7968,0.7971,2.40,7.20
2008.04.08 01:07:47.187,0.7968,0.7971,2.40,7.20
2008.04.08 01:07:47.497,0.7968,0.7971,2.40,7.20
2008.04.08 01:07:47.806,0.7968,0.7971,2.40,7.20
2008.04.08 01:07:48.115,0.7968,0.7971,2.40,7.20
2008.04.08 01:07:48.394,0.7968,0.7971,2.40,7.20
2008.04.08 01:07:48.674,0.7968,0.7971,2.40,7.20
2008.04.08 01:07:48.955,0.7968,0.7971,2.40,7.20
2008.04.08 01:07:49.219,0.7968,0.7971,2.40,7.20
2008.04.08 01:07:49.484,0.7968,0.7971,2.40,7.20
2008.04.08 01:07:49.748,0.7968,0.7971,2.40,7.20
2008.04.08 01:07:50.012,0.7968,0.7971,2.40,7.20
2008.04.08 01:07:50.331,0.7968,0.7971,2.40,7.20
2008.04.08 01:07:50.650,0.7968,0.7971,2.40,7.20
2008.04.08 01:07:50.971,0.7968,0.7971,2.40,7.20
2008.04.08 01:07:51.205,0.7968,0.7971,2.40,7.20
2008.04.08 01:07:51.438,0.7968,0.7971,2.40,7.20
2008.04.08 01:07:51.674,0.7968,0.7971,2.40,7.20
2008.04.08 01:07:51.908,0.7968,0.7971,2.40,7.20
2008.04.08 01:07:52.143,0.7968,0.7971,2.40,7.20
2008.04.08 01:07:52.467,0.7968,0.7971,2.40,7.20
2008.04.08 01:07:52.791,0.7968,0.7971,2.40,7.20
2008.04.08 01:07:53.114,0.7968,0.7971,2.40,7.20
2008.04.08 01:07:53.367,0.7968,0.7971,2.40,7.20
2008.04.08 01:07:53.621,0.7968,0.7971,2.40,7.20
2008.04.08 01:07:53.877,0.7968,0.7971,2.40,7.20
2008.04.08 01:07:54.130,0.7968,0.7971,2.40,7.20
2008.04.08 01:07:54.425,0.7968,0.7971,2.40,7.20
2008.04.08 01:07:54.717,0.7968,0.7971,2.40,7.20
2008.04.08 01:07:55.011,0.7968,0.7971,2.40,7.20
2008.04.08 01:07:55.305,0.7968,0.7971,2.40,7.20
2008.04.08 01:07:55.614,0.7968,0.7971,2.40,7.20
2008.04.08 01:07:55.933,0.7968,0.7971,2.40,7.20
2008.04.08 01:07:56.241,0.7968,0.7971,2.40,7.20
2008.04.08 01:07:56.476,0.7968,0.7971,2.40,7.20
2008.04.08 01:07:56.716,0.7968,0.7971,2.40,7.20
2008.04.08 01:07:56.951,0.7968,0.7971,2.40,7.20
2008.04.08 01:07:57.185,0.7968,0.7971,2.40,7.20
2008.04.08 01:07:57.518,0.7968,0.7971,2.40,7.20
2008.04.08 01:07:57.853,0.7968,0.7971,2.40,7.20
2008.04.08 01:07:58.188,0.7968,0.7971,2.40,7.20
2008.04.08 01:07:58.426,0.7968,0.7971,2.40,7.20
2008.04.08 01:07:58.665,0.7968,0.7971,2.40,7.20
2008.04.08 01:07:58.904,0.7968,0.7971,2.40,7.20
2008.04.08 01:07:59.168,0.7968,0.7971,2.40,7.20
2008.04.08 01:07:59.463,0.7968,0.7971,2.40,7.20
2008.04.08 01:07:59.756,0.7968,0.7971,2.40,7.20
2008.04.08 01:08:00.048,0.7968,0.7971,2.40,7.20
2008.04.08 01:08:00.341,0.7968,0.7971,2.40,7.20
2008.04.08 01:08:00.630,0.7968,0.7971,2.40,7.20
2008.04.08 01:08:00.931,0.7968,0.7971,2.40,7.20
2008.04.08 01:08:01.220,0.7968,0.7971,2.40,7.20
2008.04.08 01:08:01.448,0.7968,0.7971,2.40,7.20
2008.04.08 01:08:01.679,0.7968,0.7971,2.40,7.20
2008.04.08 01:08:01.909,0.7968,0.7971,2.40,7.20
2008.04.08 01:08:02.141,0.7968,0.7971,2.40,7.20
2008.04.08 01:08:02.368,0.7968,0.7971,2.40,7.20
2008.04.08 01:08:02.704,0.7968,0.7971,2.40,7.20
2008.04.08 01:08:03.038,0.7968,0.7971,2.40,7.20
2008.04.08 01:08:03.372,0.7968,0.7971,2.40,7.20
2008.04.08 01:08:03.606,0.7968,0.7971,2.40,7.20
2008.04.08 01:08:03.840,0.7968,0.7971,2.40,7.20
2008.04.08 01:08:04.073,0.7968,0.7971,2.40,7.20
2008.04.08 01:08:04.308,0.7968,0.7971,2.40,7.20
2008.04.08 01:08:04.637,0.7968,0.7971,2.40,7.20
2008.04.08 01:08:04.967,0.7968,0.7971,2.40,7.20
2008.04.08 01:08:05.296,0.7968,0.7971,2.40,7.20
2008.04.08 01:08:05.628,0.7968,0.7971,2.40,7.20
2008.04.08 01:08:05.888,0.7968,0.7971,2.40,7.20
2008.04.08 01:08:06.148,0.7968,0.7971,2.40,7.20
2008.04.08 01:08:06.386,0.7968,0.7971,2.40,7.20
2008.04.08 01:08:06.667,0.7968,0.7971,2.40,7.20
2008.04.08 01:08:06.945,0.7968,0.7971,2.40,7.20
2008.04.08 01:08:07.224,0.7968,0.7971,2.40,7.20
2008.04.08 01:08:07.503,0.7968,0.7971,2.40,7.20
2008.04.08 01:08:07.792,0.7968,0.7971,2.40,7.20
2008.04.08 01:08:08.082,0.7968,0.7971,2.40,7.20
2008.04.08 01:08:08.372,0.7968,0.7971,2.40,7.20
2008.04.08 01:08:08.660,0.7968,0.7971,2.40,7.20
2008.04.08 01:08:08.920,0.7968,0.7971,2.40,7.20
2008.04.08 01:08:09.180,0.7968,0.7971,2.40,7.20
2008.04.08 01:08:09.455,0.7968,0.7971,2.40,7.20
2008.04.08 01:08:09.721,0.7968,0.7971,2.40,7.20
2008.04.08 01:08:10.001,0.7968,0.7971,2.40,7.20
2008.04.08 01:08:10.280,0.7968,0.7971,2.40,7.20
2008.04.08 01:08:10.562,0.7968,0.7971,2.40,7.20
2008.04.08 01:08:10.826,0.7968,0.7971,2.40,7.20
2008.04.08 01:08:11.094,0.7968,0.7971,2.40,7.20
2008.04.08 01:08:11.357,0.7968,0.7971,2.40,7.20
2008.04.08 01:08:11.621,0.7968,0.7971,2.40,7.20
2008.04.08 01:08:11.894,0.7968,0.7971,2.40,7.20
2008.04.08 01:08:12.169,0.7968,0.7971,2.40,7.20
2008.04.08 01:08:12.444,0.7968,0.7971,2.40,7.20
2008.04.08 01:08:12.730,0.7968,0.7971,2.40,7.20
2008.04.08 01:08:13.039,0.7968,0.7971,2.40,7.20
2008.04.08 01:08:13.327,0.7968,0.7971,2.40,7.20
2008.04.08 01:08:13.626,0.7968,0.7971,2.40,7.20
2008.04.08 01:08:13.865,0.7968,0.7971,2.40,7.20
2008.04.08 01:08:14.105,0.7968,0.7971,2.40,7.20
2008.04.08 01:08:14.344,0.7968,0.7971,2.40,7.20
2008.04.08 01:08:14.583,0.7968,0.7971,2.40,7.20
2008.04.08 01:08:14.823,0.7968,0.7971,2.40,7.20
2008.04.08 01:08:15.156,0.7968,0.7971,2.40,7.20
2008.04.08 01:08:15.490,0.7968,0.7971,2.40,7.20
2008.04.08 01:08:15.825,0.7968,0.7971,2.40,7.20
2008.04.08 01:08:16.054,0.7968,0.7971,2.40,7.20
2008.04.08 01:08:16.288,0.7968,0.7971,2.40,7.20
2008.04.08 01:08:16.515,0.7968,0.7971,2.40,7.20
2008.04.08 01:08:16.754,0.7968,0.7971,2.40,7.20
2008.04.08 01:08:17.058,0.7968,0.7971,2.40,7.20
2008.04.08 01:08:17.375,0.7968,0.7971,2.40,7.20
2008.04.08 01:08:17.689,0.7968,0.7971,2.40,7.20
2008.04.08 01:08:17.963,0.7968,0.7971,2.40,7.20
2008.04.08 01:08:18.216,0.7968,0.7971,2.40,7.20
2008.04.08 01:08:18.479,0.7968,0.7971,2.40,7.20
2008.04.08 01:08:18.744,0.7968,0.7971,2.40,7.20
2008.04.08 01:08:19.024,0.7968,0.7971,2.40,7.20
2008.04.08 01:08:19.304,0.7968,0.7971,2.40,7.20
2008.04.08 01:08:19.584,0.7968,0.7971,2.40,7.20
2008.04.08 01:08:19.862,0.7968,0.7971,2.40,7.20
2008.04.08 01:08:20.172,0.7968,0.7971,2.40,7.20
2008.04.08 01:08:20.482,0.7968,0.7971,2.40,7.20
2008.04.08 01:08:20.790,0.7968,0.7971,2.40,7.20
2008.04.08 01:08:21.010,0.7968,0.7971,2.40,7.20
2008.04.08 01:08:21.224,0.7968,0.7971,2.40,7.20
2008.04.08 01:08:21.437,0.7968,0.7971,2.40,7.20
2008.04.08 01:08:21.651,0.7968,0.7971,2.40,7.20
2008.04.08 01:08:21.865,0.7968,0.7971,2.40,7.20
2008.04.08 01:08:22.185,0.7968,0.7971,2.40,7.20
2008.04.08 01:08:22.504,0.7968,0.7971,2.40,7.20
2008.04.08 01:08:22.823,0.7968,0.7971,2.40,7.20
2008.04.08 01:08:23.083,0.7968,0.7971,2.40,7.20
2008.04.08 01:08:23.357,0.7968,0.7971,2.40,7.20
2008.04.08 01:08:23.626,0.7968,0.7971,2.40,7.20
2008.04.08 01:08:23.894,0.7968,0.7971,2.40,7.20
2008.04.08 01:08:24.159,0.7968,0.7971,2.40,7.20
2008.04.08 01:08:24.433,0.7968,0.7971,2.40,7.20
2008.04.08 01:08:24.718,0.7968,0.7971,2.40,7.20
2008.04.08 01:08:25.003,0.7968,0.7971,2.40,7.20
2008.04.08 01:08:25.336,0.7968,0.7971,2.40,7.20
2008.04.08 01:08:25.632,0.7968,0.7971,2.40,9.60
2008.04.08 01:08:25.936,0.79675,0.797,0.80,0.80
2008.04.08 01:08:26.161,0.79675,0.79695,0.80,1.60
2008.04.08 01:08:26.385,0.79675,0.79695,0.80,1.60
2008.04.08 01:08:26.609,0.79675,0.79695,0.80,1.60
2008.04.08 01:08:26.834,0.79675,0.79695,0.80,1.60
2008.04.08 01:08:27.169,0.79675,0.79695,0.80,1.60
2008.04.08 01:08:27.504,0.79675,0.79695,0.80,1.60
2008.04.08 01:08:27.838,0.7966,0.79695,3.90,1.60
2008.04.08 01:08:28.085,0.7966,0.79695,3.10,1.60
2008.04.08 01:08:28.329,0.7966,0.79695,2.40,1.60
2008.04.08 01:08:28.577,0.7966,0.79695,2.40,1.60
2008.04.08 01:08:28.831,0.7966,0.79695,2.40,1.60
2008.04.08 01:08:29.076,0.7966,0.79695,2.40,1.60
2008.04.08 01:08:29.365,0.7966,0.79695,2.40,1.60
2008.04.08 01:08:29.634,0.7966,0.79695,2.40,1.60
2008.04.08 01:08:29.915,0.7966,0.79695,2.40,1.60
2008.04.08 01:08:30.200,0.7966,0.79695,2.40,1.60
2008.04.08 01:08:30.484,0.7966,0.79695,2.40,1.60
2008.04.08 01:08:30.768,0.7966,0.79695,2.40,1.60
2008.04.08 01:08:31.052,0.7966,0.79695,2.40,1.60
2008.04.08 01:08:31.315,0.7966,0.79695,2.40,1.60
2008.04.08 01:08:31.579,0.7966,0.79695,2.40,1.60
2008.04.08 01:08:31.844,0.7966,0.79695,2.40,1.60
2008.04.08 01:08:32.108,0.7966,0.79695,2.40,1.60
2008.04.08 01:08:32.392,0.7966,0.79695,2.40,1.60
2008.04.08 01:08:32.677,0.7966,0.79695,2.40,1.60
2008.04.08 01:08:32.961,0.7966,0.79695,2.40,1.60
2008.04.08 01:08:33.265,0.7966,0.79695,2.40,1.60
2008.04.08 01:08:33.569,0.7966,0.79695,2.40,1.60
2008.04.08 01:08:33.874,0.7966,0.79695,2.40,1.60
2008.04.08 01:08:34.180,0.7966,0.79695,2.40,1.60
2008.04.08 01:08:34.433,0.7966,0.79695,2.40,1.60
2008.04.08 01:08:34.689,0.7966,0.79695,2.40,1.60
2008.04.08 01:08:34.943,0.7966,0.79695,2.40,1.60
2008.04.08 01:08:35.197,0.7966,0.79695,3.90,1.60
2008.04.08 01:08:35.513,0.79665,0.79695,0.80,1.60
2008.04.08 01:08:35.828,0.79665,0.7969,0.80,2.40
2008.04.08 01:08:36.144,0.79665,0.7969,0.80,2.40
2008.04.08 01:08:36.374,0.79665,0.7969,0.80,2.40
2008.04.08 01:08:36.604,0.79665,0.7969,0.80,2.40
2008.04.08 01:08:36.834,0.79665,0.7969,0.80,2.40
2008.04.08 01:08:37.075,0.7966,0.7969,0.80,2.40
2008.04.08 01:08:37.392,0.79655,0.7969,0.80,2.40
2008.04.08 01:08:37.705,0.79655,0.7969,0.80,2.40
2008.04.08 01:08:38.019,0.79655,0.7969,0.80,2.40
2008.04.08 01:08:38.286,0.79655,0.7969,0.80,2.40
2008.04.08 01:08:38.549,0.79655,0.7969,0.80,2.40
2008.04.08 01:08:38.807,0.79655,0.7969,0.80,2.40
2008.04.08 01:08:39.067,0.79655,0.7969,0.80,2.40
2008.04.08 01:08:39.359,0.79665,0.7969,0.80,2.40
2008.04.08 01:08:39.648,0.79665,0.7969,0.80,2.40
2008.04.08 01:08:39.939,0.79665,0.7969,0.80,2.40
2008.04.08 01:08:40.227,0.79665,0.7969,0.80,2.40
2008.04.08 01:08:40.557,0.79665,0.7969,0.80,2.40
2008.04.08 01:08:40.887,0.79665,0.7969,0.80,2.40
2008.04.08 01:08:41.216,0.79665,0.7969,0.80,2.40
2008.04.08 01:08:41.450,0.79665,0.7969,0.80,2.40
2008.04.08 01:08:41.685,0.79665,0.7969,0.80,2.40
2008.04.08 01:08:41.919,0.79665,0.7969,0.80,2.40
2008.04.08 01:08:42.153,0.79665,0.7969,0.80,2.40
2008.04.08 01:08:42.457,0.79665,0.7969,0.80,2.40
2008.04.08 01:08:42.760,0.79665,0.7969,0.80,2.40
2008.04.08 01:08:43.065,0.79665,0.7969,0.80,2.40
2008.04.08 01:08:43.369,0.79665,0.7969,0.80,2.40
2008.04.08 01:08:43.679,0.7967,0.797,2.40,0.80
2008.04.08 01:08:44.000,0.79665,0.7971,0.80,8.00
2008.04.08 01:08:44.298,0.79665,0.7971,0.80,8.00
2008.04.08 01:08:44.567,0.79665,0.7971,0.80,8.00
2008.04.08 01:08:44.838,0.79665,0.7971,0.80,8.00
2008.04.08 01:08:45.118,0.79665,0.7971,0.80,8.00
2008.04.08 01:08:45.417,0.79665,0.7971,0.80,8.00
2008.04.08 01:08:45.706,0.79665,0.7971,0.80,8.00
2008.04.08 01:08:45.996,0.79665,0.7971,0.80,8.00
2008.04.08 01:08:46.286,0.79665,0.7971,0.80,8.00
2008.04.08 01:08:46.535,0.79665,0.7971,0.80,8.00
2008.04.08 01:08:46.785,0.79665,0.7971,0.80,8.00
2008.04.08 01:08:47.045,0.79665,0.7971,0.80,8.00
2008.04.08 01:08:47.298,0.79665,0.7971,0.80,8.00
2008.04.08 01:08:47.618,0.79665,0.7971,0.80,8.00
2008.04.08 01:08:47.936,0.79665,0.7971,0.80,8.00
2008.04.08 01:08:48.255,0.79665,0.7971,0.80,8.00
2008.04.08 01:08:48.489,0.79665,0.7971,0.80,8.00
2008.04.08 01:08:48.733,0.79665,0.7971,0.80,8.00
2008.04.08 01:08:48.967,0.79665,0.7971,0.80,8.00
2008.04.08 01:08:49.322,0.79665,0.7971,0.80,8.00
2008.04.08 01:08:49.663,0.79665,0.7971,0.80,8.00
2008.04.08 01:08:50.014,0.7967,0.797,2.40,6.40
2008.04.08 01:08:50.350,0.7967,0.79695,2.40,1.60
2008.04.08 01:08:50.613,0.7967,0.79695,2.40,1.60
2008.04.08 01:08:50.877,0.7967,0.79695,2.40,1.60
2008.04.08 01:08:51.122,0.7967,0.79695,2.40,1.60
2008.04.08 01:08:51.376,0.7967,0.79695,2.40,1.60
2008.04.08 01:08:51.646,0.7967,0.79695,2.40,1.60
2008.04.08 01:08:51.917,0.7967,0.79695,2.40,1.60
2008.04.08 01:08:52.187,0.7967,0.79695,2.40,1.60
2008.04.08 01:08:52.457,0.7967,0.79695,2.40,1.60
2008.04.08 01:08:52.762,0.7967,0.79695,2.40,1.60
2008.04.08 01:08:53.068,0.7967,0.79695,2.40,1.60
2008.04.08 01:08:53.372,0.7967,0.79695,2.40,1.60
2008.04.08 01:08:53.590,0.7967,0.79695,2.40,1.60
2008.04.08 01:08:53.819,0.7967,0.79695,2.40,1.60
2008.04.08 01:08:54.030,0.7967,0.79695,2.40,1.60
2008.04.08 01:08:54.249,0.7967,0.79695,2.40,1.60
2008.04.08 01:08:54.470,0.7967,0.79695,2.40,1.60
2008.04.08 01:08:54.805,0.7967,0.79695,2.40,1.60
2008.04.08 01:08:55.140,0.7967,0.79695,2.40,1.60
2008.04.08 01:08:55.475,0.7967,0.79695,2.40,1.60
2008.04.08 01:08:55.692,0.7967,0.79695,2.40,1.60
2008.04.08 01:08:55.901,0.7967,0.79695,2.40,1.60
2008.04.08 01:08:56.111,0.7967,0.79695,2.40,1.60
2008.04.08 01:08:56.321,0.7967,0.7971,2.40,9.60
2008.04.08 01:08:56.530,0.79665,0.7971,0.80,8.00
2008.04.08 01:08:56.867,0.79665,0.7971,0.80,6.40
2008.04.08 01:08:57.200,0.79665,0.7971,0.80,6.40
2008.04.08 01:08:57.536,0.79665,0.7971,0.80,6.40
2008.04.08 01:08:57.785,0.79665,0.7971,0.80,6.40
2008.04.08 01:08:58.035,0.79665,0.7971,0.80,6.40
2008.04.08 01:08:58.283,0.79665,0.7971,0.80,6.40
2008.04.08 01:08:58.533,0.79665,0.7971,0.80,6.40
2008.04.08 01:08:58.818,0.79665,0.7971,0.80,6.40
2008.04.08 01:08:59.102,0.79665,0.7971,0.80,6.40
2008.04.08 01:08:59.385,0.79665,0.7971,0.80,6.40
2008.04.08 01:08:59.668,0.79665,0.7971,0.80,6.40
2008.04.08 01:08:59.971,0.79665,0.7971,0.80,6.40
2008.04.08 01:09:00.275,0.79665,0.7971,0.80,6.40
2008.04.08 01:09:00.578,0.79665,0.7971,0.80,6.40
2008.04.08 01:09:00.807,0.79665,0.7971,0.80,6.40
2008.04.08 01:09:01.035,0.79665,0.7971,0.80,6.40
2008.04.08 01:09:01.264,0.79665,0.7971,0.80,6.40
2008.04.08 01:09:01.493,0.79665,0.7971,0.80,6.40
2008.04.08 01:09:01.777,0.79665,0.7971,0.80,6.40
2008.04.08 01:09:02.060,0.79665,0.7971,0.80,6.40
2008.04.08 01:09:02.343,0.79665,0.7971,0.80,6.40
2008.04.08 01:09:02.630,0.79665,0.7971,0.80,6.40
2008.04.08 01:09:02.933,0.79665,0.7971,0.80,6.40
2008.04.08 01:09:03.235,0.79665,0.7971,0.80,6.40
2008.04.08 01:09:03.540,0.79665,0.7971,0.80,6.40
2008.04.08 01:09:03.784,0.79665,0.7971,0.80,6.40
2008.04.08 01:09:04.029,0.79665,0.7971,0.80,6.40
2008.04.08 01:09:04.273,0.79665,0.7971,0.80,6.40
2008.04.08 01:09:04.518,0.79665,0.7971,0.80,6.40
2008.04.08 01:09:04.851,0.79665,0.7971,0.80,6.40
2008.04.08 01:09:05.185,0.79665,0.7971,0.80,6.40
2008.04.08 01:09:05.520,0.79665,0.7971,0.80,6.40
2008.04.08 01:09:05.754,0.79665,0.7971,0.80,6.40
2008.04.08 01:09:05.987,0.79665,0.7971,0.80,6.40
2008.04.08 01:09:06.233,0.79665,0.7971,0.80,6.40
2008.04.08 01:09:06.466,0.79665,0.7971,0.80,6.40
2008.04.08 01:09:06.699,0.79665,0.7971,0.80,6.40
2008.04.08 01:09:07.024,0.79665,0.7971,0.80,6.40
2008.04.08 01:09:07.347,0.79665,0.7971,0.80,6.40
2008.04.08 01:09:07.671,0.79665,0.7971,0.80,6.40
2008.04.08 01:09:07.930,0.79665,0.7971,0.80,6.40
2008.04.08 01:09:08.189,0.79665,0.7971,0.80,6.40
2008.04.08 01:09:08.448,0.79665,0.7971,0.80,6.40
2008.04.08 01:09:08.719,0.79665,0.7971,0.80,6.40
2008.04.08 01:09:08.996,0.79665,0.7971,0.80,6.40
2008.04.08 01:09:09.320,0.79665,0.7971,0.80,6.40
2008.04.08 01:09:09.604,0.79665,0.7971,0.80,6.40
2008.04.08 01:09:09.888,0.79665,0.7971,0.80,6.40
2008.04.08 01:09:10.192,0.79665,0.7971,0.80,6.40
2008.04.08 01:09:10.496,0.79665,0.7971,0.80,6.40
2008.04.08 01:09:10.800,0.79665,0.7971,0.80,6.40
2008.04.08 01:09:11.059,0.79665,0.7971,0.80,6.40
2008.04.08 01:09:11.318,0.79665,0.7971,0.80,6.40
2008.04.08 01:09:11.577,0.79665,0.7971,0.80,6.40
2008.04.08 01:09:11.836,0.79665,0.7971,0.80,6.40
2008.04.08 01:09:12.114,0.79665,0.7971,0.80,6.40
2008.04.08 01:09:12.393,0.79665,0.7971,0.80,6.40
2008.04.08 01:09:12.671,0.79665,0.7971,0.80,6.40
2008.04.08 01:09:12.986,0.79665,0.7971,0.80,6.40
2008.04.08 01:09:13.299,0.79665,0.7971,0.80,6.40
2008.04.08 01:09:13.614,0.79665,0.7971,0.80,6.40
2008.04.08 01:09:13.927,0.79665,0.7971,0.80,6.40
2008.04.08 01:09:14.166,0.79665,0.7971,0.80,6.40
2008.04.08 01:09:14.406,0.79665,0.7971,0.80,6.40
2008.04.08 01:09:14.645,0.79665,0.7971,0.80,6.40
2008.04.08 01:09:14.883,0.79665,0.7971,0.80,6.40
2008.04.08 01:09:15.206,0.79665,0.7971,0.80,6.40
2008.04.08 01:09:15.531,0.79665,0.7971,0.80,6.40
2008.04.08 01:09:15.855,0.79665,0.797,0.80,2.40
2008.04.08 01:09:16.092,0.79665,0.797,0.80,2.40
2008.04.08 01:09:16.321,0.79665,0.797,0.80,2.40
