2011.12.07 15:00:01.950,0.77705,0.77721,2.25,1.50
2011.12.07 15:00:03.102,0.77704,0.7772,2.25,1.50
2011.12.07 15:00:03.643,0.77705,0.77721,2.25,3.38
2011.12.07 15:00:04.247,0.77706,0.77721,1.50,1.88
2011.12.07 15:00:04.516,0.77702,0.7772,2.25,1.88
2011.12.07 15:00:05.009,0.77705,0.77721,2.25,3.38
2011.12.07 15:00:05.614,0.77705,0.77721,2.25,3.00
2011.12.07 15:00:05.744,0.77705,0.77721,2.25,3.00
2011.12.07 15:00:06.122,0.77701,0.77717,1.50,1.13
2011.12.07 15:00:06.591,0.77698,0.77714,2.25,2.25
2011.12.07 15:00:06.753,0.77699,0.77717,1.50,3.38
2011.12.07 15:00:07.424,0.77698,0.77716,2.25,2.25
2011.12.07 15:00:08.270,0.77699,0.77717,1.50,3.38
2011.12.07 15:00:09.455,0.77699,0.77717,2.25,3.38
2011.12.07 15:00:09.822,0.77699,0.77717,2.25,2.25
2011.12.07 15:00:10.313,0.77704,0.7772,1.50,2.25
2011.12.07 15:00:10.910,0.77705,0.77721,2.25,2.25
2011.12.07 15:00:13.654,0.77707,0.77723,1.50,2.85
2011.12.07 15:00:13.784,0.77705,0.77723,2.25,2.85
2011.12.07 15:00:13.904,0.77707,0.77723,1.50,2.85
2011.12.07 15:00:15.282,0.77705,0.77723,2.25,2.85
2011.12.07 15:00:15.995,0.77707,0.77723,1.50,2.85
2011.12.07 15:00:16.127,0.77705,0.77723,2.25,2.85
2011.12.07 15:00:16.893,0.77703,0.77719,1.13,2.25
2011.12.07 15:00:18.334,0.77706,0.77721,1.50,1.50
2011.12.07 15:00:18.573,0.77703,0.77721,2.25,3.00
2011.12.07 15:00:18.815,0.77705,0.77719,1.50,1.50
2011.12.07 15:00:18.941,0.77702,0.77719,2.25,1.50
2011.12.07 15:00:19.186,0.77704,0.7772,2.25,2.25
2011.12.07 15:00:21.762,0.77702,0.7772,2.25,2.25
2011.12.07 15:00:22.364,0.77702,0.77718,2.25,2.25
2011.12.07 15:00:22.726,0.77705,0.7772,1.50,2.25
2011.12.07 15:00:23.404,0.77704,0.77721,2.25,2.25
2011.12.07 15:00:24.537,0.77703,0.77718,1.50,1.13
2011.12.07 15:00:25.105,0.777,0.77716,2.25,2.25
2011.12.07 15:00:25.473,0.77699,0.77715,2.25,2.25
2011.12.07 15:00:26.417,0.777,0.77716,1.50,2.25
2011.12.07 15:00:26.996,0.77696,0.77714,3.00,3.00
2011.12.07 15:00:27.245,0.77696,0.77714,2.25,2.25
2011.12.07 15:00:27.612,0.77699,0.77717,1.50,2.25
2011.12.07 15:00:28.357,0.777,0.77716,1.50,2.25
2011.12.07 15:00:29.089,0.77699,0.77717,1.50,2.25
2011.12.07 15:00:30.541,0.77699,0.77713,1.50,1.50
2011.12.07 15:00:30.782,0.77699,0.77713,1.50,2.25
2011.12.07 15:00:30.904,0.77695,0.77713,2.25,3.75
2011.12.07 15:00:32.987,0.77694,0.77712,2.48,2.25
2011.12.07 15:00:34.510,0.77694,0.77712,2.85,2.25
2011.12.07 15:00:34.760,0.77697,0.77715,1.50,2.85
2011.12.07 15:00:36.611,0.77697,0.77715,1.50,2.85
2011.12.07 15:00:37.164,0.77697,0.77715,1.50,2.85
2011.12.07 15:00:37.675,0.77696,0.77714,3.00,2.48
2011.12.07 15:00:38.238,0.7769,0.77707,1.09,2.25
2011.12.07 15:00:38.609,0.77695,0.77707,1.50,2.25
2011.12.07 15:00:38.734,0.77691,0.77709,2.48,2.25
2011.12.07 15:00:38.855,0.77688,0.77705,2.63,2.25
2011.12.07 15:00:39.346,0.7769,0.77704,1.50,1.50
2011.12.07 15:00:40.102,0.77691,0.77709,1.50,3.00
2011.12.07 15:00:40.620,0.77691,0.77709,1.50,3.00
2011.12.07 15:00:41.743,0.77691,0.77704,1.50,1.50
2011.12.07 15:00:42.324,0.77688,0.77704,1.88,3.00
2011.12.07 15:00:42.584,0.77692,0.7771,1.50,3.75
2011.12.07 15:00:42.718,0.77692,0.7771,1.50,3.00
2011.12.07 15:00:42.843,0.77695,0.77711,1.50,2.25
2011.12.07 15:00:43.311,0.77695,0.77711,1.50,2.25
2011.12.07 15:00:43.892,0.77693,0.77711,2.25,2.25
2011.12.07 15:00:44.447,0.77695,0.77711,1.50,2.25
2011.12.07 15:00:44.825,0.77693,0.77707,1.50,2.25
2011.12.07 15:00:45.073,0.7769,0.77708,1.50,2.25
2011.12.07 15:00:45.315,0.77695,0.77709,1.50,1.50
2011.12.07 15:00:45.433,0.77695,0.77711,1.50,2.25
2011.12.07 15:00:45.800,0.77692,0.77709,2.25,2.25
2011.12.07 15:00:45.926,0.77692,0.77707,1.50,2.25
2011.12.07 15:00:46.461,0.77697,0.77705,1.50,1.50
2011.12.07 15:00:46.811,0.77689,0.77705,1.50,2.25
2011.12.07 15:00:47.402,0.77689,0.77707,1.50,2.25
2011.12.07 15:00:47.631,0.77691,0.77708,1.50,2.85
2011.12.07 15:00:48.632,0.77689,0.77707,1.50,2.25
2011.12.07 15:00:49.773,0.7769,0.77706,1.50,2.25
2011.12.07 15:00:50.162,0.77688,0.77706,2.25,2.25
2011.12.07 15:00:50.749,0.77689,0.77705,1.50,2.25
2011.12.07 15:00:51.331,0.77688,0.77706,2.25,2.25
2011.12.07 15:00:53.803,0.77686,0.77702,1.50,2.25
2011.12.07 15:00:54.043,0.7769,0.77704,1.50,1.50
2011.12.07 15:00:54.412,0.77688,0.77704,3.00,1.35
2011.12.07 15:00:54.532,0.77685,0.77703,2.25,2.25
2011.12.07 15:00:55.033,0.77689,0.77707,1.50,3.00
2011.12.07 15:00:55.388,0.77683,0.77701,3.00,2.25
2011.12.07 15:00:55.513,0.77682,0.77699,1.50,1.50
2011.12.07 15:00:55.850,0.77687,0.77705,1.50,3.00
2011.12.07 15:00:56.551,0.77685,0.77703,2.25,2.25
2011.12.07 15:00:57.814,0.77688,0.77703,1.50,1.13
2011.12.07 15:00:58.181,0.77691,0.77706,1.50,1.50
2011.12.07 15:00:58.546,0.77687,0.77704,1.50,3.00
2011.12.07 15:00:58.944,0.77687,0.77704,2.25,3.00
2011.12.07 15:00:59.064,0.77689,0.77705,2.25,2.25
2011.12.07 15:00:59.193,0.77685,0.77703,2.25,2.25
2011.12.07 15:00:59.420,0.77685,0.77702,1.50,2.25
2011.12.07 15:00:59.779,0.77687,0.77703,1.50,3.75
2011.12.07 15:01:00.024,0.77685,0.77701,3.00,2.25
2011.12.07 15:01:00.151,0.77687,0.77703,1.50,2.25
2011.12.07 15:01:01.178,0.77686,0.77704,1.50,3.00
2011.12.07 15:01:01.748,0.77685,0.77701,3.00,2.25
2011.12.07 15:01:02.555,0.77686,0.77702,1.50,2.25
2011.12.07 15:01:03.308,0.77687,0.77705,1.50,3.00
2011.12.07 15:01:03.432,0.77685,0.777,1.50,2.25
2011.12.07 15:01:03.878,0.77687,0.77705,1.50,3.00
2011.12.07 15:01:04.442,0.77686,0.77702,2.25,2.25
2011.12.07 15:01:06.205,0.77689,0.77702,1.88,2.25
2011.12.07 15:01:08.839,0.77689,0.77702,1.88,2.25
2011.12.07 15:01:13.028,0.77686,0.77702,1.50,2.25
2011.12.07 15:01:13.783,0.77685,0.77702,1.50,2.25
2011.12.07 15:01:14.250,0.77689,0.77705,1.50,2.25
2011.12.07 15:01:14.611,0.77687,0.77702,1.50,2.25
2011.12.07 15:01:15.077,0.77684,0.77699,1.50,1.50
2011.12.07 15:01:16.204,0.77685,0.77698,2.25,1.50
2011.12.07 15:01:16.634,0.77688,0.77704,1.50,2.25
2011.12.07 15:01:16.899,0.77686,0.77702,1.50,2.25
2011.12.07 15:01:17.876,0.77685,0.77701,2.25,3.75
2011.12.07 15:01:19.344,0.77685,0.77703,3.00,2.25
2011.12.07 15:01:19.585,0.77684,0.77699,3.00,2.25
2011.12.07 15:01:19.822,0.77684,0.77701,3.75,1.50
2011.12.07 15:01:20.366,0.77687,0.77705,1.50,3.75
2011.12.07 15:01:20.493,0.77687,0.77703,1.50,2.25
2011.12.07 15:01:20.852,0.7769,0.77705,1.50,1.50
2011.12.07 15:01:21.190,0.77688,0.77705,1.50,1.50
2011.12.07 15:01:21.616,0.77686,0.77704,3.75,2.25
2011.12.07 15:01:22.229,0.77687,0.77703,1.50,2.25
2011.12.07 15:01:22.825,0.77687,0.77703,2.25,2.25
2011.12.07 15:01:23.252,0.77687,0.77703,2.25,2.25
2011.12.07 15:01:24.073,0.77685,0.77701,3.38,2.25
2011.12.07 15:01:25.951,0.77684,0.77699,1.50,1.50
2011.12.07 15:01:26.454,0.77685,0.77703,2.25,2.25
2011.12.07 15:01:28.330,0.77686,0.77702,1.50,2.25
2011.12.07 15:01:28.887,0.77686,0.77702,2.25,2.25
2011.12.07 15:01:29.251,0.77684,0.77689,1.50,1.50
2011.12.07 15:01:29.374,0.77684,0.77691,1.50,1.50
2011.12.07 15:01:29.492,0.77684,0.77698,1.50,1.50
2011.12.07 15:01:29.613,0.77682,0.77698,2.25,1.50
2011.12.07 15:01:29.730,0.77684,0.77699,2.25,1.50
2011.12.07 15:01:30.283,0.77685,0.77703,2.25,2.25
2011.12.07 15:01:30.403,0.77687,0.77702,1.50,1.50
2011.12.07 15:01:30.759,0.7768,0.77696,2.25,1.50
2011.12.07 15:01:30.988,0.7768,0.77696,2.25,1.50
2011.12.07 15:01:31.550,0.77681,0.77697,2.25,1.50
2011.12.07 15:01:32.582,0.7768,0.77696,2.25,1.50
2011.12.07 15:01:32.819,0.7768,0.77696,2.25,2.25
2011.12.07 15:01:33.322,0.77678,0.77694,4.13,2.63
2011.12.07 15:01:33.685,0.77678,0.77691,3.38,1.13
2011.12.07 15:01:33.810,0.77678,0.77692,3.38,2.25
2011.12.07 15:01:34.410,0.77679,0.77694,3.00,1.13
2011.12.07 15:01:34.530,0.77681,0.77694,1.50,1.13
2011.12.07 15:01:36.691,0.77681,0.77695,1.50,1.88
2011.12.07 15:01:40.411,0.77679,0.77695,1.50,2.63
2011.12.07 15:01:40.994,0.77678,0.77693,2.63,1.50
2011.12.07 15:01:41.670,0.7768,0.77695,1.50,2.25
2011.12.07 15:01:42.031,0.77678,0.77689,1.88,3.75
2011.12.07 15:01:42.268,0.77679,0.77695,2.25,1.13
2011.12.07 15:01:43.891,0.77679,0.77693,2.25,5.25
2011.12.07 15:01:44.256,0.77678,0.7769,1.88,2.25
2011.12.07 15:01:44.506,0.77681,0.77691,1.50,1.50
2011.12.07 15:01:45.035,0.77682,0.77695,1.50,1.13
2011.12.07 15:01:46.722,0.77682,0.7769,1.50,1.39
2011.12.07 15:01:46.848,0.77671,0.77687,1.50,1.50
2011.12.07 15:01:46.974,0.7767,0.77687,1.50,2.25
2011.12.07 15:01:47.505,0.77668,0.77684,2.25,1.50
2011.12.07 15:01:47.880,0.77664,0.77678,1.50,1.50
2011.12.07 15:01:48.007,0.7766,0.77677,1.13,2.25
2011.12.07 15:01:48.372,0.77657,0.7767,1.50,1.50
2011.12.07 15:01:48.494,0.77659,0.77675,2.25,1.50
2011.12.07 15:01:48.625,0.77659,0.77673,2.25,1.50
2011.12.07 15:01:48.752,0.77662,0.77675,2.25,1.50
2011.12.07 15:01:48.873,0.77664,0.7768,2.25,2.25
2011.12.07 15:01:49.930,0.77662,0.77677,2.25,1.14
2011.12.07 15:01:50.061,0.77642,0.77659,1.62,2.25
2011.12.07 15:01:50.307,0.77647,0.77661,1.50,2.25
2011.12.07 15:01:50.434,0.77652,0.77659,1.50,2.25
2011.12.07 15:01:50.682,0.77655,0.77664,1.88,1.88
2011.12.07 15:01:50.806,0.7766,0.77664,1.50,1.88
2011.12.07 15:01:50.933,0.77662,0.77672,1.50,1.88
2011.12.07 15:01:51.054,0.77665,0.77672,1.50,1.88
2011.12.07 15:01:51.184,0.77663,0.77672,2.25,1.88
2011.12.07 15:01:51.420,0.77659,0.7767,1.50,1.88
2011.12.07 15:01:51.545,0.77659,0.77675,1.50,3.38
2011.12.07 15:01:52.237,0.77658,0.77676,2.25,2.25
2011.12.07 15:01:52.363,0.77658,0.77676,2.25,2.25
2011.12.07 15:01:52.819,0.77658,0.77676,2.25,2.25
2011.12.07 15:01:53.061,0.77658,0.77676,2.25,2.25
2011.12.07 15:01:53.670,0.7766,0.77678,2.25,3.38
2011.12.07 15:01:54.788,0.77664,0.77682,2.25,2.63
2011.12.07 15:01:55.033,0.77667,0.77684,2.25,1.13
2011.12.07 15:01:55.519,0.77669,0.7768,1.50,2.25
2011.12.07 15:01:55.768,0.77663,0.77679,1.50,2.25
2011.12.07 15:01:56.338,0.77663,0.77679,1.50,2.25
2011.12.07 15:01:56.459,0.77661,0.77677,2.25,2.25
2011.12.07 15:01:57.735,0.77658,0.77674,2.25,1.50
2011.12.07 15:01:58.318,0.77659,0.77675,2.25,2.25
2011.12.07 15:02:00.956,0.7766,0.77676,2.25,2.25
2011.12.07 15:02:03.018,0.77661,0.77677,1.50,2.25
2011.12.07 15:02:03.529,0.77659,0.77677,2.25,2.25
2011.12.07 15:02:05.464,0.7766,0.77674,2.25,1.50
2011.12.07 15:02:05.832,0.77658,0.77674,1.50,3.75
2011.12.07 15:02:06.517,0.77657,0.77674,1.50,2.25
2011.12.07 15:02:06.647,0.77657,0.77674,1.50,1.50
2011.12.07 15:02:07.011,0.77658,0.77674,3.00,1.13
2011.12.07 15:02:07.631,0.77661,0.77674,1.50,1.13
2011.12.07 15:02:08.210,0.77667,0.77678,1.50,2.25
2011.12.07 15:02:08.559,0.77671,0.77684,1.50,1.13
2011.12.07 15:02:09.144,0.7767,0.77684,2.25,1.13
2011.12.07 15:02:09.614,0.77664,0.7768,1.50,2.25
2011.12.07 15:02:11.861,0.77665,0.77681,1.50,1.02
2011.12.07 15:02:12.212,0.7767,0.77684,2.25,1.02
2011.12.07 15:02:12.754,0.77672,0.77683,1.50,2.25
2011.12.07 15:02:12.886,0.77672,0.77684,1.50,1.13
2011.12.07 15:02:13.019,0.77668,0.77685,3.00,2.52
2011.12.07 15:02:13.618,0.7767,0.77688,2.25,2.52
2011.12.07 15:02:13.872,0.77675,0.77688,1.50,1.02
2011.12.07 15:02:13.999,0.77675,0.77691,1.50,2.25
2011.12.07 15:02:14.613,0.77674,0.7769,2.25,2.25
2011.12.07 15:02:15.718,0.77675,0.77691,1.50,2.25
2011.12.07 15:02:16.092,0.77675,0.77691,2.25,2.25
2011.12.07 15:02:16.710,0.77678,0.77694,1.50,1.40
2011.12.07 15:02:17.784,0.77676,0.77693,2.25,1.50
2011.12.07 15:02:18.371,0.77674,0.7769,3.00,2.25
2011.12.07 15:02:19.809,0.77673,0.77688,3.00,1.13
2011.12.07 15:02:21.022,0.77673,0.77689,1.50,1.02
2011.12.07 15:02:21.371,0.77672,0.77687,1.50,1.02
2011.12.07 15:02:23.050,0.77668,0.77686,3.38,2.25
2011.12.07 15:02:23.294,0.77668,0.77682,2.25,1.13
2011.12.07 15:02:23.425,0.77667,0.77678,2.25,1.50
2011.12.07 15:02:23.795,0.77662,0.77678,2.25,2.63
2011.12.07 15:02:24.150,0.77659,0.77675,2.25,1.50
2011.12.07 15:02:25.251,0.77661,0.77677,2.25,2.25
2011.12.07 15:02:25.819,0.77663,0.77677,2.25,2.25
2011.12.07 15:02:26.445,0.7766,0.77677,1.50,2.25
2011.12.07 15:02:28.138,0.7766,0.77676,1.50,1.50
2011.12.07 15:02:28.700,0.77661,0.77677,2.25,2.25
2011.12.07 15:02:32.926,0.7766,0.77676,2.25,1.50
2011.12.07 15:02:34.182,0.77659,0.77677,3.00,2.25
2011.12.07 15:02:35.490,0.77663,0.77678,1.50,2.52
2011.12.07 15:02:38.534,0.77662,0.77678,2.25,1.02
2011.12.07 15:02:39.170,0.7766,0.77676,2.25,1.50
2011.12.07 15:02:40.161,0.77663,0.77679,2.25,2.25
2011.12.07 15:02:42.802,0.77659,0.77671,1.50,2.25
2011.12.07 15:02:42.923,0.77652,0.77668,2.25,1.50
2011.12.07 15:02:43.041,0.77652,0.77668,2.25,2.25
2011.12.07 15:02:43.501,0.77652,0.77668,2.25,2.25
2011.12.07 15:02:43.862,0.77649,0.77667,2.25,2.25
2011.12.07 15:02:44.099,0.77651,0.77667,2.25,2.25
2011.12.07 15:02:44.669,0.77652,0.77667,1.50,2.25
2011.12.07 15:02:49.905,0.77654,0.7767,1.50,2.25
2011.12.07 15:02:50.467,0.77653,0.77671,2.25,2.25
2011.12.07 15:02:53.909,0.77653,0.77669,3.00,2.25
2011.12.07 15:02:54.550,0.77655,0.77673,2.25,2.25
2011.12.07 15:02:54.925,0.77652,0.77664,1.50,1.50
2011.12.07 15:02:55.292,0.77644,0.77656,1.50,1.50
2011.12.07 15:02:55.655,0.77639,0.77655,1.50,2.25
2011.12.07 15:02:56.101,0.77639,0.77654,1.50,2.25
2011.12.07 15:02:56.342,0.77636,0.77652,3.00,2.25
2011.12.07 15:02:56.943,0.77636,0.77652,2.25,2.25
2011.12.07 15:02:57.654,0.77636,0.77654,3.00,3.75
2011.12.07 15:02:58.325,0.77641,0.77656,1.13,2.25
2011.12.07 15:02:58.463,0.77642,0.77658,1.13,2.25
2011.12.07 15:02:58.823,0.77641,0.77658,2.25,1.50
2011.12.07 15:02:58.944,0.77643,0.77661,2.25,2.25
2011.12.07 15:02:59.304,0.7764,0.77658,2.63,1.50
2011.12.07 15:02:59.551,0.77641,0.77658,2.25,2.25
2011.12.07 15:02:59.677,0.77642,0.77658,2.25,1.50
2011.12.07 15:02:59.921,0.7764,0.77658,2.63,2.25
2011.12.07 15:03:00.691,0.7764,0.77657,1.13,1.50
2011.12.07 15:03:02.544,0.77643,0.77657,1.13,1.50
2011.12.07 15:03:02.684,0.77645,0.77663,2.25,2.25
2011.12.07 15:03:03.542,0.7764,0.77658,3.75,1.50
2011.12.07 15:03:03.892,0.77639,0.77655,2.63,1.50
2011.12.07 15:03:04.240,0.7764,0.77656,2.25,2.25
2011.12.07 15:03:04.783,0.77637,0.77653,1.88,1.50
2011.12.07 15:03:04.903,0.77637,0.77654,1.13,2.25
2011.12.07 15:03:05.260,0.77633,0.77648,1.13,1.50
2011.12.07 15:03:05.504,0.77633,0.77648,1.13,1.50
2011.12.07 15:03:05.870,0.77637,0.77653,1.50,2.25
2011.12.07 15:03:06.592,0.77637,0.7765,1.50,1.50
2011.12.07 15:03:06.721,0.77633,0.77649,1.13,1.50
2011.12.07 15:03:07.283,0.77635,0.77651,1.50,2.25
2011.12.07 15:03:07.409,0.77636,0.77651,1.50,2.25
2011.12.07 15:03:07.999,0.77635,0.77651,2.63,2.25
2011.12.07 15:03:09.771,0.77635,0.77651,1.50,2.25
2011.12.07 15:03:10.350,0.77633,0.77649,2.63,1.50
2011.12.07 15:03:11.312,0.77633,0.77651,2.63,2.25
2011.12.07 15:03:12.558,0.77633,0.77651,2.63,2.25
2011.12.07 15:03:16.725,0.77633,0.77649,2.63,1.50
2011.12.07 15:03:17.742,0.77634,0.77647,1.50,1.50
2011.12.07 15:03:18.093,0.77634,0.77642,1.50,1.50
2011.12.07 15:03:18.215,0.77626,0.77642,2.25,3.00
2011.12.07 15:03:18.341,0.77623,0.77638,1.20,1.50
2011.12.07 15:03:18.460,0.77623,0.77638,1.20,1.50
2011.12.07 15:03:18.700,0.77621,0.77636,1.13,1.50
2011.12.07 15:03:19.281,0.77621,0.77636,1.13,1.50
2011.12.07 15:03:21.170,0.77622,0.77638,2.25,2.25
2011.12.07 15:03:23.971,0.77614,0.77631,1.73,1.50
2011.12.07 15:03:24.200,0.77613,0.77629,1.50,1.50
2011.12.07 15:03:24.723,0.77612,0.77629,1.49,2.25
2011.12.07 15:03:24.959,0.77614,0.7763,1.50,2.25
2011.12.07 15:03:27.083,0.77614,0.7763,2.63,2.25
2011.12.07 15:03:27.212,0.77616,0.77632,1.88,2.25
2011.12.07 15:03:27.694,0.77619,0.77637,2.25,2.25
2011.12.07 15:03:28.055,0.77624,0.77638,1.50,2.25
2011.12.07 15:03:28.302,0.77624,0.77642,1.50,3.38
2011.12.07 15:03:29.123,0.77622,0.77639,1.88,2.25
2011.12.07 15:03:30.164,0.77622,0.77639,1.13,2.25
2011.12.07 15:03:30.871,0.77619,0.77635,2.25,1.50
2011.12.07 15:03:31.449,0.77621,0.77636,1.13,1.50
2011.12.07 15:03:33.176,0.77622,0.77635,1.13,1.50
2011.12.07 15:03:33.307,0.77622,0.77639,1.13,2.25
2011.12.07 15:03:33.434,0.77622,0.77639,1.13,2.25
2011.12.07 15:03:33.794,0.77624,0.77637,1.50,1.50
2011.12.07 15:03:34.312,0.77631,0.77647,1.50,3.38
2011.12.07 15:03:36.642,0.77635,0.77649,1.50,1.13
2011.12.07 15:03:37.003,0.77639,0.77652,1.50,1.50
2011.12.07 15:03:37.486,0.77637,0.77653,2.63,2.25
2011.12.07 15:03:37.613,0.7764,0.77658,1.50,2.63
2011.12.07 15:03:37.950,0.7764,0.77651,1.50,1.50
2011.12.07 15:03:38.348,0.77636,0.77651,1.13,1.50
2011.12.07 15:03:38.942,0.77637,0.77653,1.50,2.25
2011.12.07 15:03:39.952,0.77638,0.77656,1.50,2.25
2011.12.07 15:03:40.192,0.77637,0.77655,4.13,2.25
2011.12.07 15:03:40.315,0.7764,0.77655,1.13,1.50
2011.12.07 15:03:40.444,0.77642,0.7766,1.50,2.25
2011.12.07 15:03:40.880,0.7764,0.77658,2.63,2.25
2011.12.07 15:03:41.485,0.77641,0.77655,1.13,2.25
2011.12.07 15:03:41.852,0.77639,0.77657,2.25,2.25
2011.12.07 15:03:42.424,0.77636,0.77654,2.25,1.50
2011.12.07 15:03:42.994,0.77638,0.77656,2.25,2.25
2011.12.07 15:03:43.120,0.77637,0.77653,2.25,2.25
2011.12.07 15:03:43.689,0.77638,0.77656,2.25,2.25
2011.12.07 15:03:44.050,0.77642,0.7766,3.00,2.25
2011.12.07 15:03:44.623,0.77639,0.77655,2.25,2.25
2011.12.07 15:03:45.199,0.77638,0.77654,2.25,1.50
2011.12.07 15:03:45.781,0.77639,0.77655,2.25,2.25
2011.12.07 15:03:46.024,0.77639,0.77655,1.50,2.25
2011.12.07 15:03:46.621,0.77639,0.77655,2.25,2.25
2011.12.07 15:03:47.274,0.77637,0.77655,2.25,2.25
2011.12.07 15:03:47.637,0.77637,0.77641,1.50,1.88
2011.12.07 15:03:48.246,0.77639,0.77643,1.50,1.88
2011.12.07 15:03:48.857,0.7763,0.77643,2.25,1.88
2011.12.07 15:03:49.583,0.77632,0.77643,1.50,2.63
2011.12.07 15:03:49.708,0.77627,0.77643,1.50,4.13
2011.12.07 15:03:49.837,0.77627,0.77643,1.50,4.13
2011.12.07 15:03:49.964,0.77622,0.77638,2.63,1.50
2011.12.07 15:03:50.217,0.77621,0.77636,2.25,1.50
2011.12.07 15:03:50.737,0.77618,0.77635,1.50,2.25
2011.12.07 15:03:51.103,0.7762,0.77636,2.25,2.25
2011.12.07 15:03:51.461,0.77623,0.7764,1.50,1.35
2011.12.07 15:03:52.514,0.77622,0.77638,1.50,2.25
2011.12.07 15:03:53.050,0.77619,0.77635,2.25,2.25
2011.12.07 15:03:53.179,0.77621,0.77637,1.50,2.25
2011.12.07 15:03:53.312,0.77622,0.77638,1.50,2.25
2011.12.07 15:03:53.932,0.77622,0.7764,2.25,2.85
2011.12.07 15:03:54.522,0.77625,0.77641,1.50,2.25
2011.12.07 15:03:54.885,0.77621,0.77639,2.63,2.25
2011.12.07 15:03:55.414,0.77621,0.77637,1.13,2.25
2011.12.07 15:03:56.326,0.77621,0.77637,1.50,2.25
2011.12.07 15:03:56.693,0.77617,0.77633,1.88,2.25
2011.12.07 15:03:57.172,0.7762,0.77638,1.50,4.50
2011.12.07 15:03:57.691,0.77619,0.77636,2.25,2.25
2011.12.07 15:03:58.059,0.77621,0.77636,4.13,2.25
2011.12.07 15:03:58.428,0.77629,0.7764,1.50,3.00
2011.12.07 15:03:58.796,0.77625,0.77643,1.50,2.25
2011.12.07 15:03:59.433,0.77619,0.77637,2.25,2.25
2011.12.07 15:03:59.795,0.7762,0.77638,2.25,4.50
2011.12.07 15:04:00.403,0.7762,0.77636,1.50,2.25
2011.12.07 15:04:00.525,0.77622,0.77637,1.50,3.00
2011.12.07 15:04:01.130,0.77619,0.77637,2.25,2.25
2011.12.07 15:04:01.471,0.77619,0.77637,2.25,2.25
2011.12.07 15:04:02.198,0.77616,0.77634,2.25,2.25
2011.12.07 15:04:02.781,0.77618,0.77633,2.63,1.50
2011.12.07 15:04:03.381,0.77618,0.77633,1.88,2.25
2011.12.07 15:04:04.625,0.77627,0.77633,1.88,2.25
2011.12.07 15:04:05.561,0.77627,0.77635,1.88,2.63
2011.12.07 15:04:06.052,0.77627,0.77635,1.88,2.25
2011.12.07 15:04:06.654,0.77628,0.77633,1.88,1.50
2011.12.07 15:04:07.459,0.77628,0.77635,1.88,2.25
2011.12.07 15:04:07.593,0.77623,0.77631,1.88,2.25
2011.12.07 15:04:08.430,0.77628,0.77635,1.88,2.25
2011.12.07 15:04:08.901,0.77628,0.77637,1.88,1.50
2011.12.07 15:04:09.399,0.77621,0.77637,2.25,1.50
2011.12.07 15:04:11.744,0.77621,0.77637,2.25,1.50
2011.12.07 15:04:12.448,0.77625,0.77643,2.25,2.25
2011.12.07 15:04:12.583,0.77627,0.77643,1.50,1.50
2011.12.07 15:04:13.308,0.77626,0.77642,1.88,1.50
2011.12.07 15:04:17.054,0.77623,0.77639,2.25,1.50
2011.12.07 15:04:17.462,0.77624,0.77641,2.25,1.50
2011.12.07 15:04:17.593,0.77624,0.77642,2.25,2.25
2011.12.07 15:04:18.780,0.77624,0.77642,2.25,2.25
2011.12.07 15:04:19.023,0.77627,0.77643,1.50,2.25
2011.12.07 15:04:19.495,0.77625,0.77643,1.50,2.25
2011.12.07 15:04:19.622,0.77623,0.77641,2.63,2.25
2011.12.07 15:04:20.621,0.77624,0.77642,1.50,3.75
2011.12.07 15:04:21.201,0.77624,0.77642,2.25,2.25
2011.12.07 15:04:21.323,0.77626,0.77644,1.50,2.25
2011.12.07 15:04:21.554,0.77626,0.77642,1.50,1.50
2011.12.07 15:04:22.042,0.77629,0.77645,1.50,2.63
2011.12.07 15:04:22.550,0.77627,0.77644,2.25,1.50
2011.12.07 15:04:23.027,0.77631,0.77647,1.50,2.25
2011.12.07 15:04:23.381,0.77628,0.77646,1.50,2.25
2011.12.07 15:04:23.975,0.77628,0.77644,1.50,1.50
2011.12.07 15:04:25.404,0.77629,0.77645,1.50,1.50
2011.12.07 15:04:26.111,0.77628,0.77644,1.50,1.50
2011.12.07 15:04:26.733,0.77636,0.77644,1.50,1.50
2011.12.07 15:04:27.104,0.77668,0.77678,1.50,1.13
2011.12.07 15:04:27.348,0.77668,0.77676,3.00,1.50
2011.12.07 15:04:27.473,0.77668,0.7768,3.00,1.13
2011.12.07 15:04:27.592,0.77664,0.77678,3.08,1.50
2011.12.07 15:04:27.835,0.77677,0.7769,1.50,2.25
2011.12.07 15:04:27.962,0.77674,0.7769,2.25,3.00
2011.12.07 15:04:28.083,0.77674,0.77687,2.25,1.13
2011.12.07 15:04:28.203,0.77672,0.77685,1.50,1.13
2011.12.07 15:04:28.921,0.77665,0.77681,3.00,1.50
2011.12.07 15:04:29.047,0.77665,0.77683,4.50,1.88
2011.12.07 15:04:29.982,0.77665,0.77678,3.00,1.50
2011.12.07 15:04:30.106,0.77665,0.7768,3.00,1.50
2011.12.07 15:04:30.975,0.77665,0.7768,3.00,1.50
2011.12.07 15:04:31.227,0.77665,0.77676,3.00,1.50
2011.12.07 15:04:31.358,0.77662,0.77676,3.00,1.50
2011.12.07 15:04:31.931,0.77662,0.77675,3.00,1.50
2011.12.07 15:04:32.054,0.77662,0.77678,3.00,2.63
2011.12.07 15:04:32.422,0.77664,0.7768,4.50,1.50
2011.12.07 15:04:32.664,0.77662,0.77677,3.00,1.50
2011.12.07 15:04:33.349,0.77662,0.77675,3.00,1.50
2011.12.07 15:04:33.596,0.77662,0.77678,3.00,2.63
2011.12.07 15:04:34.445,0.77664,0.77678,3.00,1.13
2011.12.07 15:04:34.814,0.77668,0.77681,1.50,1.13
2011.12.07 15:04:35.400,0.77666,0.77682,2.25,1.88
2011.12.07 15:04:35.869,0.77671,0.77683,1.50,1.13
2011.12.07 15:04:37.095,0.77671,0.77683,1.50,1.13
2011.12.07 15:04:38.183,0.7767,0.77684,2.25,1.13
2011.12.07 15:04:40.230,0.77666,0.7768,1.50,1.50
2011.12.07 15:04:41.165,0.77671,0.77684,1.50,1.13
2011.12.07 15:04:41.536,0.77667,0.77683,2.25,2.63
2011.12.07 15:04:42.244,0.77672,0.77684,1.50,2.63
2011.12.07 15:04:42.482,0.77672,0.77683,2.25,1.50
2011.12.07 15:04:42.969,0.77673,0.77688,2.25,1.13
2011.12.07 15:04:43.558,0.77672,0.77688,3.00,2.25
2011.12.07 15:04:44.451,0.77674,0.77691,1.13,4.13
2011.12.07 15:04:45.160,0.77675,0.77691,2.25,4.13
2011.12.07 15:04:47.544,0.77674,0.77689,1.13,1.50
2011.12.07 15:04:47.796,0.77677,0.77694,1.50,2.25
2011.12.07 15:04:48.338,0.77683,0.77697,2.25,1.13
2011.12.07 15:04:48.681,0.77683,0.77696,2.25,1.50
2011.12.07 15:04:49.140,0.77677,0.77693,3.12,1.50
2011.12.07 15:04:49.264,0.77677,0.77693,3.75,2.25
2011.12.07 15:04:49.381,0.77682,0.77696,2.25,2.25
2011.12.07 15:04:49.502,0.77682,0.77697,2.25,2.25
2011.12.07 15:04:50.620,0.77682,0.77696,2.25,1.50
2011.12.07 15:04:51.229,0.77682,0.77698,3.75,1.13
2011.12.07 15:04:52.321,0.77682,0.77696,2.25,1.50
2011.12.07 15:04:55.139,0.77682,0.77695,2.25,1.50
2011.12.07 15:04:55.717,0.77682,0.77697,2.25,2.63
2011.12.07 15:04:56.299,0.77682,0.77698,4.50,2.63
2011.12.07 15:04:58.354,0.77683,0.77698,1.50,1.13
2011.12.07 15:04:58.610,0.77682,0.77696,3.00,1.50
2011.12.07 15:04:59.182,0.77682,0.77697,3.00,1.50
2011.12.07 15:04:59.789,0.77682,0.77698,4.50,2.63
2011.12.07 15:05:00.836,0.77682,0.77698,2.25,1.13
2011.12.07 15:05:01.311,0.77682,0.77694,2.25,1.50
2011.12.07 15:05:01.661,0.77682,0.77697,2.25,2.63
2011.12.07 15:05:02.025,0.77682,0.77692,2.25,1.50
2011.12.07 15:05:02.152,0.77678,0.77696,2.25,2.25
2011.12.07 15:05:03.284,0.77678,0.77695,2.25,1.88
2011.12.07 15:05:03.645,0.77676,0.77692,2.25,1.13
2011.12.07 15:05:04.221,0.77672,0.7769,4.54,2.25
2011.12.07 15:05:05.632,0.77678,0.77693,2.25,1.50
2011.12.07 15:05:05.753,0.77683,0.77693,2.25,1.50
2011.12.07 15:05:05.995,0.77683,0.77696,2.25,1.88
2011.12.07 15:05:06.831,0.77683,0.77694,2.25,1.50
2011.12.07 15:05:07.897,0.77678,0.77694,3.00,3.23
2011.12.07 15:05:08.039,0.77673,0.77685,1.50,1.50
2011.12.07 15:05:08.279,0.77673,0.77687,3.00,2.22
2011.12.07 15:05:08.643,0.77669,0.77687,2.25,3.72
2011.12.07 15:05:08.882,0.77671,0.77687,2.25,2.97
2011.12.07 15:05:11.540,0.77673,0.77685,2.25,2.25
2011.12.07 15:05:11.912,0.77668,0.77673,3.00,1.50
2011.12.07 15:05:12.158,0.77661,0.77671,1.62,1.50
2011.12.07 15:05:12.529,0.77657,0.77671,2.25,1.50
2011.12.07 15:05:12.918,0.77657,0.77673,2.25,3.72
2011.12.07 15:05:13.050,0.77668,0.77673,2.25,2.22
2011.12.07 15:05:13.297,0.77662,0.77668,2.25,1.50
2011.12.07 15:05:13.543,0.77652,0.77667,4.12,1.50
2011.12.07 15:05:14.022,0.77657,0.77669,1.50,1.50
2011.12.07 15:05:14.264,0.77662,0.77675,2.25,2.25
2011.12.07 15:05:14.380,0.77662,0.77676,2.25,2.25
2011.12.07 15:05:15.087,0.77662,0.77674,2.25,1.50
2011.12.07 15:05:15.678,0.77662,0.77674,3.00,1.50
2011.12.07 15:05:15.929,0.77662,0.77678,3.00,2.25
2011.12.07 15:05:16.062,0.7766,0.77677,2.25,2.25
2011.12.07 15:05:16.423,0.77657,0.77664,2.25,1.50
2011.12.07 15:05:16.781,0.77651,0.7766,3.00,1.50
2011.12.07 15:05:17.299,0.77653,0.77666,1.50,1.50
2011.12.07 15:05:17.543,0.7765,0.77663,3.00,1.50
2011.12.07 15:05:17.993,0.7765,0.77666,3.00,1.50
2011.12.07 15:05:18.237,0.77651,0.77664,1.50,1.50
2011.12.07 15:05:18.362,0.77655,0.77669,2.25,1.47
2011.12.07 15:05:18.479,0.77655,0.77671,3.00,1.50
2011.12.07 15:05:19.080,0.77657,0.77671,1.50,1.50
2011.12.07 15:05:19.636,0.77657,0.77671,1.50,1.50
2011.12.07 15:05:21.060,0.77656,0.7767,1.50,1.50
2011.12.07 15:05:21.546,0.77654,0.7767,1.50,2.22
2011.12.07 15:05:21.988,0.77651,0.77665,2.25,1.50
2011.12.07 15:05:22.376,0.7765,0.77662,3.00,1.50
2011.12.07 15:05:22.984,0.7765,0.77664,3.00,1.50
2011.12.07 15:05:23.770,0.7765,0.77663,3.00,1.50
2011.12.07 15:05:23.904,0.77645,0.7766,3.00,1.50
2011.12.07 15:05:24.033,0.77647,0.77661,1.50,1.50
2011.12.07 15:05:24.159,0.7765,0.77664,2.25,2.25
2011.12.07 15:05:24.745,0.7765,0.77665,3.00,1.50
2011.12.07 15:05:25.339,0.7765,0.77664,3.00,1.50
2011.12.07 15:05:25.570,0.7765,0.77662,3.00,1.50
2011.12.07 15:05:26.645,0.77651,0.77664,1.50,1.50
2011.12.07 15:05:26.773,0.77653,0.77666,3.00,1.50
2011.12.07 15:05:26.891,0.7765,0.77664,3.00,1.50
2011.12.07 15:05:27.119,0.7765,0.77664,3.00,1.50
2011.12.07 15:05:27.352,0.7765,0.77666,3.00,3.00
2011.12.07 15:05:27.941,0.7765,0.77664,3.00,1.50
2011.12.07 15:05:28.713,0.7765,0.77664,3.00,1.50
2011.12.07 15:05:29.353,0.77652,0.77666,1.50,1.50
2011.12.07 15:05:29.957,0.7765,0.77666,3.00,1.50
2011.12.07 15:05:30.549,0.77653,0.77666,3.00,1.50
2011.12.07 15:05:30.673,0.77653,0.77668,3.00,1.50
2011.12.07 15:05:31.261,0.77652,0.77667,1.50,1.50
2011.12.07 15:05:31.502,0.77653,0.77667,3.00,1.50
2011.12.07 15:05:31.743,0.77653,0.77666,3.00,1.50
2011.12.07 15:05:31.865,0.7765,0.77664,2.25,1.50
2011.12.07 15:05:32.240,0.77646,0.7766,1.50,1.50
2011.12.07 15:05:32.373,0.77643,0.7766,1.88,1.50
2011.12.07 15:05:32.501,0.77645,0.77663,2.25,3.00
2011.12.07 15:05:32.867,0.77648,0.77665,2.25,1.50
2011.12.07 15:05:33.112,0.77648,0.77665,2.25,1.50
2011.12.07 15:05:33.229,0.77649,0.77667,2.25,3.00
2011.12.07 15:05:34.423,0.77647,0.77665,2.25,1.50
2011.12.07 15:05:37.103,0.77649,0.77665,2.25,3.00
2011.12.07 15:05:37.348,0.77646,0.77662,2.25,1.50
2011.12.07 15:05:37.474,0.77645,0.77663,2.33,2.25
2011.12.07 15:05:37.593,0.77642,0.77657,1.13,1.50
2011.12.07 15:05:37.944,0.7764,0.77653,3.00,1.50
2011.12.07 15:05:38.535,0.7764,0.77658,2.25,2.25
2011.12.07 15:05:38.659,0.77639,0.77655,2.25,1.50
2011.12.07 15:05:39.119,0.77641,0.77657,2.25,1.50
2011.12.07 15:05:39.362,0.77639,0.77655,2.25,1.50
2011.12.07 15:05:39.594,0.77641,0.77657,2.25,1.50
2011.12.07 15:05:39.836,0.77651,0.77656,2.25,1.50
2011.12.07 15:05:40.309,0.77651,0.77661,2.25,3.00
2011.12.07 15:05:41.013,0.77643,0.77659,2.25,1.50
2011.12.07 15:05:41.130,0.77641,0.77655,1.13,1.50
2011.12.07 15:05:41.360,0.77642,0.77656,1.13,1.50
2011.12.07 15:05:41.926,0.77643,0.77654,1.50,1.50
2011.12.07 15:05:42.176,0.77643,0.77659,3.83,1.50
2011.12.07 15:05:42.311,0.77648,0.7766,1.13,1.50
2011.12.07 15:05:42.438,0.77649,0.77665,2.25,2.25
2011.12.07 15:05:42.791,0.77648,0.77666,2.63,2.25
2011.12.07 15:05:44.468,0.77648,0.77664,1.13,1.50
2011.12.07 15:05:45.158,0.7765,0.77666,1.50,2.25
2011.12.07 15:05:45.770,0.77648,0.77665,1.13,2.25
2011.12.07 15:05:47.129,0.77648,0.77664,2.63,1.50
2011.12.07 15:05:47.856,0.77648,0.77664,2.63,1.50
2011.12.07 15:05:48.222,0.7765,0.77664,2.25,1.50
2011.12.07 15:05:48.347,0.77652,0.77667,2.25,2.25
2011.12.07 15:05:48.932,0.77655,0.77668,2.25,1.50
2011.12.07 15:05:49.477,0.77655,0.7767,2.25,2.25
2011.12.07 15:05:49.615,0.77652,0.77668,2.48,1.50
2011.12.07 15:05:49.745,0.77662,0.77675,1.50,1.13
2011.12.07 15:05:50.000,0.77657,0.77673,2.63,1.50
2011.12.07 15:05:50.602,0.77657,0.77672,1.13,1.50
2011.12.07 15:05:50.830,0.77661,0.77676,2.25,1.35
2011.12.07 15:05:51.400,0.77661,0.77674,2.25,1.50
2011.12.07 15:05:51.858,0.77656,0.77672,2.25,1.50
2011.12.07 15:05:52.220,0.7766,0.77678,2.25,4.50
2011.12.07 15:05:52.925,0.7766,0.77678,2.25,4.50
2011.12.07 15:05:53.413,0.77655,0.77672,2.63,1.50
2011.12.07 15:05:53.530,0.77655,0.77672,2.25,2.25
2011.12.07 15:05:53.652,0.77656,0.77672,2.25,3.00
2011.12.07 15:05:54.252,0.77651,0.77667,2.25,3.75
2011.12.07 15:05:54.370,0.77651,0.77667,2.25,4.50
2011.12.07 15:05:55.955,0.77654,0.77667,1.50,3.00
2011.12.07 15:05:56.549,0.77652,0.77667,2.25,3.00
2011.12.07 15:05:59.029,0.77652,0.77667,1.50,3.00
2011.12.07 15:05:59.608,0.7765,0.77666,2.25,1.50
2011.12.07 15:06:00.142,0.7765,0.77667,2.25,3.00
2011.12.07 15:06:00.920,0.7765,0.77667,2.25,3.00
2011.12.07 15:06:01.052,0.77655,0.7767,1.50,4.50
2011.12.07 15:06:01.176,0.77662,0.7767,1.50,3.00
2011.12.07 15:06:01.302,0.77655,0.7767,1.50,3.00
2011.12.07 15:06:01.428,0.77664,0.7767,1.50,3.00
2011.12.07 15:06:01.554,0.77655,0.7767,1.50,3.00
2011.12.07 15:06:01.675,0.77652,0.77667,1.13,1.50
2011.12.07 15:06:02.143,0.77652,0.7767,2.63,4.50
2011.12.07 15:06:02.870,0.77652,0.7767,2.63,4.50
2011.12.07 15:06:03.572,0.77652,0.7767,4.88,2.25
2011.12.07 15:06:03.689,0.77652,0.77668,3.38,1.50
2011.12.07 15:06:05.024,0.7765,0.77668,2.25,2.25
2011.12.07 15:06:05.250,0.77653,0.77669,1.50,2.25
2011.12.07 15:06:05.817,0.77654,0.7767,1.50,4.50
2011.12.07 15:06:07.411,0.77654,0.7767,2.85,4.50
2011.12.07 15:06:07.545,0.77659,0.77672,1.13,3.00
2011.12.07 15:06:07.917,0.77664,0.77678,2.25,1.13
2011.12.07 15:06:08.511,0.77663,0.77678,1.50,1.13
2011.12.07 15:06:09.068,0.77663,0.77678,2.25,1.13
2011.12.07 15:06:09.920,0.77663,0.77679,2.25,2.25
2011.12.07 15:06:10.067,0.77663,0.77677,3.00,1.50
2011.12.07 15:06:10.186,0.77663,0.7768,3.00,2.25
2011.12.07 15:06:10.796,0.77665,0.77683,2.25,2.25
2011.12.07 15:06:12.454,0.77667,0.77683,1.50,2.25
2011.12.07 15:06:12.583,0.77662,0.77679,3.00,1.50
2011.12.07 15:06:13.063,0.77663,0.77681,2.25,2.25
2011.12.07 15:06:13.539,0.77665,0.77683,2.63,4.50
2011.12.07 15:06:14.024,0.77668,0.77684,2.25,1.50
2011.12.07 15:06:14.382,0.77663,0.77678,3.00,1.50
2011.12.07 15:06:14.513,0.77663,0.77678,3.00,1.50
2011.12.07 15:06:15.106,0.77664,0.77678,3.00,1.50
2011.12.07 15:06:15.232,0.77664,0.7768,4.50,1.50
2011.12.07 15:06:15.473,0.77662,0.77678,3.00,1.50
2011.12.07 15:06:16.391,0.77662,0.77679,4.50,1.13
2011.12.07 15:06:16.754,0.77665,0.77677,2.25,1.88
2011.12.07 15:06:16.872,0.77658,0.77676,2.25,1.88
2011.12.07 15:06:17.679,0.7766,0.77677,2.25,1.88
2011.12.07 15:06:19.440,0.77659,0.77677,2.25,2.63
2011.12.07 15:06:20.381,0.77659,0.77677,2.25,2.63
2011.12.07 15:06:24.124,0.77659,0.77677,2.25,2.63
2011.12.07 15:06:24.781,0.77658,0.77675,2.25,1.50
2011.12.07 15:06:25.337,0.77657,0.77675,2.25,1.50
2011.12.07 15:06:25.850,0.7766,0.77675,2.25,1.50
2011.12.07 15:06:26.096,0.77658,0.77675,2.25,1.50
2011.12.07 15:06:26.340,0.77655,0.7767,3.08,2.25
2011.12.07 15:06:27.053,0.77655,0.77669,3.00,1.50
2011.12.07 15:06:28.752,0.77655,0.77667,3.00,1.50
2011.12.07 15:06:29.461,0.77653,0.77664,1.50,1.50
2011.12.07 15:06:29.825,0.77654,0.77667,2.25,1.50
2011.12.07 15:06:29.955,0.77653,0.7767,1.50,1.50
2011.12.07 15:06:30.074,0.77653,0.77669,1.50,1.50
2011.12.07 15:06:30.651,0.77653,0.7767,1.50,1.50
2011.12.07 15:06:31.466,0.77653,0.7767,1.50,2.25
2011.12.07 15:06:31.600,0.77653,0.77669,1.50,1.50
2011.12.07 15:06:32.304,0.77652,0.77669,3.00,1.50
2011.12.07 15:06:32.545,0.77655,0.77673,2.25,2.63
2011.12.07 15:06:33.324,0.77652,0.77668,3.75,1.50
2011.12.07 15:06:35.842,0.77653,0.77669,2.25,1.50
2011.12.07 15:06:35.968,0.77653,0.77671,2.25,1.50
2011.12.07 15:06:36.487,0.77654,0.77672,2.25,1.50
2011.12.07 15:06:36.623,0.77657,0.77673,2.25,1.50
2011.12.07 15:06:37.096,0.77661,0.77675,2.25,2.25
2011.12.07 15:06:37.469,0.77655,0.77674,2.25,1.50
2011.12.07 15:06:37.810,0.77654,0.77671,1.50,1.50
2011.12.07 15:06:38.865,0.77655,0.77673,2.25,2.25
2011.12.07 15:06:39.335,0.77659,0.77676,1.13,3.38
2011.12.07 15:06:39.573,0.77661,0.77676,3.00,1.88
2011.12.07 15:06:41.280,0.77661,0.77677,3.00,2.63
2011.12.07 15:06:41.518,0.77661,0.77677,4.50,1.88
2011.12.07 15:06:42.554,0.77663,0.77677,1.13,1.50
2011.12.07 15:06:42.958,0.77663,0.7768,2.63,3.00
2011.12.07 15:06:47.358,0.77664,0.7768,2.25,3.75
2011.12.07 15:06:47.492,0.77667,0.7768,1.50,3.75
2011.12.07 15:06:47.617,0.77671,0.77682,2.63,1.50
2011.12.07 15:06:47.743,0.77671,0.77687,2.63,2.25
2011.12.07 15:06:48.299,0.77675,0.7769,2.63,1.50
2011.12.07 15:06:48.436,0.77676,0.77694,2.25,2.63
2011.12.07 15:06:49.181,0.77675,0.77692,1.13,1.50
2011.12.07 15:06:49.770,0.77673,0.77687,3.00,1.50
2011.12.07 15:06:49.890,0.77673,0.77689,4.50,1.50
2011.12.07 15:06:50.011,0.77673,0.77689,4.50,1.50
2011.12.07 15:06:51.260,0.77673,0.7769,3.00,1.50
2011.12.07 15:06:51.618,0.77672,0.77685,1.13,1.50
2011.12.07 15:06:51.741,0.77674,0.77685,1.13,1.50
2011.12.07 15:06:51.864,0.77674,0.77687,1.13,1.50
2011.12.07 15:06:52.462,0.77671,0.77687,4.50,1.50
2011.12.07 15:06:55.679,0.77671,0.77687,3.00,1.50
2011.12.07 15:06:56.933,0.77671,0.77684,3.00,1.50
2011.12.07 15:06:57.745,0.77671,0.77686,3.00,3.00
2011.12.07 15:06:58.339,0.77672,0.77687,3.75,1.50
2011.12.07 15:06:58.817,0.77672,0.77684,3.00,1.50
2011.12.07 15:06:58.945,0.77671,0.77684,3.00,1.50
2011.12.07 15:06:59.965,0.77671,0.77685,3.00,1.50
2011.12.07 15:07:02.813,0.77671,0.77686,3.00,1.50
2011.12.07 15:07:04.227,0.77671,0.77686,3.00,1.50
2011.12.07 15:07:04.358,0.77672,0.77688,2.63,1.50
2011.12.07 15:07:04.925,0.77673,0.77688,3.38,1.50
2011.12.07 15:07:05.165,0.77673,0.77691,4.88,1.50
2011.12.07 15:07:05.763,0.77677,0.77692,1.50,1.50
2011.12.07 15:07:06.789,0.77675,0.77691,2.25,1.50
2011.12.07 15:07:07.338,0.77677,0.77693,1.50,2.25
2011.12.07 15:07:10.445,0.77675,0.77693,2.25,2.25
2011.12.07 15:07:10.699,0.77675,0.77691,2.25,1.50
2011.12.07 15:07:11.064,0.77673,0.77689,4.50,1.50
2011.12.07 15:07:11.530,0.77673,0.77687,3.00,1.50
2011.12.07 15:07:12.392,0.77673,0.77687,3.75,1.50
2011.12.07 15:07:14.493,0.77673,0.77683,3.75,1.50
2011.12.07 15:07:14.624,0.77673,0.7769,3.75,2.25
2011.12.07 15:07:14.870,0.77676,0.77692,2.25,2.25
2011.12.07 15:07:15.112,0.77676,0.77692,2.25,2.25
2011.12.07 15:07:15.894,0.77676,0.7769,2.25,1.50
2011.12.07 15:07:16.675,0.77673,0.77689,5.25,1.50
2011.12.07 15:07:18.559,0.77674,0.77692,2.25,2.25
2011.12.07 15:07:18.792,0.77673,0.77689,3.75,1.50
2011.12.07 15:07:19.619,0.77673,0.7769,3.75,1.50
2011.12.07 15:07:20.644,0.77673,0.77688,3.75,1.50
2011.12.07 15:07:21.021,0.77672,0.77688,2.25,1.50
2011.12.07 15:07:21.263,0.77671,0.77685,3.75,1.50
2011.12.07 15:07:21.384,0.77671,0.77685,3.00,1.50
2011.12.07 15:07:21.973,0.77671,0.77685,3.00,1.50
2011.12.07 15:07:22.530,0.77671,0.77684,3.00,1.50
2011.12.07 15:07:22.776,0.77668,0.77684,2.25,1.50
2011.12.07 15:07:22.912,0.77665,0.77681,2.25,1.50
2011.12.07 15:07:23.034,0.7767,0.77686,2.25,1.13
2011.12.07 15:07:23.154,0.77671,0.77687,2.25,2.63
2011.12.07 15:07:23.274,0.77671,0.77687,2.25,2.63
2011.12.07 15:07:25.431,0.7767,0.77684,3.00,1.50
2011.12.07 15:07:26.521,0.7767,0.77686,4.50,1.50
2011.12.07 15:07:27.173,0.77671,0.77687,2.25,1.88
2011.12.07 15:07:28.992,0.7767,0.77686,4.50,1.50
2011.12.07 15:07:29.552,0.77671,0.77687,2.25,1.88
2011.12.07 15:07:35.261,0.77673,0.77689,3.00,1.50
2011.12.07 15:07:35.491,0.77675,0.77691,2.25,1.50
2011.12.07 15:07:35.610,0.77677,0.77693,2.25,2.63
2011.12.07 15:07:35.732,0.77672,0.77688,4.50,1.50
2011.12.07 15:07:35.853,0.77674,0.7769,2.25,1.50
2011.12.07 15:07:36.093,0.77674,0.7769,2.25,4.50
2011.12.07 15:07:36.981,0.77675,0.7769,3.08,3.00
2011.12.07 15:07:37.239,0.77676,0.7769,1.50,2.25
2011.12.07 15:07:37.368,0.77678,0.77693,2.25,1.50
2011.12.07 15:07:37.615,0.7768,0.77696,1.50,2.25
2011.12.07 15:07:38.204,0.7768,0.77696,2.25,3.00
2011.12.07 15:07:38.434,0.77682,0.77696,1.50,1.88
2011.12.07 15:07:39.281,0.7768,0.77691,2.25,1.50
2011.12.07 15:07:39.930,0.77675,0.77691,2.25,1.50
2011.12.07 15:07:40.730,0.77675,0.77693,2.25,2.25
2011.12.07 15:07:41.870,0.77679,0.77695,2.25,2.63
2011.12.07 15:07:42.345,0.77674,0.77692,3.00,1.50
2011.12.07 15:07:43.440,0.7768,0.77694,1.50,1.13
2011.12.07 15:07:44.561,0.7768,0.77694,1.50,1.13
2011.12.07 15:07:44.909,0.7767,0.77687,3.00,1.50
2011.12.07 15:07:45.483,0.77672,0.77688,2.25,3.00
2011.12.07 15:07:45.600,0.77672,0.77688,2.25,3.00
2011.12.07 15:07:45.845,0.7767,0.77686,4.50,1.50
2011.12.07 15:07:46.450,0.77671,0.77687,2.25,1.50
2011.12.07 15:07:46.981,0.7767,0.77685,3.00,1.50
2011.12.07 15:07:48.619,0.7767,0.77687,3.00,1.50
2011.12.07 15:07:49.122,0.7767,0.77688,4.50,3.00
2011.12.07 15:07:49.916,0.7767,0.77687,3.00,1.50
2011.12.07 15:07:51.033,0.7767,0.77688,4.50,1.50
2011.12.07 15:07:51.398,0.7767,0.77686,4.50,1.50
2011.12.07 15:07:52.930,0.7767,0.77685,3.00,1.50
2011.12.07 15:07:53.509,0.7767,0.77686,4.50,1.50
2011.12.07 15:07:54.032,0.7767,0.77688,4.50,1.50
2011.12.07 15:07:54.588,0.7767,0.77687,3.00,1.50
2011.12.07 15:07:54.968,0.77672,0.77689,2.25,1.13
2011.12.07 15:07:55.592,0.77672,0.77688,2.25,1.50
2011.12.07 15:07:57.828,0.7767,0.77686,4.50,1.50
2011.12.07 15:07:58.194,0.7767,0.77684,3.00,1.50
2011.12.07 15:07:58.552,0.77671,0.77681,3.00,1.50
2011.12.07 15:07:58.794,0.77671,0.77688,3.00,2.63
2011.12.07 15:07:58.912,0.77671,0.77688,3.00,2.63
2011.12.07 15:08:00.460,0.77671,0.77688,3.00,1.88
2011.12.07 15:08:04.529,0.77671,0.77687,3.00,1.88
2011.12.07 15:08:05.942,0.77672,0.77688,2.25,2.25
2011.12.07 15:08:06.638,0.77672,0.7769,2.25,4.50
2011.12.07 15:08:10.978,0.77671,0.77689,5.25,2.25
2011.12.07 15:08:11.100,0.77671,0.77686,3.75,1.50
2011.12.07 15:08:11.548,0.77671,0.77688,3.00,1.50
2011.12.07 15:08:12.007,0.77671,0.77685,3.00,1.50
2011.12.07 15:08:12.584,0.77671,0.77684,3.00,1.50
2011.12.07 15:08:13.000,0.77671,0.77687,4.50,1.88
2011.12.07 15:08:13.493,0.77672,0.77688,2.25,1.88
2011.12.07 15:08:14.514,0.77671,0.77686,3.00,1.50
2011.12.07 15:08:14.851,0.77671,0.77684,3.00,1.50
2011.12.07 15:08:15.096,0.77671,0.77687,4.50,2.63
2011.12.07 15:08:15.793,0.77671,0.77685,3.00,1.50
2011.12.07 15:08:16.722,0.77671,0.77683,3.00,1.50
2011.12.07 15:08:16.842,0.77672,0.77686,2.25,1.50
2011.12.07 15:08:17.327,0.77671,0.77684,3.00,1.50
2011.12.07 15:08:17.908,0.77666,0.77684,2.25,2.63
2011.12.07 15:08:18.252,0.77665,0.77681,2.25,1.50
2011.12.07 15:08:18.370,0.77665,0.77681,2.25,1.50
2011.12.07 15:08:18.600,0.77665,0.77683,2.25,1.88
2011.12.07 15:08:19.575,0.77665,0.77683,2.25,1.88
2011.12.07 15:08:19.831,0.77672,0.77688,2.25,4.88
2011.12.07 15:08:20.519,0.77672,0.77682,1.50,1.50
2011.12.07 15:08:21.107,0.77668,0.77684,2.25,1.13
2011.12.07 15:08:21.733,0.77664,0.77682,2.25,1.50
2011.12.07 15:08:22.243,0.77663,0.7768,3.75,1.50
2011.12.07 15:08:22.364,0.77663,0.7768,3.75,1.50
2011.12.07 15:08:22.889,0.77659,0.77677,2.25,3.75
2011.12.07 15:08:23.021,0.7766,0.77677,3.00,2.25
2011.12.07 15:08:23.264,0.77662,0.77679,1.62,3.75
2011.12.07 15:08:23.622,0.77663,0.77679,2.25,1.50
2011.12.07 15:08:23.742,0.77663,0.77681,2.25,2.63
2011.12.07 15:08:23.861,0.7766,0.77676,4.50,1.50
2011.12.07 15:08:24.224,0.77663,0.77677,1.50,1.50
2011.12.07 15:08:24.344,0.77663,0.77681,3.00,2.63
2011.12.07 15:08:25.173,0.77664,0.77681,2.25,2.63
2011.12.07 15:08:25.315,0.77663,0.77673,1.50,1.50
2011.12.07 15:08:25.556,0.77663,0.77675,1.50,1.50
2011.12.07 15:08:25.683,0.77663,0.77678,1.50,1.50
2011.12.07 15:08:25.805,0.77663,0.77678,1.50,1.50
2011.12.07 15:08:25.933,0.77663,0.7768,1.50,1.50
2011.12.07 15:08:26.395,0.77663,0.77678,1.50,1.50
2011.12.07 15:08:26.517,0.77662,0.7768,2.25,5.63
2011.12.07 15:08:26.644,0.77661,0.77675,3.00,1.50
2011.12.07 15:08:27.209,0.77661,0.77677,2.25,1.50
2011.12.07 15:08:27.337,0.7766,0.77674,3.00,1.50
2011.12.07 15:08:27.920,0.7766,0.77675,3.00,1.50
2011.12.07 15:08:29.522,0.7766,0.77676,2.25,1.13
2011.12.07 15:08:30.068,0.7766,0.77676,4.50,1.50
2011.12.07 15:08:30.673,0.77664,0.7768,1.50,2.63
2011.12.07 15:08:31.200,0.77661,0.77677,2.25,1.50
2011.12.07 15:08:33.297,0.77666,0.77681,2.25,1.13
2011.12.07 15:08:33.983,0.77663,0.77679,4.50,1.50
2011.12.07 15:08:34.106,0.77666,0.77681,2.25,2.25
2011.12.07 15:08:38.511,0.77665,0.77681,2.25,1.50
2011.12.07 15:08:38.635,0.77665,0.77681,2.25,1.13
2011.12.07 15:08:38.751,0.77665,0.77677,2.25,1.50
2011.12.07 15:08:38.873,0.77665,0.77681,2.25,1.13
2011.12.07 15:08:39.239,0.77667,0.77685,1.50,4.13
2011.12.07 15:08:39.831,0.77667,0.77685,2.25,4.13
2011.12.07 15:08:40.629,0.77667,0.77683,2.25,1.50
2011.12.07 15:08:40.873,0.7767,0.77686,2.25,2.25
2011.12.07 15:08:45.601,0.7767,0.77688,2.25,2.25
2011.12.07 15:08:45.721,0.77673,0.77689,1.50,2.25
2011.12.07 15:08:46.284,0.77671,0.77687,1.50,1.50
2011.12.07 15:08:46.641,0.77667,0.77683,2.25,2.63
2011.12.07 15:08:47.005,0.77665,0.7768,2.25,2.63
2011.12.07 15:08:47.561,0.77659,0.77675,2.63,1.50
2011.12.07 15:08:47.696,0.77665,0.77681,2.25,2.63
2011.12.07 15:08:48.293,0.77666,0.77681,1.50,1.13
2011.12.07 15:08:48.808,0.77664,0.7768,2.25,1.50
2011.12.07 15:08:50.422,0.77665,0.7768,1.50,1.50
2011.12.07 15:08:50.557,0.7767,0.77685,2.25,2.25
2011.12.07 15:08:50.684,0.77673,0.77686,1.50,2.25
2011.12.07 15:08:50.800,0.77673,0.77686,1.50,2.25
2011.12.07 15:08:51.382,0.77673,0.77687,1.50,1.13
2011.12.07 15:08:56.080,0.77673,0.77687,1.50,2.63
2011.12.07 15:08:57.373,0.77673,0.77687,1.50,1.13
2011.12.07 15:09:01.471,0.77673,0.77685,1.50,1.50
2011.12.07 15:09:03.612,0.77673,0.77687,1.50,2.63
2011.12.07 15:09:10.533,0.77673,0.77687,1.50,2.63
2011.12.07 15:09:10.912,0.77663,0.77675,1.50,1.50
2011.12.07 15:09:11.040,0.77661,0.77672,1.50,1.50
2011.12.07 15:09:11.170,0.77659,0.7767,1.50,1.50
2011.12.07 15:09:11.916,0.77655,0.7767,1.13,1.50
2011.12.07 15:09:12.052,0.77657,0.77674,2.25,1.13
2011.12.07 15:09:12.294,0.77655,0.77669,1.13,1.50
2011.12.07 15:09:12.412,0.77655,0.77671,1.13,1.50
2011.12.07 15:09:12.896,0.77653,0.77669,1.13,1.50
2011.12.07 15:09:13.266,0.77652,0.77667,3.87,1.50
2011.12.07 15:09:13.889,0.77656,0.77672,2.25,1.88
2011.12.07 15:09:14.364,0.77657,0.77673,2.25,1.13
2011.12.07 15:09:14.711,0.77662,0.77678,1.50,4.13
2011.12.07 15:09:15.310,0.77661,0.77676,3.00,2.25
2011.12.07 15:09:16.693,0.77661,0.77674,3.00,1.50
2011.12.07 15:09:17.056,0.77654,0.77672,2.25,2.25
2011.12.07 15:09:17.305,0.77653,0.77669,4.50,1.50
2011.12.07 15:09:17.544,0.77656,0.77672,2.25,2.25
2011.12.07 15:09:17.785,0.7766,0.77674,1.50,1.13
2011.12.07 15:09:18.368,0.77654,0.77672,3.00,1.50
2011.12.07 15:09:18.742,0.77653,0.77666,1.13,1.50
2011.12.07 15:09:18.866,0.77654,0.77668,1.13,2.25
2011.12.07 15:09:19.233,0.77653,0.7767,2.25,3.00
2011.12.07 15:09:20.300,0.77654,0.7767,1.50,3.00
2011.12.07 15:09:21.783,0.77654,0.7767,2.25,3.00
2011.12.07 15:09:22.242,0.77657,0.7767,1.13,2.25
2011.12.07 15:09:22.487,0.7766,0.77674,3.00,1.50
2011.12.07 15:09:23.045,0.77656,0.77671,1.50,4.50
2011.12.07 15:09:23.400,0.77651,0.77667,2.25,1.50
2011.12.07 15:09:23.644,0.77651,0.77667,2.25,1.50
2011.12.07 15:09:24.122,0.77653,0.77669,2.25,3.75
2011.12.07 15:09:24.818,0.77651,0.77667,2.25,2.25
2011.12.07 15:09:24.952,0.77651,0.77669,2.25,2.25
2011.12.07 15:09:25.197,0.77653,0.77669,1.50,1.50
2011.12.07 15:09:25.565,0.77658,0.77671,2.25,1.50
2011.12.07 15:09:25.681,0.77658,0.77675,2.25,1.13
2011.12.07 15:09:26.928,0.77658,0.77673,1.50,1.13
2011.12.07 15:09:27.065,0.77654,0.7767,2.25,1.50
2011.12.07 15:09:27.426,0.77651,0.77668,3.00,2.25
2011.12.07 15:09:27.781,0.77652,0.7767,2.25,4.50
2011.12.07 15:09:29.352,0.77653,0.77669,2.25,1.50
2011.12.07 15:09:29.931,0.77654,0.7767,2.25,4.50
2011.12.07 15:09:30.272,0.77655,0.7767,2.25,1.50
2011.12.07 15:09:30.513,0.77657,0.77674,2.25,1.13
2011.12.07 15:09:30.854,0.77655,0.77673,2.25,2.63
2011.12.07 15:09:31.425,0.77659,0.77674,1.50,1.13
2011.12.07 15:09:32.251,0.77657,0.77674,3.75,1.13
2011.12.07 15:09:33.390,0.77657,0.77673,2.25,1.13
2011.12.07 15:09:33.741,0.77651,0.77668,3.00,2.25
2011.12.07 15:09:34.398,0.77655,0.7767,2.25,3.00
2011.12.07 15:09:35.695,0.77655,0.7767,2.25,3.00
2011.12.07 15:09:36.978,0.77656,0.77671,2.25,2.25
2011.12.07 15:09:37.103,0.77656,0.77672,4.50,2.25
2011.12.07 15:09:37.224,0.7766,0.77675,1.50,3.00
2011.12.07 15:09:37.467,0.77657,0.7767,2.25,2.25
2011.12.07 15:09:37.715,0.77654,0.77672,2.85,1.50
2011.12.07 15:09:37.836,0.77662,0.77677,1.50,1.13
2011.12.07 15:09:37.963,0.77662,0.77671,1.50,2.25
2011.12.07 15:09:38.488,0.77661,0.77675,2.25,1.50
2011.12.07 15:09:38.740,0.7766,0.77676,2.25,3.48
2011.12.07 15:09:39.089,0.77656,0.77674,2.25,1.50
2011.12.07 15:09:39.652,0.77658,0.77675,2.25,1.13
2011.12.07 15:09:40.016,0.77657,0.7767,2.25,2.25
2011.12.07 15:09:40.387,0.77653,0.7767,2.25,2.25
2011.12.07 15:09:41.746,0.77651,0.77667,4.50,1.50
2011.12.07 15:09:42.212,0.77651,0.77667,4.50,2.25
2011.12.07 15:09:43.355,0.77648,0.77663,2.25,1.50
2011.12.07 15:09:43.477,0.77645,0.77663,4.50,3.75
2011.12.07 15:09:43.614,0.77645,0.77659,3.00,1.13
2011.12.07 15:09:43.740,0.77645,0.77657,3.00,1.35
2011.12.07 15:09:44.121,0.77635,0.77643,3.75,1.50
2011.12.07 15:09:44.697,0.77634,0.77642,1.13,3.38
2011.12.07 15:09:44.947,0.77623,0.77635,2.25,2.25
2011.12.07 15:09:45.078,0.77623,0.77635,2.25,2.63
2011.12.07 15:09:45.450,0.77615,0.7762,1.50,1.50
2011.12.07 15:09:46.034,0.7761,0.77616,1.87,1.50
2011.12.07 15:09:46.408,0.77616,0.77625,1.73,1.50
2011.12.07 15:09:46.539,0.77616,0.77621,1.72,1.50
2011.12.07 15:09:46.670,0.7762,0.77625,2.63,1.50
2011.12.07 15:09:46.798,0.77621,0.77628,1.13,2.25
2011.12.07 15:09:47.052,0.77615,0.77628,1.12,1.50
2011.12.07 15:09:47.558,0.77613,0.77626,2.63,2.25
2011.12.07 15:09:47.708,0.77611,0.77625,1.13,3.00
2011.12.07 15:09:47.840,0.77621,0.77625,2.25,3.00
2011.12.07 15:09:48.453,0.77621,0.77636,3.00,1.50
2011.12.07 15:09:48.576,0.77621,0.77632,3.00,1.50
2011.12.07 15:09:49.067,0.77624,0.77639,2.25,1.50
2011.12.07 15:09:49.202,0.77623,0.7764,1.50,1.50
2011.12.07 15:09:49.571,0.77631,0.77637,2.25,1.50
2011.12.07 15:09:49.699,0.77631,0.77644,2.25,2.25
2011.12.07 15:09:50.062,0.77628,0.77644,1.50,3.75
2011.12.07 15:09:50.513,0.77623,0.77639,4.50,1.50
2011.12.07 15:09:50.873,0.7762,0.77634,3.00,1.50
2011.12.07 15:09:51.209,0.7762,0.77636,3.00,1.50
2011.12.07 15:09:52.246,0.7762,0.77633,3.00,1.50
2011.12.07 15:09:52.729,0.7762,0.77636,4.50,1.50
2011.12.07 15:09:52.963,0.7762,0.77636,4.50,1.50
2011.12.07 15:09:53.327,0.77622,0.77638,3.00,1.50
2011.12.07 15:09:53.932,0.77621,0.77637,3.00,1.50
2011.12.07 15:09:54.492,0.77622,0.7764,2.25,2.25
2011.12.07 15:09:56.019,0.7762,0.77637,3.38,1.50
2011.12.07 15:09:56.502,0.7762,0.77635,3.38,1.50
2011.12.07 15:09:57.386,0.7762,0.77636,4.88,1.50
2011.12.07 15:09:57.526,0.77624,0.77642,3.00,2.25
2011.12.07 15:09:58.786,0.77623,0.7764,2.25,1.50
2011.12.07 15:09:59.391,0.77623,0.77635,1.88,1.50
2011.12.07 15:09:59.533,0.77621,0.77638,3.38,2.25
2011.12.07 15:09:59.655,0.77623,0.77638,1.88,1.50
2011.12.07 15:09:59.794,0.77623,0.7764,1.13,1.50
2011.12.07 15:09:59.920,0.77628,0.77644,1.50,2.25
2011.12.07 15:10:00.515,0.77628,0.77644,1.50,2.25
2011.12.07 15:10:01.215,0.77632,0.77644,1.50,1.50
2011.12.07 15:10:01.349,0.77636,0.77652,2.25,2.25
2011.12.07 15:10:01.585,0.77636,0.77652,4.47,1.50
2011.12.07 15:10:01.825,0.77639,0.77655,3.00,2.25
2011.12.07 15:10:02.072,0.77636,0.77649,2.25,1.50
2011.12.07 15:10:02.192,0.77633,0.77649,1.50,2.25
2011.12.07 15:10:02.888,0.77634,0.7765,1.50,2.25
2011.12.07 15:10:03.242,0.77636,0.77651,1.50,3.00
2011.12.07 15:10:03.483,0.77638,0.77656,2.25,2.25
2011.12.07 15:10:04.151,0.7764,0.77657,1.50,4.50
2011.12.07 15:10:05.274,0.77642,0.77657,1.50,3.00
2011.12.07 15:10:05.756,0.7764,0.77657,1.50,3.00
2011.12.07 15:10:06.005,0.77636,0.77653,1.47,1.50
2011.12.07 15:10:06.353,0.77638,0.77656,2.25,2.25
2011.12.07 15:10:06.590,0.77643,0.77655,1.50,1.50
2011.12.07 15:10:06.713,0.7764,0.77655,1.50,1.50
2011.12.07 15:10:07.832,0.7764,0.77657,2.25,3.00
2011.12.07 15:10:08.439,0.77641,0.77657,2.25,3.00
2011.12.07 15:10:08.565,0.77641,0.77657,2.25,2.25
2011.12.07 15:10:09.110,0.7764,0.77658,4.47,1.50
2011.12.07 15:10:09.485,0.77647,0.77659,1.50,1.50
2011.12.07 15:10:09.966,0.77644,0.77662,2.25,2.25
2011.12.07 15:10:12.576,0.77643,0.77659,2.25,2.25
2011.12.07 15:10:13.152,0.77641,0.77657,3.75,4.50
2011.12.07 15:10:13.515,0.7764,0.77658,2.25,2.25
2011.12.07 15:10:14.222,0.77646,0.77659,2.25,3.75
2011.12.07 15:10:14.584,0.77655,0.77669,1.50,1.73
2011.12.07 15:10:14.703,0.77653,0.7767,2.25,3.00
2011.12.07 15:10:15.161,0.77651,0.77665,1.50,2.25
2011.12.07 15:10:15.295,0.77654,0.7767,1.50,2.25
2011.12.07 15:10:15.427,0.77654,0.7767,2.25,1.50
2011.12.07 15:10:15.803,0.77664,0.77676,1.50,1.13
2011.12.07 15:10:16.049,0.77662,0.77676,1.50,1.13
2011.12.07 15:10:16.174,0.77662,0.77676,1.50,1.13
2011.12.07 15:10:16.298,0.77662,0.77677,1.50,1.88
2011.12.07 15:10:16.902,0.77663,0.77675,2.25,2.25
2011.12.07 15:10:17.485,0.77663,0.77675,2.25,2.25
2011.12.07 15:10:17.727,0.77657,0.77671,2.25,1.50
2011.12.07 15:10:17.856,0.77663,0.77671,2.25,1.50
2011.12.07 15:10:17.989,0.77663,0.77673,2.25,1.50
2011.12.07 15:10:18.764,0.77659,0.77674,1.50,2.25
2011.12.07 15:10:19.121,0.77656,0.77673,2.25,1.88
2011.12.07 15:10:20.060,0.77657,0.77672,1.50,2.25
2011.12.07 15:10:20.975,0.77658,0.77672,2.25,1.13
2011.12.07 15:10:21.109,0.77652,0.77669,3.00,2.25
2011.12.07 15:10:21.933,0.77652,0.77668,3.00,1.73
2011.12.07 15:10:22.176,0.77652,0.77666,1.50,1.13
2011.12.07 15:10:22.535,0.77652,0.77667,2.25,2.63
2011.12.07 15:10:23.341,0.77658,0.77671,3.75,2.25
2011.12.07 15:10:23.463,0.77658,0.77674,3.75,1.13
2011.12.07 15:10:25.381,0.77658,0.77674,3.00,1.88
2011.12.07 15:10:25.503,0.77658,0.77671,3.00,1.50
2011.12.07 15:10:26.103,0.77658,0.77674,4.50,2.25
2011.12.07 15:10:26.565,0.77662,0.77674,2.25,1.88
2011.12.07 15:10:27.157,0.77663,0.77679,2.25,1.13
2011.12.07 15:10:27.295,0.77661,0.77677,2.25,2.63
2011.12.07 15:10:27.418,0.77659,0.77676,2.25,1.13
2011.12.07 15:10:27.554,0.77655,0.77669,3.00,1.50
2011.12.07 15:10:27.794,0.77655,0.77669,3.00,1.50
2011.12.07 15:10:27.919,0.77655,0.77665,2.25,1.50
2011.12.07 15:10:28.046,0.77651,0.77665,1.13,1.50
2011.12.07 15:10:28.293,0.77651,0.77666,1.13,1.50
2011.12.07 15:10:29.112,0.77651,0.77667,2.63,2.25
2011.12.07 15:10:29.354,0.77651,0.77667,2.63,2.25
2011.12.07 15:10:29.997,0.77651,0.77666,1.13,1.50
2011.12.07 15:10:30.362,0.77649,0.7766,1.13,1.50
2011.12.07 15:10:31.086,0.77646,0.77654,1.73,2.25
2011.12.07 15:10:31.463,0.77648,0.77658,1.12,1.50
2011.12.07 15:10:31.826,0.77653,0.77664,2.25,1.50
2011.12.07 15:10:32.078,0.77652,0.77663,1.50,1.13
2011.12.07 15:10:32.444,0.77652,0.7766,1.50,2.63
2011.12.07 15:10:32.804,0.77658,0.7767,2.25,1.13
2011.12.07 15:10:33.355,0.77658,0.77668,2.25,1.88
2011.12.07 15:10:33.829,0.77658,0.77666,2.25,1.25
2011.12.07 15:10:33.954,0.77658,0.77666,2.25,2.25
2011.12.07 15:10:34.078,0.7765,0.77663,1.62,1.88
2011.12.07 15:10:34.327,0.77649,0.77656,1.50,1.50
2011.12.07 15:10:34.454,0.77647,0.77656,1.50,1.50
2011.12.07 15:10:34.576,0.77643,0.77656,3.75,1.50
2011.12.07 15:10:34.978,0.77645,0.7766,2.25,2.63
2011.12.07 15:10:35.230,0.77642,0.77658,3.00,2.63
2011.12.07 15:10:36.343,0.77639,0.77655,3.75,2.63
2011.12.07 15:10:36.461,0.77639,0.77655,2.25,2.63
2011.12.07 15:10:37.868,0.77637,0.77648,1.50,2.25
2011.12.07 15:10:37.996,0.77636,0.7765,2.25,1.50
2011.12.07 15:10:38.129,0.77636,0.77652,2.44,1.88
2011.12.07 15:10:38.495,0.77646,0.77655,3.22,1.50
2011.12.07 15:10:38.748,0.77653,0.77661,1.50,1.50
2011.12.07 15:10:38.883,0.77643,0.77659,4.50,1.50
2011.12.07 15:10:39.009,0.77643,0.7766,2.25,2.63
2011.12.07 15:10:39.459,0.77643,0.77656,2.25,1.50
2011.12.07 15:10:39.589,0.77643,0.77658,2.25,2.25
2011.12.07 15:10:40.534,0.77643,0.77659,3.00,2.25
2011.12.07 15:10:41.783,0.77648,0.77662,2.25,2.63
2011.12.07 15:10:42.361,0.77648,0.77663,2.25,2.25
2011.12.07 15:10:44.377,0.77648,0.77659,2.25,2.25
2011.12.07 15:10:44.625,0.77643,0.77657,3.00,1.50
2011.12.07 15:10:45.202,0.77643,0.77657,2.25,2.25
2011.12.07 15:10:45.325,0.7764,0.77656,2.25,1.13
2011.12.07 15:10:45.912,0.77639,0.77655,2.25,2.25
2011.12.07 15:10:47.025,0.77643,0.77657,2.25,2.63
2011.12.07 15:10:47.623,0.77643,0.77657,3.00,1.13
2011.12.07 15:10:47.966,0.77643,0.77654,3.00,1.50
2011.12.07 15:10:48.621,0.77643,0.77654,3.00,2.25
2011.12.07 15:10:49.103,0.77643,0.77656,2.25,2.25
2011.12.07 15:10:50.811,0.77643,0.77657,2.25,1.50
2011.12.07 15:10:51.513,0.77643,0.77658,2.25,2.63
2011.12.07 15:10:59.288,0.77643,0.77656,2.25,1.50
2011.12.07 15:10:59.414,0.77643,0.77658,2.25,2.63
2011.12.07 15:10:59.531,0.77643,0.77656,2.25,1.50
2011.12.07 15:10:59.983,0.77643,0.77658,2.25,1.88
2011.12.07 15:11:03.114,0.77643,0.77656,2.25,1.50
2011.12.07 15:11:03.832,0.77643,0.77658,2.25,3.38
2011.12.07 15:11:04.990,0.77643,0.77657,2.25,1.13
2011.12.07 15:11:05.589,0.77643,0.77657,3.00,1.13
2011.12.07 15:11:08.082,0.77643,0.77657,4.50,1.13
2011.12.07 15:11:08.541,0.77644,0.77659,2.25,1.88
2011.12.07 15:11:09.084,0.77644,0.77659,2.25,1.50
2011.12.07 15:11:09.659,0.77646,0.77662,2.25,4.50
2011.12.07 15:11:10.403,0.77648,0.77662,1.50,3.00
2011.12.07 15:11:10.527,0.77648,0.77664,3.75,1.50
2011.12.07 15:11:10.776,0.77653,0.77666,2.25,2.25
2011.12.07 15:11:11.375,0.77656,0.77672,1.50,4.50
2011.12.07 15:11:11.623,0.77656,0.77672,2.25,2.25
2011.12.07 15:11:11.743,0.77662,0.77675,2.25,2.25
2011.12.07 15:11:11.864,0.77662,0.77677,4.50,1.13
2011.12.07 15:11:13.516,0.77664,0.7768,1.50,2.25
2011.12.07 15:11:14.000,0.77663,0.77679,2.25,1.50
2011.12.07 15:11:14.134,0.77668,0.77682,1.50,1.13
2011.12.07 15:11:14.757,0.77663,0.77677,3.00,1.50
2011.12.07 15:11:14.886,0.77663,0.77677,3.00,1.50
2011.12.07 15:11:17.189,0.77664,0.77679,2.25,1.50
2011.12.07 15:11:17.426,0.77667,0.77681,1.50,1.50
2011.12.07 15:11:17.774,0.77669,0.77684,1.50,1.88
2011.12.07 15:11:17.893,0.77664,0.77682,5.25,2.63
2011.12.07 15:11:18.253,0.77664,0.77681,5.25,1.50
2011.12.07 15:11:18.373,0.77664,0.77682,5.25,2.63
2011.12.07 15:11:18.610,0.77664,0.77681,5.25,1.50
2011.12.07 15:11:19.255,0.77664,0.77679,2.25,1.13
2011.12.07 15:11:19.612,0.77662,0.77677,3.00,1.50
2011.12.07 15:11:19.733,0.77663,0.77679,2.25,4.13
2011.12.07 15:11:20.191,0.77662,0.77678,3.00,2.63
2011.12.07 15:11:20.755,0.77662,0.77678,3.00,3.38
2011.12.07 15:11:20.878,0.77662,0.77678,3.00,2.63
2011.12.07 15:11:21.006,0.77662,0.77677,2.25,1.50
2011.12.07 15:11:21.659,0.77662,0.77678,2.25,4.13
2011.12.07 15:11:23.787,0.77662,0.77678,3.00,4.13
2011.12.07 15:11:24.393,0.77662,0.77678,2.25,3.38
2011.12.07 15:11:24.636,0.77662,0.77674,2.25,2.25
2011.12.07 15:11:24.762,0.77658,0.77674,2.25,1.88
2011.12.07 15:11:25.232,0.77658,0.77676,2.25,2.63
2011.12.07 15:11:25.355,0.77658,0.77676,2.25,2.63
2011.12.07 15:11:25.600,0.77657,0.77674,2.25,1.88
2011.12.07 15:11:26.169,0.77656,0.77672,2.25,1.50
2011.12.07 15:11:27.965,0.77658,0.77674,2.25,3.38
2011.12.07 15:11:28.586,0.77657,0.77675,2.25,2.25
2011.12.07 15:11:29.165,0.77658,0.77674,2.25,1.88
2011.12.07 15:11:29.723,0.77658,0.77674,2.25,2.63
2011.12.07 15:11:30.636,0.7766,0.77676,2.25,2.25
2011.12.07 15:11:31.010,0.77655,0.77668,3.00,1.50
2011.12.07 15:11:31.137,0.77655,0.7767,3.00,1.50
2011.12.07 15:11:31.266,0.77656,0.7767,2.25,1.50
2011.12.07 15:11:31.396,0.77658,0.77673,2.25,1.88
2011.12.07 15:11:32.110,0.77655,0.77672,3.00,1.88
2011.12.07 15:11:32.651,0.77655,0.77671,4.50,1.50
2011.12.07 15:11:33.215,0.77655,0.77671,4.50,2.25
2011.12.07 15:11:33.685,0.77653,0.77667,1.02,1.50
2011.12.07 15:11:33.804,0.77654,0.77667,1.02,1.50
2011.12.07 15:11:34.409,0.77655,0.77672,3.00,2.25
2011.12.07 15:11:35.040,0.77656,0.77672,2.25,2.25
2011.12.07 15:11:35.525,0.77657,0.77673,2.25,1.50
2011.12.07 15:11:36.101,0.77655,0.77671,2.25,1.50
2011.12.07 15:11:36.340,0.77655,0.77673,2.25,1.50
2011.12.07 15:11:37.659,0.77654,0.77672,4.50,1.50
2011.12.07 15:11:38.310,0.77655,0.77673,2.25,1.50
2011.12.07 15:11:38.651,0.77655,0.77671,2.25,1.50
2011.12.07 15:11:38.772,0.77655,0.77673,2.25,1.50
2011.12.07 15:11:39.001,0.77655,0.77671,2.25,1.50
2011.12.07 15:11:39.229,0.77655,0.77673,2.25,1.50
2011.12.07 15:11:39.803,0.77654,0.77672,4.62,1.50
2011.12.07 15:11:40.471,0.77665,0.77671,2.25,1.50
2011.12.07 15:11:40.594,0.77665,0.77673,2.25,1.50
2011.12.07 15:11:40.719,0.77665,0.77678,3.00,1.50
2011.12.07 15:11:40.969,0.77665,0.77676,3.00,1.50
2011.12.07 15:11:41.342,0.77666,0.77676,2.25,1.50
2011.12.07 15:11:41.587,0.77667,0.77678,2.25,1.50
2011.12.07 15:11:42.094,0.77664,0.7768,4.50,1.50
2011.12.07 15:11:42.229,0.77673,0.77683,2.25,1.50
2011.12.07 15:11:42.346,0.77673,0.77685,2.25,1.50
2011.12.07 15:11:43.065,0.77673,0.77687,2.25,1.13
2011.12.07 15:11:44.223,0.77673,0.77687,3.00,1.13
2011.12.07 15:11:46.916,0.77673,0.77686,3.00,1.50
2011.12.07 15:11:51.282,0.77673,0.77688,2.25,2.63
2011.12.07 15:11:53.906,0.77673,0.77687,2.25,1.50
2011.12.07 15:11:58.221,0.77674,0.77687,1.50,1.50
2011.12.07 15:11:58.345,0.77675,0.77691,1.50,2.25
2011.12.07 15:11:58.814,0.77675,0.77692,2.25,1.13
2011.12.07 15:11:59.616,0.77674,0.77692,5.25,1.50
2011.12.07 15:12:00.165,0.77675,0.77692,2.25,1.50
2011.12.07 15:12:00.294,0.7768,0.77695,1.50,1.13
2011.12.07 15:12:00.871,0.77679,0.77695,2.25,1.13
2011.12.07 15:12:01.102,0.77677,0.77693,3.75,1.50
2011.12.07 15:12:01.452,0.77674,0.77692,5.25,1.88
2011.12.07 15:12:02.861,0.77674,0.77689,3.75,1.50
2011.12.07 15:12:03.430,0.77674,0.77689,3.83,1.50
2011.12.07 15:12:03.552,0.77676,0.77693,2.25,1.88
2011.12.07 15:12:04.121,0.77674,0.77691,3.83,1.50
2011.12.07 15:12:04.737,0.77677,0.77694,2.25,1.13
2011.12.07 15:12:05.269,0.77677,0.77692,1.50,1.13
2011.12.07 15:12:05.877,0.77675,0.77693,3.75,1.13
2011.12.07 15:12:10.381,0.77675,0.77694,3.75,1.13
2011.12.07 15:12:15.171,0.77675,0.77692,3.75,1.13
2011.12.07 15:12:17.196,0.77675,0.77692,3.75,1.13
2011.12.07 15:12:17.776,0.77675,0.77693,3.00,1.13
2011.12.07 15:12:18.375,0.77675,0.77693,3.00,1.13
2011.12.07 15:12:18.714,0.77675,0.77696,3.00,1.88
2011.12.07 15:12:19.318,0.77675,0.77696,3.08,1.13
2011.12.07 15:12:19.904,0.77676,0.77696,1.50,1.13
2011.12.07 15:12:20.350,0.77676,0.77696,1.50,1.13
2011.12.07 15:12:23.566,0.77676,0.77698,1.88,2.25
2011.12.07 15:12:24.141,0.77676,0.77698,1.88,2.25
2011.12.07 15:12:25.617,0.77675,0.77696,3.08,1.88
2011.12.07 15:12:26.405,0.77675,0.77693,3.00,1.13
2011.12.07 15:12:27.772,0.77675,0.77693,3.00,1.13
2011.12.07 15:12:28.291,0.77675,0.77693,3.00,1.13
2011.12.07 15:12:28.534,0.7768,0.77698,1.62,2.25
2011.12.07 15:12:28.986,0.77687,0.77699,3.00,1.13
2011.12.07 15:12:29.356,0.77679,0.77695,1.50,1.13
2011.12.07 15:12:29.493,0.77687,0.77695,2.25,1.13
2011.12.07 15:12:29.618,0.77687,0.777,2.25,1.13
2011.12.07 15:12:39.006,0.77687,0.77698,2.25,2.25
2011.12.07 15:12:39.137,0.77681,0.77697,1.50,2.25
2011.12.07 15:12:39.613,0.77674,0.77695,3.38,2.25
2011.12.07 15:12:40.345,0.77674,0.77694,3.00,1.13
2011.12.07 15:12:40.928,0.77674,0.77693,3.00,1.13
2011.12.07 15:12:42.940,0.77672,0.7769,3.00,1.13
2011.12.07 15:12:43.186,0.77674,0.77692,3.00,1.13
2011.12.07 15:12:43.317,0.77674,0.77692,3.00,1.88
2011.12.07 15:12:43.923,0.77673,0.77688,3.00,1.13
2011.12.07 15:12:45.830,0.77673,0.77688,3.00,1.88
2011.12.07 15:12:45.953,0.77673,0.77687,3.00,1.13
2011.12.07 15:12:46.321,0.77665,0.77685,3.00,1.13
2011.12.07 15:12:46.450,0.77665,0.77681,3.00,1.13
2011.12.07 15:12:47.175,0.77663,0.7768,1.13,1.13
2011.12.07 15:12:49.389,0.77663,0.77682,1.13,1.13
2011.12.07 15:12:49.779,0.77663,0.77686,1.58,1.50
2011.12.07 15:12:50.028,0.77663,0.77685,1.88,1.13
2011.12.07 15:12:50.395,0.77663,0.77685,1.13,1.13
2011.12.07 15:12:50.992,0.77663,0.77684,1.13,1.13
2011.12.07 15:12:51.583,0.77663,0.77684,1.13,1.13
2011.12.07 15:12:52.337,0.77662,0.77687,2.63,2.63
2011.12.07 15:12:59.289,0.77662,0.77687,2.63,2.63
2011.12.07 15:13:01.382,0.77662,0.77687,2.63,2.63
2011.12.07 15:13:02.726,0.77662,0.77686,2.63,1.13
2011.12.07 15:13:06.364,0.77662,0.77686,2.63,1.13
2011.12.07 15:13:06.821,0.77662,0.77686,2.63,1.13
2011.12.07 15:13:07.294,0.77662,0.77681,2.25,1.13
2011.12.07 15:13:09.486,0.77663,0.77684,1.13,1.50
2011.12.07 15:13:10.171,0.77663,0.77681,1.13,1.50
2011.12.07 15:13:10.699,0.77657,0.77678,1.13,1.50
2011.12.07 15:13:15.147,0.77657,0.77678,1.13,1.50
2011.12.07 15:13:15.520,0.77657,0.77676,1.13,1.50
2011.12.07 15:13:16.168,0.77656,0.77674,2.25,1.13
2011.12.07 15:13:17.954,0.77656,0.77674,2.25,1.13
2011.12.07 15:13:18.081,0.77657,0.77677,2.25,1.13
2011.12.07 15:13:18.441,0.77656,0.77676,3.75,1.88
2011.12.07 15:13:19.508,0.77662,0.77681,2.25,1.13
2011.12.07 15:13:22.116,0.77662,0.77683,3.00,1.50
2011.12.07 15:13:22.244,0.77662,0.77679,2.25,1.13
2011.12.07 15:13:22.846,0.77661,0.7768,2.25,1.13
2011.12.07 15:13:23.095,0.77658,0.77679,1.35,3.38
2011.12.07 15:13:23.214,0.77658,0.77677,1.35,1.13
2011.12.07 15:13:26.295,0.77657,0.77678,2.25,1.50
2011.12.07 15:13:26.423,0.77657,0.77674,2.25,1.13
2011.12.07 15:13:30.274,0.77657,0.77676,2.25,1.13
2011.12.07 15:13:31.645,0.77657,0.77673,2.25,2.25
2011.12.07 15:13:31.762,0.77657,0.77673,1.50,3.00
2011.12.07 15:13:32.348,0.77652,0.77673,3.12,3.00
2011.12.07 15:13:32.473,0.77652,0.77672,3.12,1.50
2011.12.07 15:13:32.592,0.77652,0.77673,3.12,3.75
2011.12.07 15:13:33.789,0.77652,0.77673,3.12,3.75
2011.12.07 15:13:33.911,0.77652,0.77671,3.00,1.50
2011.12.07 15:13:34.276,0.77652,0.77671,3.12,1.13
2011.12.07 15:13:34.754,0.77652,0.7767,3.00,1.13
2011.12.07 15:13:35.226,0.77652,0.77668,1.50,1.50
2011.12.07 15:13:35.574,0.77651,0.77669,2.37,3.00
2011.12.07 15:13:36.011,0.77652,0.77668,1.50,1.50
2011.12.07 15:13:36.363,0.77652,0.77668,1.50,1.88
2011.12.07 15:13:36.605,0.77652,0.77668,1.50,1.50
2011.12.07 15:13:40.616,0.77653,0.77672,3.00,3.00
2011.12.07 15:13:40.981,0.77657,0.77673,2.25,1.50
2011.12.07 15:13:41.337,0.77657,0.77674,2.25,1.50
2011.12.07 15:13:46.766,0.77654,0.77672,3.00,1.50
2011.12.07 15:13:47.364,0.77656,0.77674,2.25,1.35
2011.12.07 15:13:50.383,0.77656,0.77674,2.25,1.35
2011.12.07 15:13:50.983,0.77653,0.77669,1.50,1.50
2011.12.07 15:13:51.222,0.77653,0.77669,1.50,1.50
2011.12.07 15:13:51.690,0.77653,0.77668,1.50,1.50
2011.12.07 15:13:52.245,0.77651,0.77669,2.37,1.50
2011.12.07 15:13:52.482,0.77655,0.77672,2.25,3.75
2011.12.07 15:13:52.605,0.77656,0.77673,2.25,1.50
2011.12.07 15:13:52.723,0.77656,0.77678,2.25,1.35
2011.12.07 15:13:53.190,0.77656,0.77676,2.25,1.50
2011.12.07 15:13:53.706,0.77656,0.77679,2.25,2.25
2011.12.07 15:13:54.339,0.77656,0.77679,2.63,1.50
2011.12.07 15:13:54.944,0.77656,0.77677,2.63,1.50
2011.12.07 15:13:55.311,0.77656,0.77668,2.63,1.50
2011.12.07 15:13:55.554,0.77656,0.77679,2.25,1.88
2011.12.07 15:13:55.791,0.77657,0.77679,1.13,1.50
2011.12.07 15:13:57.898,0.77657,0.77678,1.13,3.00
2011.12.07 15:13:59.001,0.77657,0.77678,1.13,3.00
2011.12.07 15:13:59.714,0.7766,0.77684,1.88,3.00
2011.12.07 15:13:59.832,0.77662,0.77684,1.50,2.25
2011.12.07 15:14:00.067,0.77662,0.77686,2.25,3.00
2011.12.07 15:14:00.708,0.77662,0.77686,2.25,1.88
2011.12.07 15:14:01.130,0.77662,0.77686,2.25,1.88
2011.12.07 15:14:01.854,0.77662,0.77686,3.00,1.88
2011.12.07 15:14:02.092,0.77662,0.77686,3.00,1.88
2011.12.07 15:14:04.393,0.77662,0.77686,3.00,1.88
2011.12.07 15:14:06.424,0.77662,0.77685,3.00,1.50
2011.12.07 15:14:06.783,0.77658,0.77678,1.13,3.00
2011.12.07 15:14:08.852,0.77658,0.77678,1.13,2.25
2011.12.07 15:14:11.327,0.77658,0.77678,1.13,3.00
2011.12.07 15:14:13.573,0.77661,0.77684,2.63,1.50
2011.12.07 15:14:14.043,0.77663,0.77687,1.50,3.38
2011.12.07 15:14:14.166,0.77663,0.77687,1.50,1.13
2011.12.07 15:14:14.757,0.77663,0.77687,3.00,1.13
2011.12.07 15:14:16.010,0.77663,0.77687,3.00,1.50
2011.12.07 15:14:17.562,0.77663,0.77687,3.00,1.50
2011.12.07 15:14:18.146,0.77663,0.77687,2.25,1.50
2011.12.07 15:14:18.618,0.77663,0.77683,2.25,1.13
2011.12.07 15:14:19.000,0.7766,0.77678,2.25,1.13
2011.12.07 15:14:21.014,0.7766,0.77679,2.25,1.13
2011.12.07 15:14:21.515,0.7766,0.77679,2.25,1.13
2011.12.07 15:14:21.974,0.7766,0.77674,2.25,1.13
2011.12.07 15:14:22.099,0.77657,0.77675,2.25,1.13
2011.12.07 15:14:22.224,0.77657,0.77676,2.25,1.13
2011.12.07 15:14:22.866,0.77659,0.77678,2.25,1.13
2011.12.07 15:14:23.240,0.77659,0.77678,2.25,1.13
2011.12.07 15:14:23.848,0.77659,0.77679,2.25,1.13
2011.12.07 15:14:28.376,0.77659,0.77679,2.25,1.13
2011.12.07 15:14:28.507,0.77663,0.77684,1.13,1.35
2011.12.07 15:14:28.637,0.77663,0.77687,4.88,4.13
2011.12.07 15:14:29.224,0.77663,0.77687,4.88,4.13
2011.12.07 15:14:30.247,0.77663,0.77683,3.38,1.50
2011.12.07 15:14:30.845,0.77663,0.77688,2.25,4.13
2011.12.07 15:14:31.802,0.77662,0.77684,3.00,1.13
2011.12.07 15:14:36.380,0.77662,0.77684,3.00,1.13
2011.12.07 15:14:38.994,0.77662,0.77669,2.25,2.25
2011.12.07 15:14:39.111,0.77657,0.77671,1.12,2.25
2011.12.07 15:14:39.353,0.77653,0.77676,1.13,1.58
2011.12.07 15:14:39.473,0.77653,0.77675,1.13,1.20
2011.12.07 15:14:40.090,0.77647,0.77673,2.25,2.70
2011.12.07 15:14:40.861,0.77649,0.77671,2.63,1.13
2011.12.07 15:14:43.496,0.77653,0.77675,1.13,1.73
2011.12.07 15:14:44.092,0.77655,0.77678,1.13,5.25
2011.12.07 15:14:45.105,0.77658,0.77678,1.13,3.00
2011.12.07 15:14:45.462,0.77658,0.7768,1.13,2.63
2011.12.07 15:14:46.063,0.77654,0.77676,2.25,1.13
2011.12.07 15:14:46.687,0.77653,0.77675,1.13,1.13
2011.12.07 15:14:49.153,0.77653,0.77675,3.38,1.13
2011.12.07 15:14:49.273,0.77653,0.77675,3.38,1.13
2011.12.07 15:14:50.516,0.77653,0.77675,3.38,1.13
2011.12.07 15:14:52.309,0.77651,0.77672,2.63,1.13
2011.12.07 15:14:52.957,0.77653,0.77675,3.00,1.13
2011.12.07 15:14:57.302,0.77655,0.77678,1.13,1.13
2011.12.07 15:15:01.724,0.77662,0.77683,1.13,1.35
2011.12.07 15:15:01.966,0.77662,0.77683,1.13,1.35
2011.12.07 15:15:05.310,0.77664,0.77686,1.13,1.50
2011.12.07 15:15:05.553,0.77664,0.77686,1.13,1.50
2011.12.07 15:15:06.863,0.77662,0.77687,1.13,5.25
2011.12.07 15:15:09.836,0.77662,0.77683,1.13,1.05
2011.12.07 15:15:09.965,0.77661,0.77682,2.63,1.35
2011.12.07 15:15:10.326,0.77661,0.77677,1.50,3.00
2011.12.07 15:15:10.563,0.77657,0.77677,1.13,3.00
2011.12.07 15:15:13.109,0.77653,0.77677,1.13,6.75
2011.12.07 15:15:16.483,0.77656,0.77678,1.50,4.50
2011.12.07 15:15:16.945,0.77654,0.77678,1.13,3.00
2011.12.07 15:15:17.534,0.77659,0.77679,1.13,2.25
2011.12.07 15:15:17.882,0.7766,0.77683,1.13,2.25
2011.12.07 15:15:19.306,0.77655,0.77677,1.13,3.00
2011.12.07 15:15:19.426,0.77655,0.77677,1.13,3.00
2011.12.07 15:15:19.783,0.77655,0.77681,1.13,3.60
2011.12.07 15:15:20.142,0.77655,0.77678,1.13,3.00
2011.12.07 15:15:24.195,0.77656,0.77678,1.50,3.00
2011.12.07 15:15:24.314,0.77655,0.77678,1.13,3.00
2011.12.07 15:15:24.667,0.77658,0.7768,1.13,2.25
2011.12.07 15:15:25.417,0.77661,0.77684,1.13,2.25
2011.12.07 15:15:26.033,0.77661,0.77686,1.13,1.50
2011.12.07 15:15:26.161,0.77662,0.77685,1.13,1.50
2011.12.07 15:15:26.756,0.77662,0.77686,1.13,1.50
2011.12.07 15:15:36.096,0.77661,0.77685,1.13,2.33
2011.12.07 15:15:36.345,0.77658,0.7768,2.25,1.73
2011.12.07 15:15:36.950,0.77657,0.77674,1.13,1.50
2011.12.07 15:15:37.326,0.77654,0.77671,1.13,1.13
2011.12.07 15:15:41.054,0.7765,0.77677,3.00,3.75
2011.12.07 15:15:43.361,0.77655,0.77677,1.13,1.50
2011.12.07 15:15:43.488,0.77653,0.77678,3.75,2.85
2011.12.07 15:15:44.197,0.77657,0.77679,1.13,1.13
2011.12.07 15:15:44.551,0.77655,0.77678,2.25,1.13
2011.12.07 15:15:44.906,0.77655,0.77677,1.13,1.13
2011.12.07 15:15:45.037,0.77655,0.77677,1.13,1.13
2011.12.07 15:15:45.634,0.7766,0.77684,1.13,3.00
2011.12.07 15:15:45.757,0.7766,0.77685,2.63,1.35
2011.12.07 15:15:46.587,0.77661,0.77685,1.13,1.35
2011.12.07 15:15:52.653,0.77661,0.77685,1.13,1.35
2011.12.07 15:15:54.733,0.77661,0.77685,1.13,1.35
2011.12.07 15:15:55.541,0.7766,0.77685,2.63,1.35
2011.12.07 15:15:56.173,0.77663,0.77683,2.25,2.25
2011.12.07 15:15:56.302,0.77663,0.77683,2.25,2.25
2011.12.07 15:15:56.950,0.77667,0.77685,2.25,2.85
2011.12.07 15:15:59.804,0.77666,0.77684,2.25,2.25
2011.12.07 15:16:00.381,0.77666,0.77684,2.25,2.25
2011.12.07 15:16:01.394,0.77668,0.77684,1.50,2.25
2011.12.07 15:16:02.602,0.77667,0.77683,2.25,2.25
2011.12.07 15:16:03.151,0.77667,0.77683,1.50,2.25
2011.12.07 15:16:04.010,0.77667,0.77683,2.25,2.25
2011.12.07 15:16:05.741,0.77667,0.77683,1.50,2.25
2011.12.07 15:16:07.713,0.77667,0.77683,2.25,2.25
2011.12.07 15:16:09.466,0.77667,0.77683,1.50,2.25
2011.12.07 15:16:10.055,0.77665,0.77682,2.25,1.13
2011.12.07 15:16:10.174,0.77665,0.77681,2.25,1.13
2011.12.07 15:16:10.401,0.77665,0.77683,2.25,2.25
2011.12.07 15:16:10.994,0.77665,0.77683,2.25,2.25
2011.12.07 15:16:11.551,0.77665,0.77683,2.25,2.25
2011.12.07 15:16:16.854,0.77665,0.77683,2.25,2.25
2011.12.07 15:16:17.424,0.77665,0.77683,2.25,2.25
2011.12.07 15:16:19.319,0.77665,0.77682,2.25,1.13
2011.12.07 15:16:19.450,0.77666,0.77681,1.50,1.13
2011.12.07 15:16:21.430,0.77668,0.77682,1.36,2.63
2011.12.07 15:16:21.974,0.7767,0.77685,1.77,1.35
2011.12.07 15:16:22.555,0.77668,0.77684,1.64,2.25
2011.12.07 15:16:22.673,0.77668,0.77684,1.50,2.25
2011.12.07 15:16:23.241,0.77666,0.77683,2.25,1.13
2011.12.07 15:16:25.762,0.77661,0.77679,2.25,1.50
2011.12.07 15:16:26.340,0.77665,0.77683,2.25,2.63
2011.12.07 15:16:27.047,0.77665,0.77682,2.25,1.13
2011.12.07 15:16:27.416,0.77663,0.77678,2.25,1.13
2011.12.07 15:16:27.905,0.77661,0.77677,3.75,1.13
2011.12.07 15:16:33.148,0.77659,0.77677,2.25,2.63
2011.12.07 15:16:33.795,0.77662,0.77677,1.50,1.13
2011.12.07 15:16:36.906,0.7766,0.77677,2.25,1.88
2011.12.07 15:16:37.047,0.77662,0.77678,2.25,1.13
2011.12.07 15:16:37.172,0.77662,0.77677,2.25,1.13
2011.12.07 15:16:39.904,0.77664,0.77679,1.50,1.13
2011.12.07 15:16:40.532,0.77664,0.77679,2.25,1.13
2011.12.07 15:16:41.630,0.77666,0.77679,1.50,1.13
2011.12.07 15:16:44.133,0.77666,0.77682,2.25,2.25
2011.12.07 15:16:44.255,0.77666,0.77682,3.00,2.25
2011.12.07 15:16:44.860,0.77668,0.77684,2.25,1.50
2011.12.07 15:16:45.445,0.77668,0.77684,2.25,2.25
2011.12.07 15:16:45.835,0.77666,0.77683,3.75,1.13
2011.12.07 15:16:46.439,0.77666,0.77681,2.25,1.13
2011.12.07 15:16:47.502,0.77666,0.77682,2.25,1.88
2011.12.07 15:16:48.311,0.77666,0.77682,2.25,1.88
2011.12.07 15:16:48.677,0.77666,0.7768,2.25,1.13
2011.12.07 15:16:49.163,0.77666,0.77682,2.25,1.50
2011.12.07 15:16:49.283,0.77666,0.77682,2.25,1.50
2011.12.07 15:16:50.366,0.77666,0.77682,2.25,2.63
2011.12.07 15:16:50.722,0.77666,0.77682,2.25,2.25
2011.12.07 15:16:51.646,0.77668,0.77684,1.50,2.25
2011.12.07 15:16:51.895,0.77666,0.77684,2.25,2.25
2011.12.07 15:16:52.400,0.77666,0.77684,2.25,1.50
2011.12.07 15:16:52.773,0.77666,0.77681,1.50,1.50
2011.12.07 15:16:53.365,0.77666,0.77682,2.25,1.50
2011.12.07 15:16:55.128,0.77667,0.77683,2.25,1.50
2011.12.07 15:16:55.731,0.77666,0.77682,2.25,1.50
2011.12.07 15:16:56.291,0.77666,0.77682,2.25,1.50
2011.12.07 15:16:56.420,0.77668,0.77684,2.25,1.88
2011.12.07 15:16:56.670,0.7767,0.77684,1.50,1.50
2011.12.07 15:16:56.919,0.77671,0.77688,1.13,2.25
2011.12.07 15:16:57.392,0.7767,0.77686,2.25,1.50
2011.12.07 15:16:58.374,0.7767,0.77685,3.00,1.50
2011.12.07 15:16:58.978,0.77672,0.77683,1.13,1.50
2011.12.07 15:16:59.112,0.7767,0.77687,1.13,1.50
2011.12.07 15:16:59.784,0.7767,0.77688,2.63,1.50
2011.12.07 15:17:01.233,0.77671,0.77687,2.25,1.50
2011.12.07 15:17:02.046,0.77673,0.77689,2.25,1.50
2011.12.07 15:17:02.406,0.77672,0.77685,1.88,1.50
2011.12.07 15:17:02.541,0.77672,0.7769,3.38,1.50
2011.12.07 15:17:02.783,0.77675,0.77692,1.50,2.85
2011.12.07 15:17:05.068,0.77676,0.77692,2.25,2.25
2011.12.07 15:17:05.646,0.77675,0.77693,2.25,2.25
2011.12.07 15:17:06.017,0.77677,0.77691,1.50,2.25
2011.12.07 15:17:06.147,0.77681,0.77694,2.25,1.50
2011.12.07 15:17:06.283,0.77681,0.77694,3.75,1.50
2011.12.07 15:17:06.771,0.77683,0.77696,1.50,2.63
2011.12.07 15:17:07.218,0.77683,0.77694,1.50,1.50
2011.12.07 15:17:07.454,0.77683,0.77697,1.50,1.88
2011.12.07 15:17:08.381,0.77683,0.77697,1.50,1.88
2011.12.07 15:17:09.203,0.77683,0.77696,1.50,1.50
2011.12.07 15:17:10.410,0.77682,0.77696,1.50,2.25
2011.12.07 15:17:10.542,0.77681,0.77691,2.25,3.00
2011.12.07 15:17:10.791,0.77675,0.77688,1.50,1.50
2011.12.07 15:17:11.349,0.77669,0.77687,2.25,2.25
2011.12.07 15:17:14.874,0.77671,0.77687,1.50,2.25
2011.12.07 15:17:15.116,0.77667,0.77683,1.50,2.25
2011.12.07 15:17:15.927,0.77667,0.77683,1.50,2.25
2011.12.07 15:17:16.058,0.77664,0.7768,1.88,2.25
2011.12.07 15:17:16.636,0.77663,0.77678,1.13,1.50
2011.12.07 15:17:16.883,0.77663,0.77678,1.13,2.25
2011.12.07 15:17:20.241,0.77662,0.77678,2.25,2.25
2011.12.07 15:17:27.337,0.77662,0.77678,2.25,2.25
2011.12.07 15:17:28.490,0.77662,0.77678,2.25,2.25
2011.12.07 15:17:29.767,0.7766,0.77677,1.13,2.25
2011.12.07 15:17:30.332,0.77659,0.77677,2.63,2.25
2011.12.07 15:17:32.200,0.77659,0.77677,2.63,2.25
2011.12.07 15:17:39.693,0.7766,0.77678,2.25,2.25
2011.12.07 15:17:40.660,0.7766,0.77678,2.25,2.25
2011.12.07 15:17:43.742,0.77659,0.77675,1.13,2.25
2011.12.07 15:17:44.324,0.77657,0.7767,1.13,1.50
2011.12.07 15:17:44.447,0.77656,0.7767,1.13,1.50
2011.12.07 15:17:45.054,0.77656,0.77673,1.13,2.25
2011.12.07 15:17:45.756,0.77656,0.77673,1.13,2.25
2011.12.07 15:17:47.215,0.77657,0.77675,1.50,2.63
2011.12.07 15:17:47.812,0.77656,0.77673,2.63,1.50
2011.12.07 15:17:48.350,0.77658,0.77674,1.50,2.25
2011.12.07 15:17:50.280,0.77658,0.77675,2.25,1.13
2011.12.07 15:17:50.644,0.77657,0.77675,2.25,2.63
2011.12.07 15:17:50.763,0.77657,0.77675,2.25,2.63
2011.12.07 15:17:51.311,0.77659,0.77675,1.50,2.63
2011.12.07 15:17:51.856,0.77659,0.77675,1.50,2.63
2011.12.07 15:17:51.991,0.77656,0.77672,2.25,1.50
2011.12.07 15:17:52.594,0.77653,0.77671,2.63,1.50
2011.12.07 15:17:53.497,0.77655,0.77672,1.50,2.25
2011.12.07 15:17:54.073,0.77655,0.77671,2.25,1.50
2011.12.07 15:17:54.583,0.77655,0.77671,2.25,2.25
2011.12.07 15:17:54.710,0.77655,0.77673,2.33,2.25
2011.12.07 15:17:54.839,0.77657,0.77675,2.25,3.75
2011.12.07 15:17:55.195,0.77657,0.77675,2.25,3.75
2011.12.07 15:17:55.314,0.77659,0.77675,1.50,2.25
2011.12.07 15:17:56.189,0.77661,0.77677,1.50,2.63
2011.12.07 15:17:56.562,0.77659,0.77677,1.50,2.25
2011.12.07 15:17:57.128,0.77659,0.77674,1.50,1.13
2011.12.07 15:17:57.372,0.77659,0.77675,1.50,2.25
2011.12.07 15:17:58.415,0.77661,0.77677,1.50,2.63
2011.12.07 15:17:58.907,0.77668,0.77684,1.50,2.25
2011.12.07 15:18:00.164,0.77668,0.77684,1.50,2.25
2011.12.07 15:18:00.744,0.77669,0.77685,1.50,2.25
2011.12.07 15:18:01.972,0.77667,0.77683,1.50,2.25
2011.12.07 15:18:03.052,0.77666,0.77684,2.25,2.25
2011.12.07 15:18:04.572,0.77666,0.77684,1.50,2.25
2011.12.07 15:18:05.200,0.77664,0.77682,2.25,2.25
2011.12.07 15:18:05.994,0.77666,0.77682,1.50,2.25
2011.12.07 15:18:07.851,0.77665,0.77681,1.50,2.25
2011.12.07 15:18:08.412,0.77666,0.77682,1.50,2.25
2011.12.07 15:18:08.765,0.77664,0.77679,1.50,1.13
2011.12.07 15:18:08.884,0.77666,0.7768,1.50,1.13
2011.12.07 15:18:10.103,0.77665,0.77679,1.50,1.13
2011.12.07 15:18:10.230,0.77662,0.77678,2.25,2.25
2011.12.07 15:18:10.716,0.77659,0.77675,2.25,1.50
2011.12.07 15:18:11.073,0.77656,0.77671,1.50,2.25
2011.12.07 15:18:11.423,0.77654,0.77669,1.13,2.25
2011.12.07 15:18:11.541,0.77656,0.77672,1.50,2.63
2011.12.07 15:18:12.521,0.77657,0.77672,2.25,1.50
2011.12.07 15:18:12.654,0.77661,0.77677,1.50,2.25
2011.12.07 15:18:13.016,0.77663,0.77678,1.50,1.13
2011.12.07 15:18:13.375,0.77666,0.77682,1.50,2.25
2011.12.07 15:18:13.495,0.77666,0.77682,3.00,2.25
2011.12.07 15:18:14.355,0.77667,0.77684,2.25,1.35
2011.12.07 15:18:15.632,0.77667,0.77683,1.50,2.25
2011.12.07 15:18:16.405,0.77668,0.77684,1.50,1.35
2011.12.07 15:18:16.536,0.77664,0.77682,2.33,2.25
2011.12.07 15:18:17.014,0.77665,0.77683,2.33,2.25
2011.12.07 15:18:17.695,0.77666,0.77682,2.25,2.25
2011.12.07 15:18:18.032,0.77671,0.77684,1.50,2.25
2011.12.07 15:18:18.156,0.77671,0.77684,1.50,2.25
2011.12.07 15:18:18.891,0.77673,0.77687,1.50,3.00
2011.12.07 15:18:19.025,0.77671,0.77687,1.50,4.50
2011.12.07 15:18:19.146,0.77673,0.77687,2.25,1.50
2011.12.07 15:18:19.266,0.77671,0.77683,1.13,1.50
2011.12.07 15:18:19.396,0.77674,0.7769,2.25,1.50
2011.12.07 15:18:19.968,0.77672,0.77688,5.25,1.50
2011.12.07 15:18:20.099,0.77673,0.77689,2.25,2.25
2011.12.07 15:18:20.811,0.77672,0.77688,2.25,2.25
2011.12.07 15:18:21.346,0.77675,0.77691,1.50,2.25
2011.12.07 15:18:21.473,0.77673,0.77689,1.50,2.25
2011.12.07 15:18:22.090,0.77671,0.77687,2.63,1.50
2011.12.07 15:18:22.672,0.77672,0.77688,2.25,2.25
2011.12.07 15:18:23.561,0.77672,0.77688,3.38,2.25
2011.12.07 15:18:23.794,0.77683,0.77695,1.50,1.50
2011.12.07 15:18:23.912,0.77679,0.77696,1.50,1.35
2011.12.07 15:18:24.032,0.77679,0.77696,1.50,1.35
2011.12.07 15:18:24.151,0.77677,0.77693,2.25,2.25
2011.12.07 15:18:24.381,0.77677,0.77693,1.50,2.25
2011.12.07 15:18:24.504,0.77675,0.7769,2.70,2.25
2011.12.07 15:18:24.980,0.77673,0.7769,1.13,4.50
2011.12.07 15:18:25.590,0.7767,0.77686,2.25,1.13
2011.12.07 15:18:25.956,0.77668,0.77684,3.38,1.50
2011.12.07 15:18:33.054,0.77668,0.77683,1.50,1.50
2011.12.07 15:18:33.174,0.77668,0.77685,1.50,2.25
2011.12.07 15:18:34.203,0.77671,0.77685,1.50,1.50
2011.12.07 15:18:34.561,0.77673,0.77686,1.50,1.50
2011.12.07 15:18:35.123,0.77674,0.77688,1.50,2.25
2011.12.07 15:18:36.015,0.77672,0.77686,3.38,1.50
2011.12.07 15:18:36.132,0.77672,0.77686,3.38,2.25
2011.12.07 15:18:36.537,0.7767,0.77686,2.25,2.25
2011.12.07 15:18:37.146,0.77671,0.77687,1.50,2.25
2011.12.07 15:18:38.544,0.77669,0.77685,1.50,2.25
2011.12.07 15:18:38.782,0.77666,0.77682,2.25,2.25
2011.12.07 15:18:39.133,0.77665,0.77681,2.25,2.25
2011.12.07 15:18:40.053,0.77667,0.77683,1.50,2.25
2011.12.07 15:18:40.741,0.77667,0.77683,1.50,2.25
2011.12.07 15:18:41.261,0.7766,0.77675,2.25,3.00
2011.12.07 15:18:41.393,0.77663,0.77678,3.00,1.71
2011.12.07 15:18:41.514,0.77666,0.77682,3.00,2.25
2011.12.07 15:18:41.631,0.77668,0.77684,1.50,2.25
2011.12.07 15:18:42.200,0.77667,0.77683,1.50,2.25
2011.12.07 15:18:43.865,0.77661,0.77678,1.13,2.25
2011.12.07 15:18:44.103,0.77662,0.77678,1.13,2.25
2011.12.07 15:18:44.556,0.77664,0.77678,1.50,2.25
2011.12.07 15:18:44.676,0.77662,0.77678,1.13,2.25
2011.12.07 15:18:45.302,0.77664,0.7768,1.50,2.25
2011.12.07 15:18:46.112,0.77662,0.7768,2.25,2.25
2011.12.07 15:18:47.027,0.77669,0.77681,1.50,3.00
2011.12.07 15:18:47.544,0.77673,0.77687,1.50,3.00
2011.12.07 15:18:48.162,0.77669,0.77687,1.50,4.50
2011.12.07 15:18:48.732,0.77668,0.77686,2.25,2.25
2011.12.07 15:18:49.642,0.77668,0.77686,1.50,2.63
2011.12.07 15:18:49.888,0.77665,0.77683,2.63,2.25
2011.12.07 15:18:50.472,0.77668,0.77684,1.50,2.25
2011.12.07 15:18:51.415,0.77666,0.77684,2.25,2.25
2011.12.07 15:18:53.559,0.77668,0.77684,1.50,2.25
2011.12.07 15:18:55.060,0.77667,0.77683,2.25,2.25
2011.12.07 15:18:57.156,0.77669,0.77687,1.50,4.50
2011.12.07 15:18:57.454,0.77672,0.77687,1.50,3.00
2011.12.07 15:18:58.049,0.77671,0.77687,1.50,3.00
2011.12.07 15:18:58.412,0.77669,0.77687,1.50,4.50
2011.12.07 15:18:59.309,0.77669,0.77687,1.50,4.50
2011.12.07 15:19:00.902,0.77667,0.77685,2.25,2.25
2011.12.07 15:19:03.286,0.77667,0.77685,1.50,2.25
2011.12.07 15:19:03.772,0.77663,0.77678,3.00,2.25
2011.12.07 15:19:04.373,0.77661,0.77677,2.25,2.25
2011.12.07 15:19:05.123,0.77663,0.77679,1.50,3.00
2011.12.07 15:19:06.031,0.77663,0.77679,1.50,3.00
2011.12.07 15:19:06.389,0.77667,0.77682,1.50,1.13
2011.12.07 15:19:06.876,0.77665,0.77683,1.50,2.63
2011.12.07 15:19:07.442,0.77666,0.77682,1.50,2.25
2011.12.07 15:19:08.967,0.77666,0.77684,4.13,2.25
2011.12.07 15:19:09.548,0.77669,0.77687,1.50,4.50
2011.12.07 15:19:09.677,0.77667,0.77685,1.50,2.25
2011.12.07 15:19:10.035,0.77671,0.77684,2.25,2.25
2011.12.07 15:19:10.157,0.77672,0.77688,1.50,2.25
2011.12.07 15:19:10.526,0.77669,0.77687,3.00,2.25
2011.12.07 15:19:11.115,0.7767,0.77688,1.50,4.50
2011.12.07 15:19:11.664,0.77669,0.77687,1.50,2.25
2011.12.07 15:19:12.667,0.77669,0.77687,2.25,2.25
2011.12.07 15:19:12.794,0.77669,0.77687,2.25,2.25
2011.12.07 15:19:13.156,0.77672,0.77687,1.50,3.00
2011.12.07 15:19:13.285,0.77672,0.77687,2.25,3.00
2011.12.07 15:19:14.080,0.7767,0.77687,2.25,3.00
2011.12.07 15:19:14.447,0.77673,0.77689,1.50,2.25
2011.12.07 15:19:15.032,0.77671,0.77687,4.88,1.50
2011.12.07 15:19:15.156,0.77673,0.7769,2.25,3.00
2011.12.07 15:19:18.773,0.77673,0.7769,1.50,3.00
2011.12.07 15:19:19.362,0.77671,0.77687,3.00,2.25
2011.12.07 15:19:19.823,0.77671,0.77684,3.00,1.50
2011.12.07 15:19:19.956,0.77667,0.77683,2.25,2.25
2011.12.07 15:19:28.217,0.77665,0.77681,1.13,2.25
2011.12.07 15:19:28.345,0.77665,0.77679,1.13,1.50
2011.12.07 15:19:29.740,0.77661,0.77679,4.50,2.25
2011.12.07 15:19:31.338,0.77667,0.77685,1.50,2.25
2011.12.07 15:19:31.572,0.77666,0.77684,3.75,2.25
2011.12.07 15:19:33.631,0.77668,0.77684,2.25,2.25
2011.12.07 15:19:36.403,0.77668,0.77684,6.75,2.25
2011.12.07 15:19:36.527,0.77672,0.77688,1.50,5.25
2011.12.07 15:19:36.656,0.77676,0.77694,3.75,2.63
2011.12.07 15:19:36.774,0.77676,0.77691,2.25,3.75
2011.12.07 15:19:36.894,0.77673,0.77689,2.25,1.50
2011.12.07 15:19:37.327,0.77673,0.77689,1.50,2.25
2011.12.07 15:19:37.463,0.77667,0.77684,1.13,2.25
2011.12.07 15:19:38.025,0.77668,0.77684,2.25,2.25
2011.12.07 15:19:38.256,0.77668,0.77686,2.25,2.25
2011.12.07 15:19:40.592,0.77667,0.77683,2.25,1.50
2011.12.07 15:19:40.722,0.7767,0.77686,1.50,2.25
2011.12.07 15:19:41.310,0.77671,0.77688,1.50,3.00
2011.12.07 15:19:42.527,0.77671,0.77688,2.25,3.00
2011.12.07 15:19:42.658,0.77672,0.77688,3.75,2.25
2011.12.07 15:19:42.783,0.77674,0.7769,1.50,2.25
2011.12.07 15:19:43.230,0.77672,0.77688,2.25,2.25
2011.12.07 15:19:46.081,0.77671,0.77687,3.00,1.50
2011.12.07 15:19:46.826,0.77673,0.77689,1.50,2.25
2011.12.07 15:19:47.487,0.77673,0.77689,2.25,2.25
2011.12.07 15:19:48.615,0.77674,0.77689,1.13,2.25
2011.12.07 15:19:49.094,0.77676,0.7769,1.13,1.50
2011.12.07 15:19:49.699,0.77676,0.77692,1.13,2.25
2011.12.07 15:19:49.824,0.77676,0.77689,1.13,1.50
2011.12.07 15:19:51.532,0.77676,0.77692,1.13,2.25
2011.12.07 15:19:52.090,0.77676,0.77689,1.13,1.50
2011.12.07 15:19:57.041,0.77676,0.77692,1.13,2.25
2011.12.07 15:19:57.516,0.77679,0.77695,1.50,2.25
2011.12.07 15:19:57.634,0.77681,0.77697,1.50,4.88
2011.12.07 15:19:58.256,0.77681,0.77695,2.25,2.25
2011.12.07 15:19:59.500,0.77676,0.77692,2.63,1.50
2011.12.07 15:19:59.864,0.77676,0.7769,1.13,1.50
2011.12.07 15:19:59.981,0.77676,0.7769,1.13,1.50
2011.12.07 15:20:00.104,0.77677,0.77693,1.50,2.25
2011.12.07 15:20:01.392,0.77676,0.77692,1.13,2.25
2011.12.07 15:20:01.916,0.77676,0.77688,1.13,1.50
2011.12.07 15:20:02.033,0.77676,0.7769,1.13,3.00
2011.12.07 15:20:02.272,0.77676,0.77688,1.13,1.50
2011.12.07 15:20:02.864,0.77676,0.77689,1.13,1.50
2011.12.07 15:20:03.458,0.77676,0.7769,1.13,1.50
2011.12.07 15:20:05.233,0.77676,0.77688,1.13,1.50
2011.12.07 15:20:05.352,0.77676,0.7769,1.13,1.50
2011.12.07 15:20:07.700,0.77676,0.77692,2.63,1.50
2011.12.07 15:20:08.741,0.77676,0.77693,1.13,2.25
2011.12.07 15:20:09.427,0.77676,0.77691,1.13,1.50
2011.12.07 15:20:10.219,0.77676,0.77692,2.63,1.50
2011.12.07 15:20:10.915,0.77677,0.77692,1.50,1.50
2011.12.07 15:20:11.140,0.77676,0.77692,3.38,1.50
2011.12.07 15:20:12.845,0.77676,0.77693,1.13,2.25
2011.12.07 15:20:12.962,0.77676,0.77691,1.13,1.50
2011.12.07 15:20:16.667,0.77681,0.77698,2.25,2.25
2011.12.07 15:20:17.022,0.77677,0.77693,2.25,2.25
2011.12.07 15:20:17.378,0.77676,0.77693,1.13,2.25
2011.12.07 15:20:17.508,0.77676,0.77691,1.13,2.25
2011.12.07 15:20:18.193,0.77676,0.77688,1.13,1.50
2011.12.07 15:20:18.318,0.77676,0.7769,1.13,1.50
2011.12.07 15:20:19.007,0.77673,0.77691,4.50,2.25
2011.12.07 15:20:19.381,0.77674,0.77688,1.13,1.50
2011.12.07 15:20:20.653,0.77673,0.7769,3.38,1.50
2011.12.07 15:20:20.932,0.77673,0.7769,3.38,1.50
2011.12.07 15:20:21.503,0.77675,0.77691,3.00,2.25
2011.12.07 15:20:22.073,0.77675,0.7769,1.50,1.50
2011.12.07 15:20:22.420,0.77673,0.77687,3.38,1.50
2011.12.07 15:20:23.334,0.77673,0.77688,1.13,1.50
2011.12.07 15:20:23.840,0.77671,0.77688,3.00,2.25
2011.12.07 15:20:25.231,0.77673,0.77689,2.63,1.50
2011.12.07 15:20:25.803,0.77673,0.77689,4.50,1.50
2011.12.07 15:20:26.482,0.77674,0.77691,2.25,1.50
2011.12.07 15:20:26.943,0.77673,0.77688,3.00,1.50
2011.12.07 15:20:27.515,0.77673,0.77688,3.00,1.50
2011.12.07 15:20:27.871,0.77673,0.77689,4.50,1.50
2011.12.07 15:20:29.994,0.77673,0.77689,4.50,1.50
2011.12.07 15:20:31.011,0.77673,0.77689,3.00,2.25
2011.12.07 15:20:31.368,0.77671,0.77689,4.50,2.25
2011.12.07 15:20:31.499,0.77671,0.77687,3.00,1.50
2011.12.07 15:20:32.080,0.77671,0.77686,3.00,1.50
2011.12.07 15:20:32.533,0.77671,0.77688,3.00,1.50
2011.12.07 15:20:35.682,0.77673,0.77689,2.25,2.25
2011.12.07 15:20:35.923,0.77671,0.77689,4.50,2.25
2011.12.07 15:20:36.260,0.77671,0.77687,2.25,2.25
2011.12.07 15:20:39.285,0.77671,0.77686,2.25,2.63
2011.12.07 15:20:39.406,0.77667,0.77685,2.25,2.25
2011.12.07 15:20:39.772,0.7767,0.77683,1.50,1.50
2011.12.07 15:20:40.016,0.77667,0.77683,2.25,2.25
2011.12.07 15:20:40.256,0.77668,0.77684,1.50,1.13
2011.12.07 15:20:40.693,0.77668,0.77684,1.50,1.13
2011.12.07 15:20:41.281,0.77667,0.77684,2.25,1.88
2011.12.07 15:20:42.213,0.77664,0.77682,2.25,2.25
2011.12.07 15:20:42.779,0.77666,0.77682,1.50,2.25
2011.12.07 15:20:44.120,0.77668,0.77684,1.50,2.63
2011.12.07 15:20:44.693,0.77667,0.77683,1.50,2.25
2011.12.07 15:20:45.363,0.77666,0.77684,1.50,2.63
2011.12.07 15:20:48.008,0.77667,0.77685,1.50,2.25
2011.12.07 15:20:48.876,0.77666,0.77683,1.13,2.25
2011.12.07 15:20:49.234,0.77668,0.77683,1.50,2.25
2011.12.07 15:20:49.822,0.77667,0.77684,2.25,1.13
2011.12.07 15:20:50.623,0.77668,0.77684,1.50,2.63
2011.12.07 15:20:51.402,0.77669,0.77684,4.50,1.13
2011.12.07 15:20:51.942,0.77676,0.77691,1.50,2.63
2011.12.07 15:20:52.075,0.77668,0.77684,3.75,2.25
2011.12.07 15:20:52.535,0.77668,0.77684,1.50,2.25
2011.12.07 15:20:53.765,0.7767,0.77686,1.50,2.63
2011.12.07 15:20:54.005,0.77667,0.77683,1.50,1.13
2011.12.07 15:20:54.243,0.77665,0.77683,2.25,2.63
2011.12.07 15:20:54.945,0.77666,0.77682,2.25,1.50
2011.12.07 15:20:55.533,0.77666,0.77682,1.50,2.63
2011.12.07 15:20:56.223,0.77665,0.77681,2.25,2.25
2011.12.07 15:20:57.903,0.77666,0.77682,2.10,1.13
2011.12.07 15:20:58.266,0.77676,0.77687,2.25,1.13
2011.12.07 15:20:58.622,0.77664,0.7768,1.50,2.25
2011.12.07 15:20:58.743,0.77663,0.77681,2.25,4.50
2011.12.07 15:20:58.973,0.77665,0.77681,1.12,4.50
2011.12.07 15:20:59.334,0.77683,0.77693,2.33,1.50
2011.12.07 15:20:59.455,0.77681,0.77692,1.50,1.13
2011.12.07 15:20:59.693,0.77681,0.77691,1.50,2.25
2011.12.07 15:20:59.936,0.77675,0.77692,4.69,1.13
2011.12.07 15:21:00.287,0.77692,0.77697,1.50,2.25
2011.12.07 15:21:00.419,0.77692,0.77701,1.50,1.13
2011.12.07 15:21:00.652,0.77693,0.77702,2.25,1.50
2011.12.07 15:21:00.890,0.77689,0.77699,1.62,3.00
2011.12.07 15:21:01.133,0.77692,0.77698,3.75,1.50
2011.12.07 15:21:01.255,0.77688,0.77697,3.00,1.13
2011.12.07 15:21:01.374,0.77682,0.77695,1.50,1.88
2011.12.07 15:21:01.498,0.77686,0.77693,1.12,2.25
2011.12.07 15:21:01.744,0.77692,0.77702,1.50,1.13
2011.12.07 15:21:02.321,0.77692,0.77702,1.50,1.13
2011.12.07 15:21:02.555,0.77689,0.77702,1.50,1.13
2011.12.07 15:21:02.673,0.77688,0.777,2.25,2.25
2011.12.07 15:21:02.916,0.77683,0.77696,2.25,1.50
2011.12.07 15:21:03.034,0.77683,0.77696,2.25,2.25
2011.12.07 15:21:03.153,0.77678,0.77694,1.50,1.13
2011.12.07 15:21:03.717,0.77676,0.77694,2.25,2.25
2011.12.07 15:21:05.024,0.77677,0.77693,1.50,2.25
2011.12.07 15:21:05.394,0.77683,0.77699,2.25,2.25
2011.12.07 15:21:05.823,0.77687,0.77698,2.25,1.50
2011.12.07 15:21:05.956,0.77676,0.77691,1.50,1.50
2011.12.07 15:21:06.551,0.77679,0.77695,1.50,2.63
2011.12.07 15:21:06.695,0.77676,0.77692,2.25,2.25
2011.12.07 15:21:07.056,0.77675,0.77693,4.50,3.00
2011.12.07 15:21:07.885,0.77675,0.77693,3.75,3.00
2011.12.07 15:21:09.782,0.77676,0.77692,1.50,2.25
2011.12.07 15:21:10.930,0.77675,0.77692,2.25,2.25
2011.12.07 15:21:11.472,0.77676,0.77692,1.50,2.25
2011.12.07 15:21:12.496,0.77675,0.77692,2.25,2.25
2011.12.07 15:21:13.239,0.77683,0.77694,1.50,1.13
2011.12.07 15:21:13.605,0.77684,0.77696,3.00,1.13
2011.12.07 15:21:13.726,0.77688,0.77698,2.25,2.25
2011.12.07 15:21:14.090,0.77686,0.77696,1.50,1.13
2011.12.07 15:21:14.214,0.77683,0.77694,1.50,2.25
2011.12.07 15:21:14.340,0.77676,0.77694,2.25,2.63
2011.12.07 15:21:15.043,0.77677,0.77694,1.50,1.13
2011.12.07 15:21:16.800,0.77683,0.77698,1.50,1.13
2011.12.07 15:21:17.403,0.77682,0.77698,2.25,2.63
2011.12.07 15:21:18.390,0.77683,0.77698,1.50,1.13
2011.12.07 15:21:18.926,0.77682,0.77698,3.75,2.63
2011.12.07 15:21:20.356,0.77681,0.77693,1.50,1.13
2011.12.07 15:21:20.713,0.77679,0.77693,1.50,1.13
2011.12.07 15:21:21.127,0.77672,0.77687,1.88,1.50
2011.12.07 15:21:21.259,0.77669,0.77687,2.25,1.50
2011.12.07 15:21:21.502,0.77674,0.77688,1.88,5.25
2011.12.07 15:21:21.869,0.77682,0.77694,2.25,1.50
2011.12.07 15:21:22.234,0.77681,0.77695,1.50,1.13
2011.12.07 15:21:22.585,0.77678,0.77693,1.50,2.25
2011.12.07 15:21:22.702,0.77682,0.77695,1.50,1.13
2011.12.07 15:21:23.213,0.77679,0.77695,1.50,2.63
2011.12.07 15:21:23.815,0.7768,0.77698,1.50,2.25
2011.12.07 15:21:23.938,0.77685,0.77699,1.50,2.10
2011.12.07 15:21:24.066,0.77682,0.77698,1.50,2.25
2011.12.07 15:21:24.531,0.77678,0.77696,2.25,2.25
2011.12.07 15:21:24.994,0.7768,0.77696,1.50,2.25
2011.12.07 15:21:25.584,0.7768,0.77696,1.50,2.25
2011.12.07 15:21:26.984,0.77681,0.77696,1.50,2.25
2011.12.07 15:21:27.102,0.77688,0.777,1.50,1.13
2011.12.07 15:21:27.226,0.77688,0.77699,1.50,1.13
2011.12.07 15:21:27.346,0.77686,0.77699,1.50,1.13
2011.12.07 15:21:27.758,0.77687,0.77699,2.25,1.13
2011.12.07 15:21:27.889,0.77687,0.77701,2.25,1.13
2011.12.07 15:21:29.742,0.77688,0.77701,1.50,1.13
2011.12.07 15:21:31.105,0.77684,0.77695,3.00,1.13
2011.12.07 15:21:31.344,0.77682,0.77694,1.50,1.13
2011.12.07 15:21:31.462,0.7768,0.77694,1.50,1.13
2011.12.07 15:21:31.584,0.77678,0.77694,1.50,2.63
2011.12.07 15:21:32.139,0.77677,0.77694,1.50,1.13
2011.12.07 15:21:32.786,0.77678,0.77695,1.50,2.63
2011.12.07 15:21:33.427,0.7768,0.77694,1.50,1.13
2011.12.07 15:21:33.791,0.77677,0.77694,1.50,1.88
2011.12.07 15:21:34.038,0.77675,0.77693,3.75,3.60
2011.12.07 15:21:34.404,0.77673,0.7769,1.50,1.13
2011.12.07 15:21:34.765,0.77677,0.77691,1.50,1.13
2011.12.07 15:21:34.892,0.77679,0.77691,1.50,1.13
2011.12.07 15:21:35.348,0.77677,0.77691,3.00,1.13
2011.12.07 15:21:35.932,0.77676,0.77692,2.25,2.63
2011.12.07 15:21:37.207,0.77678,0.77692,1.50,1.13
2011.12.07 15:21:37.333,0.77676,0.77692,2.25,2.63
2011.12.07 15:21:37.453,0.7768,0.77695,1.50,2.63
2011.12.07 15:21:37.971,0.7768,0.77695,1.50,1.13
2011.12.07 15:21:38.102,0.77674,0.77692,4.50,2.25
2011.12.07 15:21:38.224,0.77674,0.77692,4.50,2.25
2011.12.07 15:21:38.801,0.77676,0.77693,1.50,1.88
2011.12.07 15:21:39.251,0.77676,0.77692,1.50,2.63
2011.12.07 15:21:39.374,0.77674,0.7769,2.25,2.25
2011.12.07 15:21:39.613,0.77677,0.77692,1.50,1.13
2011.12.07 15:21:39.735,0.77675,0.7769,3.75,1.13
2011.12.07 15:21:39.854,0.77675,0.7769,1.50,1.13
2011.12.07 15:21:39.974,0.77673,0.77689,6.00,2.25
2011.12.07 15:21:40.521,0.77673,0.77689,3.75,2.25
2011.12.07 15:21:41.178,0.77675,0.77691,1.50,2.63
2011.12.07 15:21:41.547,0.77675,0.77691,1.50,2.25
2011.12.07 15:21:42.130,0.77675,0.77692,1.50,1.13
2011.12.07 15:21:42.485,0.77677,0.77692,1.50,1.13
2011.12.07 15:21:42.837,0.77679,0.77692,1.50,1.13
2011.12.07 15:21:43.363,0.7768,0.77692,1.50,1.13
2011.12.07 15:21:43.483,0.77677,0.77692,1.50,1.13
2011.12.07 15:21:44.073,0.77677,0.77692,1.50,1.13
2011.12.07 15:21:44.528,0.77683,0.77692,3.75,1.13
2011.12.07 15:21:44.665,0.77683,0.77698,3.75,1.88
2011.12.07 15:21:44.905,0.77682,0.77698,1.50,4.13
2011.12.07 15:21:45.934,0.77682,0.77698,1.50,2.63
2011.12.07 15:21:46.533,0.77682,0.77696,1.50,1.13
2011.12.07 15:21:50.952,0.77682,0.77696,1.50,1.13
2011.12.07 15:21:51.592,0.77679,0.77695,1.50,2.25
2011.12.07 15:21:51.951,0.77683,0.77697,2.25,1.13
2011.12.07 15:21:53.715,0.77677,0.77693,1.50,2.25
2011.12.07 15:21:54.637,0.77677,0.77692,1.50,3.38
2011.12.07 15:21:55.003,0.77676,0.7769,1.50,1.13
2011.12.07 15:21:55.125,0.77674,0.7769,3.00,1.13
2011.12.07 15:21:55.704,0.77673,0.77688,2.25,2.25
2011.12.07 15:21:56.302,0.77674,0.77689,1.50,1.13
2011.12.07 15:21:59.074,0.77673,0.77689,3.75,3.38
2011.12.07 15:22:01.732,0.77673,0.77686,2.25,3.00
2011.12.07 15:22:01.973,0.7767,0.77686,3.75,3.00
2011.12.07 15:22:02.338,0.77672,0.77683,2.25,1.50
2011.12.07 15:22:02.471,0.77672,0.77685,2.25,2.25
2011.12.07 15:22:02.924,0.7767,0.77685,1.50,1.13
2011.12.07 15:22:03.528,0.77671,0.77685,1.50,1.13
2011.12.07 15:22:05.683,0.77673,0.77685,1.50,1.13
2011.12.07 15:22:05.802,0.77671,0.77685,1.50,1.13
2011.12.07 15:22:07.032,0.77671,0.77687,2.25,1.13
2011.12.07 15:22:07.153,0.77673,0.77688,2.25,1.88
2011.12.07 15:22:07.745,0.77673,0.77687,2.25,1.13
2011.12.07 15:22:08.203,0.77671,0.77688,1.50,1.88
2011.12.07 15:22:09.851,0.77673,0.77688,2.25,1.88
2011.12.07 15:22:10.431,0.77673,0.77687,2.25,1.13
2011.12.07 15:22:12.540,0.77673,0.77688,2.25,3.00
2011.12.07 15:22:16.274,0.77671,0.77688,2.25,1.50
2011.12.07 15:22:16.932,0.77674,0.77688,1.50,1.50
2011.12.07 15:22:17.064,0.77673,0.77688,2.25,3.00
2011.12.07 15:22:17.545,0.77673,0.77686,2.25,2.63
2011.12.07 15:22:17.666,0.77669,0.77686,1.50,1.13
2011.12.07 15:22:18.241,0.77669,0.77686,1.50,1.13
2011.12.07 15:22:18.594,0.77671,0.77685,1.50,1.13
2011.12.07 15:22:19.383,0.77675,0.77685,1.50,1.13
2011.12.07 15:22:19.924,0.77675,0.77684,1.50,1.13
2011.12.07 15:22:20.052,0.77673,0.77686,1.50,1.13
2011.12.07 15:22:20.173,0.77673,0.77685,1.50,1.50
2011.12.07 15:22:21.823,0.77672,0.77683,1.50,1.13
2011.12.07 15:22:22.403,0.77673,0.77683,1.50,1.13
2011.12.07 15:22:23.805,0.77673,0.77686,1.50,1.13
2011.12.07 15:22:23.925,0.77676,0.77686,1.50,1.13
2011.12.07 15:22:24.045,0.77675,0.77688,1.50,1.50
2011.12.07 15:22:24.642,0.77676,0.7769,2.25,1.50
2011.12.07 15:22:24.767,0.77678,0.77686,1.50,1.13
2011.12.07 15:22:25.236,0.77676,0.77686,1.50,1.88
2011.12.07 15:22:25.464,0.77672,0.77686,1.50,1.88
2011.12.07 15:22:25.888,0.77674,0.77686,1.50,1.13
2011.12.07 15:22:26.482,0.77674,0.77689,1.50,3.75
2011.12.07 15:22:26.601,0.77674,0.77689,1.50,3.75
2011.12.07 15:22:26.833,0.77669,0.77682,1.50,2.25
2011.12.07 15:22:26.952,0.77667,0.77682,2.25,2.25
2011.12.07 15:22:27.540,0.77668,0.77682,1.50,2.25
2011.12.07 15:22:28.093,0.77666,0.77681,2.25,1.50
2011.12.07 15:22:28.212,0.77666,0.77681,2.25,1.88
2011.12.07 15:22:28.985,0.77665,0.77679,1.73,1.13
2011.12.07 15:22:29.116,0.77663,0.77677,2.25,2.25
2011.12.07 15:22:29.236,0.77659,0.77677,2.25,2.25
2011.12.07 15:22:29.356,0.77663,0.77678,2.25,2.63
2011.12.07 15:22:29.702,0.77665,0.77678,1.50,1.13
2011.12.07 15:22:30.763,0.77665,0.7768,1.50,1.13
2011.12.07 15:22:31.132,0.77676,0.77688,1.50,1.50
2011.12.07 15:22:31.707,0.77682,0.77693,1.50,1.50
2011.12.07 15:22:32.062,0.77678,0.77693,2.25,1.50
2011.12.07 15:22:32.185,0.77682,0.77693,1.50,1.50
2011.12.07 15:22:32.425,0.77676,0.77691,2.25,1.50
2011.12.07 15:22:32.544,0.77674,0.77691,3.00,2.25
2011.12.07 15:22:32.782,0.77675,0.77692,2.25,1.13
2011.12.07 15:22:32.902,0.77679,0.77692,1.50,1.13
2011.12.07 15:22:33.260,0.77675,0.77689,2.25,1.13
2011.12.07 15:22:34.044,0.77675,0.77688,1.50,1.50
2011.12.07 15:22:35.491,0.77675,0.77691,2.25,1.13
2011.12.07 15:22:35.619,0.77677,0.77691,1.50,1.13
2011.12.07 15:22:35.987,0.77686,0.77696,1.50,1.13
2011.12.07 15:22:36.543,0.77684,0.77692,1.50,1.13
2011.12.07 15:22:36.799,0.77678,0.77694,2.25,2.63
2011.12.07 15:22:36.923,0.7768,0.77694,1.50,1.13
2011.12.07 15:22:37.565,0.77678,0.77693,2.25,1.13
2011.12.07 15:22:37.907,0.77683,0.77696,3.75,1.13
2011.12.07 15:22:38.272,0.77681,0.77694,1.50,1.88
2011.12.07 15:22:39.644,0.77676,0.77692,2.25,1.50
2011.12.07 15:22:39.885,0.7768,0.77698,1.50,4.50
2011.12.07 15:22:40.451,0.77678,0.77693,2.25,1.50
2011.12.07 15:22:41.253,0.77679,0.77692,1.50,1.50
2011.12.07 15:22:41.372,0.7768,0.77698,1.50,3.00
2011.12.07 15:22:42.235,0.77679,0.77697,3.00,2.25
2011.12.07 15:22:43.948,0.77679,0.77694,1.50,1.50
2011.12.07 15:22:44.531,0.77681,0.77694,1.50,1.50
2011.12.07 15:22:45.424,0.7768,0.77696,2.25,2.25
2011.12.07 15:22:51.164,0.7768,0.77694,1.50,1.50
2011.12.07 15:22:51.646,0.77678,0.77694,1.50,3.00
2011.12.07 15:22:52.006,0.77673,0.77689,4.50,2.25
2011.12.07 15:22:53.692,0.77674,0.77692,2.33,4.50
2011.12.07 15:22:54.057,0.7768,0.77694,1.50,1.50
2011.12.07 15:22:54.303,0.7768,0.77694,1.50,1.50
2011.12.07 15:22:58.844,0.77678,0.77694,1.50,3.00
2011.12.07 15:22:59.182,0.77681,0.77694,1.50,1.50
2011.12.07 15:22:59.528,0.77679,0.77689,1.50,1.13
2011.12.07 15:23:00.095,0.77672,0.77686,3.00,1.13
2011.12.07 15:23:00.333,0.77674,0.77686,1.50,1.13
2011.12.07 15:23:01.291,0.77672,0.77686,3.00,1.13
2011.12.07 15:23:01.535,0.77671,0.77687,1.58,1.13
2011.12.07 15:23:02.123,0.77675,0.77687,2.25,1.13
2011.12.07 15:23:02.259,0.77681,0.77691,1.50,1.13
2011.12.07 15:23:02.386,0.77675,0.77691,3.08,2.63
2011.12.07 15:23:02.508,0.77679,0.77691,1.50,1.13
2011.12.07 15:23:02.636,0.77676,0.77691,2.25,1.13
2011.12.07 15:23:03.665,0.77679,0.77691,1.50,1.13
2011.12.07 15:23:03.905,0.77672,0.7769,4.50,2.63
2011.12.07 15:23:04.023,0.77672,0.7769,4.58,1.50
2011.12.07 15:23:04.561,0.77679,0.77694,3.75,1.50
2011.12.07 15:23:04.808,0.77675,0.77692,3.00,1.50
2011.12.07 15:23:05.061,0.77674,0.7769,2.25,1.50
2011.12.07 15:23:06.976,0.77676,0.77692,1.50,1.13
2011.12.07 15:23:10.095,0.7768,0.77691,1.50,1.13
2011.12.07 15:23:10.707,0.7768,0.77693,1.50,1.88
2011.12.07 15:23:10.833,0.77678,0.77691,2.25,1.50
2011.12.07 15:23:11.182,0.77683,0.77691,2.25,1.50
2011.12.07 15:23:11.304,0.77683,0.77696,2.25,2.63
2011.12.07 15:23:11.430,0.77683,0.77695,1.50,1.13
2011.12.07 15:23:11.673,0.7768,0.77695,3.00,1.13
2011.12.07 15:23:13.467,0.77679,0.77695,2.25,1.88
2011.12.07 15:23:14.030,0.77679,0.77694,2.25,1.88
2011.12.07 15:23:16.651,0.77681,0.77694,1.50,1.88
2011.12.07 15:23:19.594,0.77678,0.77694,3.75,1.88
2011.12.07 15:23:19.934,0.77678,0.77693,1.50,1.13
2011.12.07 15:23:20.297,0.77675,0.77688,1.50,2.25
2011.12.07 15:23:20.905,0.77672,0.77688,3.00,2.63
2011.12.07 15:23:23.034,0.77672,0.77688,3.75,1.13
2011.12.07 15:23:24.485,0.77673,0.77689,1.50,1.88
2011.12.07 15:23:24.847,0.77676,0.77691,1.50,2.63
2011.12.07 15:23:25.181,0.77679,0.77691,1.50,1.13
2011.12.07 15:23:26.125,0.77677,0.77691,3.00,1.13
2011.12.07 15:23:26.464,0.77676,0.77689,1.50,1.88
2011.12.07 15:23:27.032,0.77675,0.77689,2.25,2.63
2011.12.07 15:23:27.411,0.77678,0.77692,1.50,1.13
2011.12.07 15:23:28.792,0.77676,0.77692,1.50,1.13
