2012.06.29 12:00:00.465,0.79882,0.79897,2.63,1.50
2012.06.29 12:00:00.825,0.79878,0.79892,1.88,1.50
2012.06.29 12:00:00.973,0.79879,0.79891,1.50,1.50
2012.06.29 12:00:01.412,0.79879,0.79894,1.50,1.88
2012.06.29 12:00:02.864,0.79879,0.79895,1.50,1.50
2012.06.29 12:00:03.012,0.79881,0.79895,1.13,1.50
2012.06.29 12:00:03.363,0.79883,0.79898,1.13,2.25
2012.06.29 12:00:04.202,0.79883,0.799,1.13,1.88
2012.06.29 12:00:04.733,0.79883,0.79897,1.13,1.50
2012.06.29 12:00:04.931,0.79883,0.79899,1.88,2.63
2012.06.29 12:00:05.485,0.79882,0.79898,2.63,1.50
2012.06.29 12:00:06.072,0.79883,0.79899,2.63,1.88
2012.06.29 12:00:07.259,0.79883,0.79898,1.13,1.50
2012.06.29 12:00:08.430,0.79883,0.79899,1.13,1.88
2012.06.29 12:00:09.481,0.79883,0.79899,1.13,1.88
2012.06.29 12:00:10.021,0.79883,0.79899,1.13,1.50
2012.06.29 12:00:10.631,0.79882,0.79897,1.88,1.50
2012.06.29 12:00:11.172,0.79883,0.79901,2.25,6.00
2012.06.29 12:00:14.409,0.79882,0.79898,3.38,1.50
2012.06.29 12:00:15.691,0.79882,0.79898,2.63,2.85
2012.06.29 12:00:15.763,0.79882,0.79896,2.25,1.13
2012.06.29 12:00:16.111,0.79879,0.79895,1.50,3.38
2012.06.29 12:00:16.258,0.79877,0.79892,2.25,1.50
2012.06.29 12:00:16.471,0.79881,0.79893,1.50,1.50
2012.06.29 12:00:17.028,0.79882,0.79898,1.50,1.88
2012.06.29 12:00:17.251,0.79884,0.79897,1.50,1.88
2012.06.29 12:00:17.328,0.79881,0.79896,2.25,3.00
2012.06.29 12:00:17.861,0.79881,0.79899,3.00,3.38
2012.06.29 12:00:18.389,0.79881,0.79899,3.38,2.63
2012.06.29 12:00:21.530,0.79882,0.79899,2.25,1.88
2012.06.29 12:00:22.204,0.79882,0.79899,1.50,1.88
2012.06.29 12:00:22.932,0.79881,0.79897,1.88,1.50
2012.06.29 12:00:23.933,0.79881,0.79898,1.88,1.88
2012.06.29 12:00:26.894,0.79881,0.79898,1.88,1.88
2012.06.29 12:00:28.060,0.79879,0.79897,3.75,1.88
2012.06.29 12:00:28.619,0.7988,0.79898,3.38,1.88
2012.06.29 12:00:29.439,0.7988,0.79898,3.38,1.88
2012.06.29 12:00:29.953,0.7988,0.79896,3.00,1.50
2012.06.29 12:00:30.149,0.7988,0.79898,3.00,1.50
2012.06.29 12:00:30.492,0.79879,0.79896,3.00,1.50
2012.06.29 12:00:30.844,0.79876,0.79891,1.88,3.00
2012.06.29 12:00:31.062,0.79875,0.79891,2.25,3.00
2012.06.29 12:00:32.312,0.79875,0.7989,2.25,1.13
2012.06.29 12:00:32.803,0.79879,0.79893,1.50,2.25
2012.06.29 12:00:32.940,0.79877,0.79893,2.63,2.25
2012.06.29 12:00:33.015,0.79878,0.79895,1.50,1.50
2012.06.29 12:00:33.621,0.79877,0.79895,4.13,3.00
2012.06.29 12:00:34.551,0.79879,0.79895,1.50,3.00
2012.06.29 12:00:34.891,0.79877,0.79893,2.63,1.50
2012.06.29 12:00:34.959,0.79877,0.79895,2.63,3.00
2012.06.29 12:00:36.109,0.79879,0.79895,1.50,3.00
2012.06.29 12:00:36.659,0.79878,0.79894,1.50,1.50
2012.06.29 12:00:37.194,0.79879,0.79895,1.50,2.25
2012.06.29 12:00:40.500,0.7988,0.79895,1.50,1.50
2012.06.29 12:00:40.923,0.7988,0.79895,2.25,1.88
2012.06.29 12:00:41.202,0.79884,0.79898,1.50,1.35
2012.06.29 12:00:44.561,0.79883,0.79898,1.50,2.25
2012.06.29 12:00:45.099,0.79884,0.79898,1.50,2.25
2012.06.29 12:00:46.570,0.79883,0.79898,1.50,2.25
2012.06.29 12:00:47.132,0.79882,0.79896,1.13,2.25
2012.06.29 12:00:47.651,0.79883,0.79897,1.13,2.25
2012.06.29 12:00:47.980,0.79885,0.79897,1.50,2.25
2012.06.29 12:00:48.384,0.79883,0.79897,2.63,2.25
2012.06.29 12:00:49.604,0.79884,0.79897,2.25,2.25
2012.06.29 12:00:50.155,0.79886,0.79897,1.50,2.25
2012.06.29 12:00:50.354,0.79884,0.79897,1.50,2.25
2012.06.29 12:00:51.110,0.79881,0.79895,1.13,1.50
2012.06.29 12:00:51.189,0.79879,0.79895,1.50,1.50
2012.06.29 12:00:51.335,0.7988,0.79897,2.25,2.25
2012.06.29 12:00:51.412,0.79879,0.79897,2.25,3.75
2012.06.29 12:00:51.551,0.79879,0.79897,2.25,4.50
2012.06.29 12:00:51.904,0.79874,0.79888,2.63,2.25
2012.06.29 12:00:52.592,0.79876,0.79888,1.50,2.25
2012.06.29 12:00:56.533,0.79875,0.79888,2.25,2.25
2012.06.29 12:00:57.042,0.79876,0.79888,1.50,2.25
2012.06.29 12:00:57.862,0.79875,0.79888,2.25,2.25
2012.06.29 12:00:58.310,0.79877,0.79888,1.50,2.25
2012.06.29 12:00:58.665,0.79886,0.79896,1.50,1.13
2012.06.29 12:00:58.817,0.79886,0.79897,1.50,3.75
2012.06.29 12:00:59.032,0.79888,0.79899,2.25,1.50
2012.06.29 12:00:59.242,0.79888,0.79899,1.50,1.50
2012.06.29 12:00:59.312,0.79889,0.79902,1.50,1.13
2012.06.29 12:01:00.063,0.79889,0.79903,1.50,2.63
2012.06.29 12:01:00.227,0.79888,0.79897,1.50,2.25
2012.06.29 12:01:00.586,0.79888,0.79897,3.00,2.25
2012.06.29 12:01:00.662,0.79888,0.79903,2.25,2.25
2012.06.29 12:01:00.862,0.7989,0.79903,1.50,2.25
2012.06.29 12:01:01.182,0.79893,0.79907,1.50,3.75
2012.06.29 12:01:03.153,0.79892,0.79907,1.88,3.75
2012.06.29 12:01:04.830,0.79893,0.79907,1.50,3.75
2012.06.29 12:01:06.083,0.79891,0.79907,1.88,3.75
2012.06.29 12:01:06.482,0.79892,0.79907,2.63,3.75
2012.06.29 12:01:07.000,0.79894,0.79907,2.25,3.75
2012.06.29 12:01:07.923,0.79895,0.79907,1.50,3.75
2012.06.29 12:01:08.470,0.79893,0.79907,1.50,3.75
2012.06.29 12:01:08.893,0.79895,0.79907,1.50,3.75
2012.06.29 12:01:09.421,0.79894,0.79907,1.50,3.75
2012.06.29 12:01:09.769,0.79894,0.79907,1.50,3.38
2012.06.29 12:01:10.273,0.7989,0.79906,1.88,1.50
2012.06.29 12:01:11.195,0.7989,0.79906,1.50,1.13
2012.06.29 12:01:11.733,0.7989,0.79902,1.50,3.00
2012.06.29 12:01:11.817,0.79884,0.79898,3.00,2.25
2012.06.29 12:01:11.961,0.79884,0.79898,1.50,3.00
2012.06.29 12:01:12.313,0.79883,0.79898,3.38,2.25
2012.06.29 12:01:12.451,0.79886,0.79898,1.50,2.25
2012.06.29 12:01:13.061,0.79885,0.79898,1.50,2.25
2012.06.29 12:01:13.563,0.79885,0.79899,3.00,2.25
2012.06.29 12:01:13.841,0.79891,0.79906,1.88,3.98
2012.06.29 12:01:13.913,0.79893,0.79906,1.50,2.48
2012.06.29 12:01:14.255,0.79895,0.79908,1.50,1.50
2012.06.29 12:01:14.826,0.79894,0.79908,1.50,2.25
2012.06.29 12:01:15.202,0.79896,0.79908,1.50,1.50
2012.06.29 12:01:16.202,0.79895,0.79908,1.50,1.50
2012.06.29 12:01:16.801,0.79894,0.79908,2.25,2.25
2012.06.29 12:01:17.351,0.79894,0.79908,3.00,2.25
2012.06.29 12:01:17.809,0.79893,0.79908,1.50,2.25
2012.06.29 12:01:18.443,0.79893,0.79908,1.50,2.63
2012.06.29 12:01:18.850,0.79891,0.79908,2.63,1.88
2012.06.29 12:01:20.324,0.7989,0.79905,1.50,1.13
2012.06.29 12:01:20.611,0.79887,0.79902,1.13,1.50
2012.06.29 12:01:21.102,0.79887,0.79905,1.50,3.38
2012.06.29 12:01:21.904,0.79886,0.79904,2.25,1.88
2012.06.29 12:01:23.263,0.79889,0.79905,1.50,2.63
2012.06.29 12:01:23.640,0.79891,0.79905,1.50,1.13
2012.06.29 12:01:23.961,0.79889,0.79905,2.25,1.13
2012.06.29 12:01:24.838,0.7989,0.79905,1.50,1.13
2012.06.29 12:01:25.612,0.7989,0.79905,1.50,1.13
2012.06.29 12:01:27.129,0.7989,0.79905,2.25,1.13
2012.06.29 12:01:27.373,0.79893,0.79906,1.50,2.25
2012.06.29 12:01:27.723,0.79896,0.79906,1.50,1.50
2012.06.29 12:01:27.872,0.79894,0.79906,1.50,1.50
2012.06.29 12:01:27.946,0.79894,0.79906,1.50,2.25
2012.06.29 12:01:28.022,0.79892,0.79905,1.50,1.50
2012.06.29 12:01:28.548,0.79891,0.79905,1.50,1.50
2012.06.29 12:01:30.526,0.79893,0.79905,2.25,1.13
2012.06.29 12:01:30.885,0.799,0.79915,1.50,4.50
2012.06.29 12:01:30.971,0.79905,0.79912,1.50,1.50
2012.06.29 12:01:31.115,0.79907,0.79913,1.50,1.50
2012.06.29 12:01:31.199,0.79909,0.79917,3.00,3.00
2012.06.29 12:01:31.414,0.79912,0.79923,1.50,1.50
2012.06.29 12:01:31.494,0.79912,0.79924,1.50,1.13
2012.06.29 12:01:31.642,0.79912,0.79926,1.50,2.63
2012.06.29 12:01:31.711,0.79912,0.79926,1.50,2.63
2012.06.29 12:01:31.923,0.79909,0.79924,3.00,2.63
2012.06.29 12:01:32.679,0.79907,0.7992,1.50,2.25
2012.06.29 12:01:33.246,0.79906,0.7992,1.50,2.25
2012.06.29 12:01:33.573,0.79908,0.7992,1.50,2.25
2012.06.29 12:01:34.216,0.79909,0.7992,1.50,2.25
2012.06.29 12:01:34.744,0.79908,0.7992,1.50,2.25
2012.06.29 12:01:35.312,0.79907,0.7992,1.50,2.25
2012.06.29 12:01:35.887,0.79908,0.7992,1.50,2.25
2012.06.29 12:01:36.743,0.79907,0.7992,1.50,2.25
2012.06.29 12:01:37.901,0.79906,0.7992,1.50,2.25
2012.06.29 12:01:38.405,0.79904,0.7992,2.25,2.25
2012.06.29 12:01:38.963,0.79906,0.7992,1.50,2.25
2012.06.29 12:01:39.501,0.79905,0.7992,2.25,2.25
2012.06.29 12:01:40.063,0.79906,0.7992,1.50,2.25
2012.06.29 12:01:41.291,0.79905,0.7992,1.50,2.25
2012.06.29 12:01:41.641,0.79907,0.7992,1.50,2.25
2012.06.29 12:01:41.962,0.79908,0.7992,2.25,2.25
2012.06.29 12:01:42.103,0.7991,0.79924,3.75,3.00
2012.06.29 12:01:42.241,0.79913,0.79924,1.50,1.13
2012.06.29 12:01:42.583,0.79916,0.79925,1.50,1.13
2012.06.29 12:01:42.651,0.79916,0.79928,1.50,1.13
2012.06.29 12:01:42.935,0.79917,0.7993,2.25,1.13
2012.06.29 12:01:43.082,0.79919,0.79934,1.50,1.88
2012.06.29 12:01:43.295,0.79922,0.79937,1.50,1.88
2012.06.29 12:01:43.374,0.7992,0.79937,3.75,2.63
2012.06.29 12:01:43.721,0.79922,0.79938,1.50,2.25
2012.06.29 12:01:43.864,0.7992,0.79938,3.75,2.25
2012.06.29 12:01:43.932,0.7992,0.79937,3.75,1.13
2012.06.29 12:01:44.629,0.79921,0.79934,1.50,3.00
2012.06.29 12:01:45.054,0.7992,0.7993,1.50,2.25
2012.06.29 12:01:45.333,0.79916,0.7993,2.25,2.25
2012.06.29 12:01:46.219,0.79916,0.7993,1.50,3.00
2012.06.29 12:01:46.293,0.79913,0.7993,2.25,3.00
2012.06.29 12:01:46.364,0.79913,0.79929,2.25,1.50
2012.06.29 12:01:46.724,0.79912,0.79921,2.25,1.50
2012.06.29 12:01:46.805,0.7991,0.79921,1.50,1.50
2012.06.29 12:01:46.882,0.79906,0.79921,1.86,1.50
2012.06.29 12:01:47.092,0.79904,0.79919,1.88,2.25
2012.06.29 12:01:47.233,0.79904,0.79921,1.13,1.50
2012.06.29 12:01:47.634,0.79907,0.79923,1.50,1.50
2012.06.29 12:01:48.546,0.79906,0.79924,1.50,3.00
2012.06.29 12:01:49.263,0.79907,0.79924,2.25,1.13
2012.06.29 12:01:49.670,0.79909,0.79925,2.25,1.88
2012.06.29 12:01:50.050,0.79911,0.79927,1.50,3.00
2012.06.29 12:01:50.269,0.79909,0.79925,4.35,1.88
2012.06.29 12:01:50.833,0.79909,0.79925,4.50,3.00
2012.06.29 12:01:51.125,0.79905,0.79921,3.57,1.50
2012.06.29 12:01:51.203,0.79905,0.79923,3.57,1.50
2012.06.29 12:01:52.385,0.79907,0.79924,1.50,1.13
2012.06.29 12:01:52.912,0.79906,0.79924,1.69,2.63
2012.06.29 12:01:53.560,0.79907,0.79924,1.50,1.13
2012.06.29 12:01:53.633,0.79907,0.79924,2.25,1.13
2012.06.29 12:01:54.204,0.7991,0.79925,1.13,1.88
2012.06.29 12:01:54.761,0.79911,0.79927,1.50,3.00
2012.06.29 12:01:55.633,0.79915,0.7993,1.50,2.25
2012.06.29 12:01:55.702,0.79917,0.79932,1.50,3.75
2012.06.29 12:01:56.366,0.79916,0.79932,3.00,3.00
2012.06.29 12:01:56.736,0.79922,0.79933,1.50,1.50
2012.06.29 12:01:56.816,0.79922,0.79936,1.50,3.38
2012.06.29 12:01:57.033,0.79924,0.79936,1.50,1.50
2012.06.29 12:01:57.180,0.79924,0.79941,1.50,2.25
2012.06.29 12:01:57.705,0.79924,0.7994,1.50,1.50
2012.06.29 12:01:59.189,0.79922,0.7994,2.63,1.50
2012.06.29 12:02:00.325,0.79924,0.79942,2.25,4.35
2012.06.29 12:02:00.872,0.79924,0.7994,2.25,2.25
2012.06.29 12:02:01.291,0.79922,0.79938,2.63,1.50
2012.06.29 12:02:01.801,0.79922,0.79939,1.13,2.63
2012.06.29 12:02:02.402,0.79922,0.79939,2.63,1.13
2012.06.29 12:02:02.920,0.79924,0.79939,2.25,1.13
2012.06.29 12:02:03.464,0.79922,0.79939,1.13,2.63
2012.06.29 12:02:04.041,0.7992,0.79932,2.25,1.50
2012.06.29 12:02:04.193,0.79916,0.7993,2.61,1.50
2012.06.29 12:02:04.335,0.79916,0.7993,1.50,2.25
2012.06.29 12:02:05.033,0.79917,0.7993,2.25,1.13
2012.06.29 12:02:05.112,0.79917,0.79931,2.25,1.13
2012.06.29 12:02:05.395,0.79922,0.79936,1.50,1.13
2012.06.29 12:02:05.964,0.79921,0.79937,2.25,2.25
2012.06.29 12:02:06.031,0.79921,0.79937,2.25,2.25
2012.06.29 12:02:06.102,0.79921,0.79937,2.25,1.50
2012.06.29 12:02:06.231,0.79922,0.79938,2.25,1.50
2012.06.29 12:02:06.503,0.79924,0.79942,2.25,3.00
2012.06.29 12:02:07.091,0.79923,0.79941,2.25,1.50
2012.06.29 12:02:08.301,0.79922,0.7994,2.25,1.50
2012.06.29 12:02:09.319,0.79923,0.79941,2.25,1.50
2012.06.29 12:02:10.160,0.79923,0.79939,2.25,1.50
2012.06.29 12:02:10.680,0.79922,0.7994,2.25,3.00
2012.06.29 12:02:13.326,0.79925,0.79941,1.50,3.00
2012.06.29 12:02:13.840,0.79924,0.7994,2.25,1.50
2012.06.29 12:02:14.938,0.79922,0.79938,2.25,1.50
2012.06.29 12:02:15.472,0.79921,0.79937,2.25,1.50
2012.06.29 12:02:15.869,0.79923,0.79939,2.25,1.50
2012.06.29 12:02:16.790,0.79922,0.7994,2.25,1.50
2012.06.29 12:02:17.302,0.79921,0.79939,2.25,1.50
2012.06.29 12:02:18.411,0.79922,0.7994,2.25,1.50
2012.06.29 12:02:18.540,0.79924,0.79942,2.25,2.63
2012.06.29 12:02:19.360,0.79924,0.79939,2.25,1.50
2012.06.29 12:02:19.971,0.79923,0.79941,2.25,1.50
2012.06.29 12:02:20.142,0.79921,0.79939,2.25,1.50
2012.06.29 12:02:20.773,0.79924,0.79942,2.25,2.63
2012.06.29 12:02:21.679,0.79923,0.79941,2.25,1.50
2012.06.29 12:02:22.081,0.79923,0.79941,2.25,1.50
2012.06.29 12:02:22.225,0.79924,0.79942,2.25,2.63
2012.06.29 12:02:22.360,0.79924,0.79942,2.25,2.63
2012.06.29 12:02:22.690,0.79926,0.79943,2.25,1.13
2012.06.29 12:02:23.532,0.79925,0.79942,1.50,1.50
2012.06.29 12:02:23.791,0.79925,0.79942,1.50,1.50
2012.06.29 12:02:24.072,0.79925,0.79942,3.75,1.50
2012.06.29 12:02:24.425,0.79928,0.79944,2.25,2.25
2012.06.29 12:02:24.503,0.7993,0.79943,1.50,1.13
2012.06.29 12:02:25.052,0.79929,0.79943,1.50,1.13
2012.06.29 12:02:25.194,0.79927,0.79943,2.25,2.63
2012.06.29 12:02:25.265,0.7993,0.79944,1.50,4.88
2012.06.29 12:02:25.783,0.79933,0.79949,1.48,2.25
2012.06.29 12:02:25.866,0.79935,0.79951,2.25,3.00
2012.06.29 12:02:26.360,0.79932,0.7995,3.00,2.63
2012.06.29 12:02:26.873,0.79934,0.7995,1.50,2.63
2012.06.29 12:02:27.812,0.79934,0.7995,2.25,3.38
2012.06.29 12:02:28.721,0.79934,0.79949,1.50,1.50
2012.06.29 12:02:28.853,0.79932,0.79949,1.88,1.50
2012.06.29 12:02:29.676,0.79931,0.79949,1.50,3.00
2012.06.29 12:02:29.879,0.79933,0.79949,1.50,3.00
2012.06.29 12:02:30.482,0.79934,0.79949,2.25,1.13
2012.06.29 12:02:30.834,0.7994,0.79954,1.50,1.50
2012.06.29 12:02:30.913,0.79942,0.79954,1.50,1.50
2012.06.29 12:02:31.476,0.79941,0.79953,1.35,1.50
2012.06.29 12:02:31.901,0.79938,0.79953,1.50,1.50
2012.06.29 12:02:32.403,0.79938,0.79953,2.25,1.88
2012.06.29 12:02:33.026,0.79938,0.79953,1.50,1.88
2012.06.29 12:02:33.294,0.79939,0.79953,1.11,1.88
2012.06.29 12:02:33.723,0.79942,0.79953,1.50,1.50
2012.06.29 12:02:34.216,0.79939,0.79953,2.25,2.25
2012.06.29 12:02:34.294,0.79939,0.79953,2.25,1.50
2012.06.29 12:02:35.142,0.79942,0.79955,1.13,2.25
2012.06.29 12:02:35.494,0.79956,0.79965,2.25,1.13
2012.06.29 12:02:35.574,0.79959,0.79969,1.50,1.15
2012.06.29 12:02:36.114,0.79961,0.79974,2.25,2.25
2012.06.29 12:02:36.197,0.79961,0.79976,2.25,2.25
2012.06.29 12:02:39.657,0.79961,0.79974,2.25,1.50
2012.06.29 12:02:40.162,0.79961,0.79974,1.50,1.50
2012.06.29 12:02:40.317,0.79961,0.79976,1.50,2.25
2012.06.29 12:02:40.392,0.79959,0.79976,2.25,2.25
2012.06.29 12:02:40.730,0.7996,0.79973,1.50,2.48
2012.06.29 12:02:40.876,0.79952,0.79965,2.63,1.50
2012.06.29 12:02:41.261,0.79951,0.79966,4.50,1.35
2012.06.29 12:02:41.674,0.7995,0.79966,3.00,3.23
2012.06.29 12:02:41.826,0.7995,0.79963,1.50,2.25
2012.06.29 12:02:42.371,0.79946,0.79963,3.75,3.00
2012.06.29 12:02:43.525,0.7995,0.79963,1.50,3.00
2012.06.29 12:02:43.814,0.79951,0.79966,1.50,1.13
2012.06.29 12:02:44.334,0.79949,0.79965,3.75,1.50
2012.06.29 12:02:44.552,0.79949,0.79963,1.50,2.25
2012.06.29 12:02:44.762,0.79947,0.79963,3.00,2.25
2012.06.29 12:02:45.151,0.79949,0.79963,1.50,2.25
2012.06.29 12:02:45.350,0.79947,0.79963,1.50,2.25
2012.06.29 12:02:45.953,0.79948,0.79963,1.50,2.25
2012.06.29 12:02:46.630,0.79948,0.79963,2.25,2.25
2012.06.29 12:02:47.332,0.79948,0.79963,1.50,2.25
2012.06.29 12:02:48.538,0.79946,0.79962,3.75,1.50
2012.06.29 12:02:49.533,0.79945,0.7996,1.50,1.50
2012.06.29 12:02:49.673,0.79945,0.79962,1.50,1.50
2012.06.29 12:02:50.584,0.79947,0.79963,2.25,3.75
2012.06.29 12:02:50.872,0.79949,0.79963,1.50,2.25
2012.06.29 12:02:51.224,0.79949,0.79967,2.25,4.50
2012.06.29 12:02:52.112,0.7995,0.79966,1.50,2.25
2012.06.29 12:02:52.619,0.79949,0.79966,2.25,1.13
2012.06.29 12:02:52.904,0.79947,0.79963,2.25,1.50
2012.06.29 12:02:53.830,0.79946,0.79964,2.25,3.75
2012.06.29 12:02:54.393,0.79945,0.79963,3.00,1.50
2012.06.29 12:02:54.523,0.79945,0.79963,3.00,1.50
2012.06.29 12:02:54.594,0.7995,0.79963,1.13,1.50
2012.06.29 12:02:55.055,0.79953,0.79963,1.13,1.50
2012.06.29 12:02:55.140,0.79955,0.7997,1.50,1.50
2012.06.29 12:02:55.216,0.79956,0.79972,2.85,1.50
2012.06.29 12:02:55.295,0.79962,0.79972,1.13,1.50
2012.06.29 12:02:55.585,0.79962,0.79974,2.63,1.50
2012.06.29 12:02:55.665,0.79962,0.79972,1.13,1.50
2012.06.29 12:02:55.971,0.79956,0.79972,2.25,1.50
2012.06.29 12:02:56.111,0.79954,0.7997,2.63,1.50
2012.06.29 12:02:56.591,0.79955,0.79972,1.50,1.50
2012.06.29 12:02:57.252,0.79954,0.79972,2.63,2.25
2012.06.29 12:02:59.444,0.79954,0.79972,2.63,2.25
2012.06.29 12:02:59.990,0.79957,0.79973,1.50,2.25
2012.06.29 12:03:00.252,0.79955,0.79973,1.50,2.25
2012.06.29 12:03:00.455,0.79954,0.7997,2.63,1.50
2012.06.29 12:03:01.022,0.79956,0.79972,1.50,2.25
2012.06.29 12:03:01.633,0.79955,0.79971,2.25,1.50
2012.06.29 12:03:02.552,0.79956,0.79972,2.25,2.25
2012.06.29 12:03:03.221,0.79955,0.79973,2.25,2.25
2012.06.29 12:03:03.740,0.79955,0.79973,1.50,2.25
2012.06.29 12:03:04.261,0.79955,0.79973,2.25,2.25
2012.06.29 12:03:04.775,0.79957,0.79973,1.50,2.25
2012.06.29 12:03:05.132,0.79952,0.79967,3.00,1.50
2012.06.29 12:03:06.142,0.7995,0.79967,4.50,1.50
2012.06.29 12:03:06.352,0.79947,0.79965,4.11,2.25
2012.06.29 12:03:07.591,0.79948,0.79964,2.25,1.50
2012.06.29 12:03:10.001,0.79948,0.79964,2.25,1.50
2012.06.29 12:03:11.262,0.79948,0.79964,3.00,1.50
2012.06.29 12:03:11.333,0.79951,0.79967,1.13,3.75
2012.06.29 12:03:11.942,0.7995,0.79965,1.13,1.50
2012.06.29 12:03:12.022,0.79945,0.79961,1.50,1.50
2012.06.29 12:03:12.512,0.79945,0.79959,1.50,2.10
2012.06.29 12:03:12.582,0.79942,0.79958,3.17,2.25
2012.06.29 12:03:12.720,0.7994,0.79958,2.98,4.50
2012.06.29 12:03:12.791,0.7994,0.79955,1.11,1.50
2012.06.29 12:03:12.861,0.79938,0.79954,2.25,1.50
2012.06.29 12:03:13.401,0.79937,0.79953,1.13,1.50
2012.06.29 12:03:13.541,0.7994,0.79953,1.11,1.50
2012.06.29 12:03:13.686,0.79941,0.79955,1.69,1.50
2012.06.29 12:03:13.762,0.79945,0.79955,1.50,1.50
2012.06.29 12:03:14.092,0.79942,0.79955,1.50,1.50
2012.06.29 12:03:14.235,0.79942,0.79957,1.50,1.50
2012.06.29 12:03:14.312,0.79942,0.7996,2.25,1.50
2012.06.29 12:03:14.440,0.79942,0.7996,2.25,2.25
2012.06.29 12:03:14.653,0.79941,0.79957,3.75,1.50
2012.06.29 12:03:14.794,0.79942,0.79959,1.13,1.50
2012.06.29 12:03:14.877,0.79943,0.79959,1.13,1.50
2012.06.29 12:03:15.085,0.79942,0.79959,1.88,1.50
2012.06.29 12:03:15.716,0.79943,0.79958,1.13,1.50
2012.06.29 12:03:16.545,0.79942,0.79957,1.88,1.50
2012.06.29 12:03:16.831,0.7994,0.79954,1.50,1.50
2012.06.29 12:03:16.901,0.79938,0.79954,3.38,1.50
2012.06.29 12:03:17.460,0.79938,0.79953,1.13,1.50
2012.06.29 12:03:19.052,0.79939,0.79955,2.25,1.50
2012.06.29 12:03:19.702,0.79939,0.79947,2.25,1.50
2012.06.29 12:03:19.774,0.79933,0.79947,1.11,3.00
2012.06.29 12:03:20.299,0.79934,0.79949,2.25,3.00
2012.06.29 12:03:20.373,0.79934,0.79952,2.25,2.25
2012.06.29 12:03:20.441,0.79934,0.79952,2.25,1.50
2012.06.29 12:03:20.642,0.79938,0.79954,2.25,6.00
2012.06.29 12:03:21.163,0.79937,0.79953,2.25,1.50
2012.06.29 12:03:21.375,0.79942,0.79958,2.25,2.25
2012.06.29 12:03:21.721,0.79946,0.79961,2.25,2.25
2012.06.29 12:03:21.993,0.79945,0.79963,2.63,2.63
2012.06.29 12:03:22.137,0.79948,0.79965,2.25,1.88
2012.06.29 12:03:22.701,0.79948,0.79964,2.25,1.50
2012.06.29 12:03:27.492,0.79946,0.79962,2.63,1.50
2012.06.29 12:03:27.632,0.79946,0.79964,2.63,1.50
2012.06.29 12:03:28.176,0.79946,0.79964,2.63,1.50
2012.06.29 12:03:28.261,0.79945,0.79962,1.13,1.50
2012.06.29 12:03:28.744,0.79945,0.7996,1.13,1.50
2012.06.29 12:03:29.175,0.79943,0.79957,1.13,1.50
2012.06.29 12:03:29.463,0.79943,0.79959,1.88,1.50
2012.06.29 12:03:29.674,0.7995,0.79959,1.50,1.50
2012.06.29 12:03:30.022,0.79951,0.79959,2.23,1.50
2012.06.29 12:03:30.096,0.79952,0.79969,1.13,1.88
2012.06.29 12:03:30.174,0.79954,0.79969,2.25,1.50
2012.06.29 12:03:30.252,0.79955,0.79973,2.25,1.50
2012.06.29 12:03:31.102,0.79955,0.79971,2.25,1.50
2012.06.29 12:03:31.177,0.79957,0.79973,2.25,2.25
2012.06.29 12:03:31.881,0.79957,0.79973,2.25,1.50
2012.06.29 12:03:32.434,0.79958,0.79974,2.25,2.25
2012.06.29 12:03:33.061,0.7996,0.79975,1.50,1.50
2012.06.29 12:03:33.884,0.79959,0.79975,2.25,1.50
2012.06.29 12:03:35.141,0.79961,0.79975,2.10,1.50
2012.06.29 12:03:36.083,0.79965,0.79976,2.25,1.50
2012.06.29 12:03:36.168,0.79968,0.79983,2.25,1.13
2012.06.29 12:03:41.581,0.79965,0.79981,2.25,1.50
2012.06.29 12:03:44.321,0.79963,0.79981,2.25,1.50
2012.06.29 12:03:44.451,0.79963,0.79979,2.25,1.50
2012.06.29 12:03:44.761,0.79962,0.79976,1.88,1.50
2012.06.29 12:03:45.484,0.79962,0.79978,3.38,1.50
2012.06.29 12:03:45.564,0.79962,0.79977,1.88,1.50
2012.06.29 12:03:45.760,0.79962,0.79978,3.38,1.50
2012.06.29 12:03:46.082,0.79963,0.79981,2.25,1.50
2012.06.29 12:03:46.219,0.79963,0.79981,2.25,1.50
2012.06.29 12:03:46.729,0.79966,0.79982,2.25,2.25
2012.06.29 12:03:47.012,0.79966,0.79982,2.25,2.25
2012.06.29 12:03:47.282,0.79962,0.7998,3.38,1.50
2012.06.29 12:03:47.601,0.79962,0.79978,3.38,1.50
2012.06.29 12:03:49.780,0.79965,0.79981,2.25,1.50
2012.06.29 12:03:50.284,0.79962,0.7998,3.38,1.50
2012.06.29 12:03:50.563,0.79962,0.7998,3.38,1.50
2012.06.29 12:03:51.201,0.79962,0.79978,1.88,1.50
2012.06.29 12:03:51.543,0.79963,0.79981,2.25,3.00
2012.06.29 12:03:51.742,0.79967,0.79982,1.50,1.50
2012.06.29 12:03:52.267,0.79967,0.79983,2.25,2.63
2012.06.29 12:03:54.455,0.79965,0.79981,2.25,1.50
2012.06.29 12:03:55.028,0.79965,0.79983,2.25,2.63
2012.06.29 12:03:55.571,0.79965,0.79981,2.25,1.50
2012.06.29 12:03:56.311,0.79964,0.79982,2.25,2.25
2012.06.29 12:03:57.649,0.79964,0.79982,1.50,2.25
2012.06.29 12:03:58.123,0.79964,0.79979,1.50,1.50
2012.06.29 12:03:58.664,0.79962,0.79978,3.00,1.50
2012.06.29 12:03:59.262,0.79962,0.79978,2.25,1.50
2012.06.29 12:04:00.024,0.7996,0.79978,2.63,1.50
2012.06.29 12:04:00.382,0.79958,0.79972,1.88,1.50
2012.06.29 12:04:00.889,0.79956,0.79972,2.44,1.50
2012.06.29 12:04:01.414,0.79957,0.79973,1.50,1.50
2012.06.29 12:04:01.726,0.79957,0.79973,2.25,1.50
2012.06.29 12:04:02.495,0.79956,0.79973,1.50,2.25
2012.06.29 12:04:03.125,0.79956,0.79972,2.25,1.50
2012.06.29 12:04:03.483,0.79959,0.79975,3.75,1.50
2012.06.29 12:04:04.337,0.79958,0.79976,2.25,1.50
2012.06.29 12:04:04.642,0.79956,0.79972,2.25,1.50
2012.06.29 12:04:05.162,0.79956,0.79972,2.25,1.50
2012.06.29 12:04:05.779,0.79955,0.79973,2.44,1.50
2012.06.29 12:04:06.505,0.79956,0.79974,2.25,1.50
2012.06.29 12:04:07.815,0.79955,0.79973,2.44,1.50
2012.06.29 12:04:08.517,0.79956,0.79974,2.25,1.50
2012.06.29 12:04:09.050,0.79955,0.79973,2.44,1.50
2012.06.29 12:04:09.600,0.79956,0.79974,2.25,3.00
2012.06.29 12:04:10.164,0.79957,0.79973,2.25,1.50
2012.06.29 12:04:12.771,0.79956,0.79972,2.25,1.50
2012.06.29 12:04:12.912,0.79954,0.79972,3.21,1.50
2012.06.29 12:04:13.445,0.79953,0.7997,1.58,1.50
2012.06.29 12:04:13.804,0.79953,0.79967,1.21,1.50
2012.06.29 12:04:14.632,0.79952,0.79968,3.20,1.50
2012.06.29 12:04:16.984,0.79952,0.79967,1.70,1.50
2012.06.29 12:04:17.676,0.7995,0.79963,1.30,1.50
2012.06.29 12:04:17.758,0.79947,0.79961,2.63,3.00
2012.06.29 12:04:18.043,0.79947,0.79959,2.63,1.50
2012.06.29 12:04:18.231,0.79947,0.79961,2.63,1.50
2012.06.29 12:04:18.693,0.79948,0.79963,2.25,1.50
2012.06.29 12:04:19.303,0.79948,0.79965,1.50,1.50
2012.06.29 12:04:19.561,0.79949,0.79967,1.50,1.88
2012.06.29 12:04:19.691,0.79949,0.79965,1.50,1.50
2012.06.29 12:04:20.433,0.79948,0.79965,1.50,1.50
2012.06.29 12:04:21.218,0.79948,0.79964,1.50,1.50
2012.06.29 12:04:21.751,0.79948,0.79965,1.50,1.50
2012.06.29 12:04:22.297,0.79949,0.79965,1.50,1.50
2012.06.29 12:04:22.822,0.79948,0.79965,1.50,1.50
2012.06.29 12:04:23.223,0.79948,0.79962,1.50,1.50
2012.06.29 12:04:23.562,0.79945,0.7996,1.13,1.50
2012.06.29 12:04:24.051,0.79946,0.79964,1.88,1.50
2012.06.29 12:04:24.314,0.79948,0.79964,1.50,1.50
2012.06.29 12:04:24.674,0.79952,0.79968,1.88,2.25
2012.06.29 12:04:25.560,0.7995,0.79967,1.13,1.50
2012.06.29 12:04:26.084,0.7995,0.79966,2.63,1.50
2012.06.29 12:04:26.734,0.79952,0.79968,1.88,1.50
2012.06.29 12:04:27.440,0.79951,0.79967,1.88,1.50
2012.06.29 12:04:27.864,0.7995,0.79966,1.13,1.50
2012.06.29 12:04:28.011,0.7995,0.79964,1.13,1.50
2012.06.29 12:04:28.151,0.79948,0.79964,2.63,1.50
2012.06.29 12:04:28.989,0.79947,0.79962,1.13,1.50
2012.06.29 12:04:29.068,0.79948,0.79966,1.50,1.50
2012.06.29 12:04:29.413,0.79948,0.79964,1.50,1.50
2012.06.29 12:04:29.824,0.79948,0.79961,1.50,1.50
2012.06.29 12:04:29.902,0.79944,0.79959,1.13,2.25
2012.06.29 12:04:30.440,0.79943,0.79959,3.75,2.25
2012.06.29 12:04:31.072,0.79943,0.79961,3.75,2.25
2012.06.29 12:04:31.450,0.79943,0.79961,3.38,2.25
2012.06.29 12:04:31.790,0.79943,0.7996,1.88,1.50
2012.06.29 12:04:32.771,0.79944,0.79961,1.88,2.25
2012.06.29 12:04:33.282,0.79944,0.7996,1.88,2.25
2012.06.29 12:04:34.359,0.79945,0.79961,1.88,1.50
2012.06.29 12:04:34.612,0.79943,0.79959,3.98,1.50
2012.06.29 12:04:34.739,0.79943,0.79961,3.98,3.00
2012.06.29 12:04:35.251,0.79944,0.79962,1.88,2.25
2012.06.29 12:04:35.451,0.79944,0.7996,1.50,1.50
2012.06.29 12:04:35.970,0.79945,0.79961,1.50,1.50
2012.06.29 12:04:36.531,0.79943,0.7996,3.38,2.25
2012.06.29 12:04:36.991,0.79944,0.79962,1.88,2.25
2012.06.29 12:04:37.059,0.79944,0.79962,1.88,2.25
2012.06.29 12:04:37.513,0.79945,0.79963,1.50,2.25
2012.06.29 12:04:37.581,0.79943,0.7996,1.88,2.25
2012.06.29 12:04:38.679,0.79943,0.79961,3.38,2.25
2012.06.29 12:04:39.191,0.79945,0.79961,1.50,2.25
2012.06.29 12:04:41.060,0.79943,0.79961,3.38,2.25
2012.06.29 12:04:41.729,0.79945,0.79961,1.50,2.25
2012.06.29 12:04:42.610,0.79943,0.79959,3.00,2.25
2012.06.29 12:04:43.012,0.79945,0.79961,1.50,2.25
2012.06.29 12:04:43.490,0.79945,0.79961,2.48,1.50
2012.06.29 12:04:43.560,0.79949,0.79965,1.50,2.25
2012.06.29 12:04:43.870,0.79946,0.79962,1.88,1.50
2012.06.29 12:04:44.371,0.79947,0.79963,1.88,1.50
2012.06.29 12:04:45.999,0.79946,0.79964,1.88,1.50
2012.06.29 12:04:46.514,0.79946,0.79964,1.88,2.25
2012.06.29 12:04:51.190,0.79944,0.7996,4.88,1.50
2012.06.29 12:04:51.702,0.79944,0.79959,1.88,1.50
2012.06.29 12:04:52.362,0.79944,0.7996,3.38,1.50
2012.06.29 12:04:52.875,0.79944,0.79961,1.50,2.25
2012.06.29 12:04:53.025,0.79943,0.79956,1.50,1.50
2012.06.29 12:04:53.571,0.79943,0.79958,1.50,1.50
2012.06.29 12:04:53.782,0.79945,0.79958,1.50,1.50
2012.06.29 12:04:53.853,0.79947,0.79963,1.50,3.00
2012.06.29 12:04:54.510,0.79945,0.79961,1.50,1.50
2012.06.29 12:04:56.514,0.79947,0.79963,1.88,1.50
2012.06.29 12:04:56.822,0.7995,0.79966,1.50,3.00
2012.06.29 12:04:56.890,0.7995,0.79966,1.50,2.25
2012.06.29 12:04:57.092,0.79948,0.79964,1.88,1.50
2012.06.29 12:04:58.433,0.79949,0.79967,1.50,3.75
2012.06.29 12:04:59.373,0.79947,0.79965,1.88,2.25
2012.06.29 12:04:59.891,0.79949,0.79967,1.50,3.75
2012.06.29 12:04:59.964,0.79949,0.79967,1.50,3.75
2012.06.29 12:05:00.033,0.7995,0.79966,1.88,1.50
2012.06.29 12:05:00.556,0.79951,0.79967,1.88,3.00
2012.06.29 12:05:00.704,0.79948,0.79966,2.63,1.50
2012.06.29 12:05:00.914,0.79948,0.79964,2.63,1.50
2012.06.29 12:05:00.992,0.7995,0.79966,1.50,1.50
2012.06.29 12:05:01.063,0.7995,0.79968,1.50,2.25
2012.06.29 12:05:01.884,0.79949,0.79967,1.88,1.50
2012.06.29 12:05:02.787,0.79951,0.79967,1.50,1.50
2012.06.29 12:05:03.713,0.79952,0.79968,1.50,2.25
2012.06.29 12:05:04.251,0.7995,0.79968,1.88,2.25
2012.06.29 12:05:04.753,0.7995,0.79968,1.88,2.25
2012.06.29 12:05:05.092,0.79952,0.79968,1.50,2.25
2012.06.29 12:05:05.654,0.79951,0.79967,2.25,1.50
2012.06.29 12:05:05.943,0.79955,0.79973,1.50,4.88
2012.06.29 12:05:06.011,0.79957,0.79973,1.50,4.88
2012.06.29 12:05:06.556,0.79955,0.79971,1.50,1.50
2012.06.29 12:05:06.891,0.79957,0.79973,1.50,3.38
2012.06.29 12:05:06.961,0.79955,0.79973,1.50,3.38
2012.06.29 12:05:07.033,0.79957,0.79973,1.50,3.38
2012.06.29 12:05:07.164,0.79955,0.79973,1.50,3.38
2012.06.29 12:05:07.304,0.79956,0.79974,1.88,2.25
2012.06.29 12:05:07.820,0.79958,0.79976,1.50,2.25
2012.06.29 12:05:08.383,0.7996,0.79977,1.50,4.73
2012.06.29 12:05:08.952,0.79959,0.79977,1.50,6.23
2012.06.29 12:05:09.476,0.79958,0.79974,1.50,2.25
2012.06.29 12:05:10.119,0.79959,0.79974,1.50,1.50
2012.06.29 12:05:10.523,0.79958,0.79973,1.50,2.63
2012.06.29 12:05:11.090,0.79958,0.79972,1.50,1.50
2012.06.29 12:05:11.179,0.79956,0.79972,1.50,3.00
2012.06.29 12:05:11.691,0.79954,0.79972,3.00,3.00
2012.06.29 12:05:12.393,0.79955,0.79971,1.50,2.25
2012.06.29 12:05:13.881,0.79955,0.79971,1.50,1.50
2012.06.29 12:05:14.373,0.79955,0.79973,2.63,1.50
2012.06.29 12:05:14.446,0.79959,0.79975,1.50,2.25
2012.06.29 12:05:14.595,0.79961,0.79977,1.50,4.88
2012.06.29 12:05:15.177,0.79959,0.79977,1.50,4.73
2012.06.29 12:05:15.255,0.79959,0.79975,1.50,1.50
2012.06.29 12:05:17.920,0.79957,0.79975,1.50,1.50
2012.06.29 12:05:18.682,0.79957,0.79975,1.50,3.00
2012.06.29 12:05:19.105,0.79956,0.79973,1.50,1.50
2012.06.29 12:05:19.453,0.79956,0.79973,1.50,3.00
2012.06.29 12:05:20.012,0.79955,0.7997,1.50,2.25
2012.06.29 12:05:20.571,0.79954,0.79972,1.50,2.25
2012.06.29 12:05:22.790,0.79954,0.79972,1.50,1.50
2012.06.29 12:05:22.931,0.79956,0.79973,1.50,3.38
2012.06.29 12:05:23.260,0.79959,0.79973,1.50,2.25
2012.06.29 12:05:23.791,0.79958,0.79976,1.50,5.25
2012.06.29 12:05:24.748,0.79958,0.79974,1.50,2.63
2012.06.29 12:05:24.830,0.79955,0.79971,1.50,3.00
2012.06.29 12:05:25.091,0.79952,0.7997,2.25,1.50
2012.06.29 12:05:25.594,0.79953,0.79971,1.50,2.25
2012.06.29 12:05:27.172,0.79953,0.79971,3.00,1.50
2012.06.29 12:05:27.312,0.79959,0.79974,1.50,3.75
2012.06.29 12:05:28.080,0.79958,0.79973,1.50,1.50
2012.06.29 12:05:30.380,0.79957,0.79973,3.00,1.50
2012.06.29 12:05:31.350,0.79955,0.79973,1.88,3.38
2012.06.29 12:05:31.861,0.79956,0.79972,1.50,1.50
2012.06.29 12:05:32.434,0.79957,0.79973,1.50,3.38
2012.06.29 12:05:34.822,0.79958,0.79975,1.50,1.50
2012.06.29 12:05:35.333,0.79957,0.79973,1.88,1.13
2012.06.29 12:05:35.471,0.79957,0.79973,1.88,1.88
2012.06.29 12:05:35.611,0.79954,0.79972,1.50,3.00
2012.06.29 12:05:36.140,0.79953,0.7997,1.13,2.25
2012.06.29 12:05:37.015,0.79954,0.79971,1.50,2.25
2012.06.29 12:05:37.609,0.79955,0.79973,1.50,2.63
2012.06.29 12:05:39.352,0.79955,0.79971,1.50,2.25
2012.06.29 12:05:39.632,0.79953,0.79969,2.25,1.50
2012.06.29 12:05:39.974,0.79951,0.79967,1.50,2.25
2012.06.29 12:05:41.183,0.79951,0.79968,1.50,1.50
2012.06.29 12:05:41.261,0.79954,0.79969,1.50,1.50
2012.06.29 12:05:41.783,0.79953,0.79969,1.50,1.50
2012.06.29 12:05:41.853,0.79953,0.79971,1.50,3.00
2012.06.29 12:05:41.920,0.79953,0.79969,1.50,1.50
2012.06.29 12:05:42.452,0.79952,0.7997,1.88,1.50
2012.06.29 12:05:42.962,0.79956,0.79972,1.50,2.25
2012.06.29 12:05:43.530,0.79955,0.79971,1.50,2.25
2012.06.29 12:05:44.752,0.79955,0.79973,1.50,3.75
2012.06.29 12:05:45.012,0.79956,0.79973,1.88,1.88
2012.06.29 12:05:45.744,0.79956,0.79972,1.50,1.50
2012.06.29 12:05:46.310,0.79955,0.79973,1.50,2.25
2012.06.29 12:05:46.670,0.79955,0.79973,1.50,2.25
2012.06.29 12:05:47.066,0.79957,0.79972,1.50,2.25
2012.06.29 12:05:47.141,0.79954,0.79972,1.88,3.75
2012.06.29 12:05:47.271,0.79956,0.79972,1.50,3.75
2012.06.29 12:05:47.991,0.79954,0.79972,1.50,3.75
2012.06.29 12:05:53.311,0.79956,0.79972,1.50,3.75
2012.06.29 12:05:53.908,0.79955,0.79971,1.50,2.25
2012.06.29 12:06:00.642,0.79954,0.79972,1.50,3.75
2012.06.29 12:06:01.201,0.79956,0.79972,1.50,3.75
2012.06.29 12:06:01.901,0.79956,0.79969,1.50,1.50
2012.06.29 12:06:02.181,0.79948,0.79966,1.50,3.60
2012.06.29 12:06:02.351,0.79951,0.79966,1.50,2.10
2012.06.29 12:06:02.857,0.79951,0.79965,1.50,1.50
2012.06.29 12:06:02.932,0.79949,0.79965,1.50,3.00
2012.06.29 12:06:04.311,0.79948,0.79964,1.50,2.25
2012.06.29 12:06:04.861,0.79949,0.79965,1.50,3.00
2012.06.29 12:06:04.932,0.79947,0.79965,1.50,3.00
2012.06.29 12:06:05.453,0.79948,0.79966,1.50,3.98
2012.06.29 12:06:05.592,0.7995,0.79966,1.50,3.60
2012.06.29 12:06:05.935,0.79951,0.79967,1.88,2.65
2012.06.29 12:06:06.494,0.79954,0.79969,1.50,1.50
2012.06.29 12:06:06.573,0.79954,0.7997,1.50,3.00
2012.06.29 12:06:08.861,0.79955,0.79972,1.50,3.00
2012.06.29 12:06:09.410,0.79954,0.79972,1.50,3.00
2012.06.29 12:06:10.010,0.79955,0.79972,1.50,1.50
2012.06.29 12:06:10.520,0.79954,0.79972,1.50,3.00
2012.06.29 12:06:10.651,0.79956,0.79972,1.50,3.00
2012.06.29 12:06:10.723,0.79958,0.79972,1.50,1.50
2012.06.29 12:06:11.053,0.79962,0.79975,1.50,1.50
2012.06.29 12:06:11.196,0.79962,0.79978,1.50,4.88
2012.06.29 12:06:11.553,0.79961,0.79979,1.88,2.25
2012.06.29 12:06:12.060,0.7996,0.79978,4.13,1.50
2012.06.29 12:06:12.713,0.7996,0.79978,4.50,1.50
2012.06.29 12:06:13.193,0.79962,0.79976,1.50,1.50
2012.06.29 12:06:13.710,0.79958,0.79974,2.63,1.50
2012.06.29 12:06:16.590,0.79958,0.79975,2.63,1.50
2012.06.29 12:06:17.760,0.79958,0.79975,2.63,2.25
2012.06.29 12:06:18.679,0.79958,0.79974,2.63,1.50
2012.06.29 12:06:19.711,0.7996,0.79975,1.88,1.50
2012.06.29 12:06:25.890,0.7996,0.79975,1.50,1.50
2012.06.29 12:06:26.020,0.79957,0.79975,1.88,3.00
2012.06.29 12:06:26.089,0.79957,0.79975,1.88,3.75
2012.06.29 12:06:27.011,0.79958,0.79974,1.88,2.25
2012.06.29 12:06:28.569,0.7996,0.79969,2.25,2.25
2012.06.29 12:06:28.642,0.79955,0.79969,2.25,1.50
2012.06.29 12:06:28.713,0.79953,0.79969,2.25,1.50
2012.06.29 12:06:28.854,0.79951,0.79967,2.25,1.50
2012.06.29 12:06:29.011,0.79952,0.7997,2.25,2.25
2012.06.29 12:06:31.641,0.79952,0.79968,2.25,1.50
2012.06.29 12:06:33.282,0.79952,0.79968,2.25,2.25
2012.06.29 12:06:34.028,0.7995,0.79965,3.00,1.50
2012.06.29 12:06:34.353,0.7995,0.79967,3.00,2.25
2012.06.29 12:06:34.891,0.7995,0.79965,2.25,1.50
2012.06.29 12:06:35.410,0.7995,0.79964,2.25,1.50
2012.06.29 12:06:35.543,0.7995,0.79966,3.75,1.50
2012.06.29 12:06:36.091,0.7995,0.79965,2.25,1.50
2012.06.29 12:06:36.610,0.7995,0.79968,3.75,2.25
2012.06.29 12:06:37.491,0.7995,0.79963,2.25,1.50
2012.06.29 12:06:38.323,0.7995,0.79962,2.25,1.50
2012.06.29 12:06:38.804,0.7995,0.79964,2.25,2.25
2012.06.29 12:06:40.042,0.7995,0.79962,2.25,1.50
2012.06.29 12:06:40.170,0.7995,0.79964,2.25,2.25
2012.06.29 12:06:45.613,0.7995,0.79966,2.25,3.00
2012.06.29 12:06:49.311,0.7995,0.79966,2.25,3.00
2012.06.29 12:06:49.884,0.79949,0.79965,2.25,1.50
2012.06.29 12:06:51.080,0.79949,0.79966,2.25,3.00
2012.06.29 12:06:51.433,0.79949,0.79964,2.25,1.50
2012.06.29 12:06:54.521,0.79949,0.79966,2.25,3.00
2012.06.29 12:06:55.821,0.7995,0.79966,1.50,3.00
2012.06.29 12:06:56.011,0.79952,0.79966,1.50,1.50
2012.06.29 12:06:56.414,0.7995,0.79968,3.00,3.00
2012.06.29 12:06:58.871,0.79951,0.79968,1.50,1.50
2012.06.29 12:06:59.455,0.7995,0.79968,1.50,3.00
2012.06.29 12:06:59.959,0.79949,0.79965,3.75,1.50
2012.06.29 12:07:00.469,0.79949,0.79967,3.75,2.25
2012.06.29 12:07:02.442,0.79952,0.79968,1.50,3.00
2012.06.29 12:07:02.570,0.7995,0.79968,3.00,3.00
2012.06.29 12:07:03.257,0.79952,0.79968,1.50,3.00
2012.06.29 12:07:07.161,0.79951,0.79967,1.50,2.25
2012.06.29 12:07:12.943,0.79952,0.79968,1.50,3.00
2012.06.29 12:07:13.011,0.79949,0.79967,5.25,2.25
2012.06.29 12:07:14.011,0.79949,0.79967,4.86,1.50
2012.06.29 12:07:14.471,0.79952,0.79967,1.13,1.50
2012.06.29 12:07:14.544,0.79954,0.7997,1.50,1.50
2012.06.29 12:07:15.674,0.79949,0.79965,5.29,1.50
2012.06.29 12:07:15.752,0.79949,0.79967,5.29,1.50
2012.06.29 12:07:16.551,0.79949,0.79965,5.25,1.50
2012.06.29 12:07:17.084,0.79949,0.79966,3.00,1.50
2012.06.29 12:07:17.641,0.79949,0.79967,4.50,2.25
2012.06.29 12:07:23.900,0.79949,0.79967,4.13,2.25
2012.06.29 12:07:24.354,0.79952,0.79968,1.50,2.25
2012.06.29 12:07:24.952,0.79952,0.79968,1.50,1.50
2012.06.29 12:07:25.095,0.79953,0.79971,1.88,3.38
2012.06.29 12:07:25.305,0.79956,0.79972,1.50,3.75
2012.06.29 12:07:25.440,0.79956,0.79972,1.50,1.50
2012.06.29 12:07:25.947,0.79954,0.79972,1.50,1.50
2012.06.29 12:07:27.145,0.79953,0.7997,1.13,1.50
2012.06.29 12:07:27.832,0.79952,0.7997,2.25,1.50
2012.06.29 12:07:28.171,0.79951,0.79967,2.25,1.50
2012.06.29 12:07:28.871,0.79952,0.79968,2.25,2.25
2012.06.29 12:07:31.235,0.79954,0.7997,1.50,3.75
2012.06.29 12:07:31.620,0.79954,0.79972,1.50,2.25
2012.06.29 12:07:33.212,0.79953,0.7997,1.88,1.50
2012.06.29 12:07:35.472,0.79953,0.79969,1.88,1.50
2012.06.29 12:07:37.848,0.79952,0.79965,1.13,1.50
2012.06.29 12:07:37.927,0.79952,0.79968,4.88,3.00
2012.06.29 12:07:38.611,0.79952,0.79967,3.38,1.50
2012.06.29 12:07:38.683,0.79953,0.79969,1.88,1.50
2012.06.29 12:07:39.239,0.79953,0.79969,1.88,2.10
2012.06.29 12:07:39.371,0.79952,0.79965,3.38,1.50
2012.06.29 12:07:39.441,0.79952,0.79967,3.38,3.00
2012.06.29 12:07:39.584,0.79952,0.79965,2.25,1.50
2012.06.29 12:07:41.070,0.79952,0.79964,2.25,1.50
2012.06.29 12:07:41.512,0.79952,0.79966,2.25,2.25
2012.06.29 12:07:42.172,0.79952,0.79964,2.25,1.50
2012.06.29 12:07:42.531,0.79952,0.79966,2.25,2.25
2012.06.29 12:07:43.321,0.79952,0.79965,2.25,1.50
2012.06.29 12:07:43.851,0.79952,0.79965,2.25,3.00
2012.06.29 12:07:44.423,0.79952,0.79965,2.25,1.50
2012.06.29 12:07:44.831,0.79952,0.79968,2.25,3.00
2012.06.29 12:07:45.223,0.79952,0.79965,2.25,1.50
2012.06.29 12:07:45.731,0.79952,0.79964,2.25,1.50
2012.06.29 12:07:46.261,0.79952,0.79965,2.25,2.25
2012.06.29 12:07:51.091,0.79952,0.79967,3.75,1.50
2012.06.29 12:07:51.831,0.79952,0.79965,2.25,1.50
2012.06.29 12:07:52.788,0.79952,0.79966,2.25,3.00
2012.06.29 12:07:53.211,0.79952,0.79965,2.25,3.00
2012.06.29 12:08:13.982,0.79952,0.79968,4.88,1.50
2012.06.29 12:08:14.533,0.79957,0.79969,1.50,1.88
2012.06.29 12:08:15.417,0.79954,0.79969,1.88,2.63
2012.06.29 12:08:15.694,0.79952,0.79968,3.75,2.25
2012.06.29 12:08:15.914,0.79957,0.79969,1.50,2.25
2012.06.29 12:08:15.981,0.79955,0.79969,1.50,2.25
2012.06.29 12:08:16.053,0.79955,0.79969,1.50,2.25
2012.06.29 12:08:16.925,0.79955,0.79969,1.50,2.25
2012.06.29 12:08:17.133,0.79956,0.79969,1.50,1.50
2012.06.29 12:08:17.484,0.79957,0.7997,1.50,1.50
2012.06.29 12:08:17.627,0.79962,0.79974,2.25,1.13
2012.06.29 12:08:18.052,0.79966,0.79976,1.50,1.50
2012.06.29 12:08:18.516,0.79965,0.79977,1.50,1.50
2012.06.29 12:08:19.052,0.79965,0.79981,1.50,2.25
2012.06.29 12:08:19.124,0.79965,0.79981,1.50,1.50
2012.06.29 12:08:19.393,0.79963,0.79981,1.50,1.50
2012.06.29 12:08:19.971,0.79963,0.79979,1.50,1.50
2012.06.29 12:08:20.040,0.79963,0.79981,1.50,3.00
2012.06.29 12:08:21.377,0.79965,0.79982,1.50,4.50
2012.06.29 12:08:21.863,0.79969,0.79982,1.50,2.25
2012.06.29 12:08:22.474,0.79968,0.79982,1.50,2.25
2012.06.29 12:08:22.818,0.79971,0.79983,1.50,3.38
2012.06.29 12:08:23.293,0.79972,0.79989,2.25,3.00
2012.06.29 12:08:23.504,0.79976,0.79989,1.88,3.00
2012.06.29 12:08:24.044,0.79978,0.79994,1.50,1.88
2012.06.29 12:08:24.880,0.79979,0.79994,1.50,2.63
2012.06.29 12:08:25.463,0.79981,0.79994,1.50,1.13
2012.06.29 12:08:25.670,0.79981,0.79994,1.50,1.13
2012.06.29 12:08:25.830,0.79979,0.79994,1.50,1.13
2012.06.29 12:08:26.594,0.79981,0.79994,1.50,1.13
2012.06.29 12:08:26.900,0.79979,0.79994,1.50,1.13
2012.06.29 12:08:27.446,0.79981,0.79994,1.50,1.13
2012.06.29 12:08:27.954,0.7998,0.79994,1.50,1.13
2012.06.29 12:08:28.444,0.79978,0.79994,1.50,2.63
2012.06.29 12:08:29.163,0.79979,0.79994,1.50,1.13
2012.06.29 12:08:29.540,0.79977,0.79994,1.88,1.13
2012.06.29 12:08:29.669,0.79979,0.79994,1.50,1.13
2012.06.29 12:08:30.780,0.79978,0.79994,1.50,2.63
2012.06.29 12:08:31.426,0.79977,0.79993,1.88,1.50
2012.06.29 12:08:32.453,0.79978,0.79994,1.50,2.25
2012.06.29 12:08:32.922,0.79975,0.79991,4.13,1.50
2012.06.29 12:08:33.481,0.79976,0.79992,1.88,4.88
2012.06.29 12:08:36.380,0.79975,0.79991,1.88,1.50
2012.06.29 12:08:38.551,0.79975,0.79991,1.88,3.00
2012.06.29 12:08:38.763,0.79973,0.79987,2.25,1.50
2012.06.29 12:08:40.711,0.79973,0.79986,2.25,2.25
2012.06.29 12:08:41.162,0.79973,0.79984,2.25,2.25
2012.06.29 12:08:41.506,0.79966,0.79983,1.50,2.25
2012.06.29 12:08:41.588,0.79965,0.79979,3.38,1.50
2012.06.29 12:08:42.014,0.79966,0.79983,1.50,3.00
2012.06.29 12:08:42.744,0.79965,0.79981,3.75,1.50
2012.06.29 12:08:44.482,0.79965,0.79979,2.25,1.50
2012.06.29 12:08:45.048,0.79965,0.7998,2.25,1.50
2012.06.29 12:08:45.560,0.79965,0.79981,2.25,2.25
2012.06.29 12:08:47.583,0.79965,0.7998,2.25,1.50
2012.06.29 12:08:54.169,0.79965,0.79979,2.25,2.25
2012.06.29 12:08:54.631,0.79965,0.79981,3.75,2.25
2012.06.29 12:08:54.761,0.79965,0.79981,3.75,3.00
2012.06.29 12:08:54.892,0.79965,0.79981,3.75,2.25
2012.06.29 12:08:59.120,0.79964,0.79979,1.50,1.88
2012.06.29 12:08:59.403,0.79963,0.79981,3.75,1.50
2012.06.29 12:08:59.742,0.79965,0.79981,2.25,1.50
2012.06.29 12:09:02.044,0.79965,0.79979,2.25,1.50
2012.06.29 12:09:02.111,0.79963,0.79979,1.50,1.50
2012.06.29 12:09:02.454,0.79962,0.79978,3.00,2.25
2012.06.29 12:09:02.783,0.79962,0.79975,2.25,1.50
2012.06.29 12:09:03.054,0.79957,0.79973,3.00,1.50
2012.06.29 12:09:03.582,0.79957,0.79972,2.25,1.50
2012.06.29 12:09:04.234,0.79957,0.79971,2.25,1.50
2012.06.29 12:09:04.791,0.79957,0.79972,2.25,2.25
2012.06.29 12:09:05.703,0.79957,0.79972,2.25,2.63
2012.06.29 12:09:05.844,0.79953,0.7997,1.13,2.25
2012.06.29 12:09:05.912,0.79952,0.7997,6.00,2.25
2012.06.29 12:09:06.454,0.79952,0.79967,3.00,1.50
2012.06.29 12:09:07.112,0.79952,0.79967,2.25,1.50
2012.06.29 12:09:07.424,0.79952,0.79968,2.25,2.25
2012.06.29 12:09:07.563,0.79948,0.79964,2.25,1.50
2012.06.29 12:09:08.070,0.79948,0.79964,2.25,1.50
2012.06.29 12:09:08.612,0.79949,0.79965,1.50,3.00
2012.06.29 12:09:08.992,0.79947,0.79965,5.25,3.00
2012.06.29 12:09:09.571,0.79949,0.79965,1.50,3.00
2012.06.29 12:09:11.852,0.79948,0.79964,1.50,1.50
2012.06.29 12:09:12.361,0.79949,0.79965,1.50,3.00
2012.06.29 12:09:12.915,0.79948,0.79964,1.50,1.50
2012.06.29 12:09:13.481,0.79947,0.79965,5.25,3.00
2012.06.29 12:09:13.792,0.79949,0.79965,1.50,3.00
2012.06.29 12:09:14.304,0.79947,0.79965,5.25,3.00
2012.06.29 12:09:14.752,0.79949,0.79965,1.13,2.25
2012.06.29 12:09:15.105,0.79954,0.7997,1.50,3.46
2012.06.29 12:09:15.596,0.79956,0.79972,1.13,2.25
2012.06.29 12:09:15.934,0.79954,0.7997,3.75,1.50
2012.06.29 12:09:16.343,0.79952,0.7997,6.38,1.50
2012.06.29 12:09:16.414,0.79954,0.7997,1.50,1.50
2012.06.29 12:09:16.552,0.79954,0.79972,4.50,3.75
2012.06.29 12:09:17.122,0.7996,0.79972,4.50,2.25
2012.06.29 12:09:17.474,0.79968,0.7998,2.25,4.13
2012.06.29 12:09:17.544,0.79963,0.79977,3.00,1.50
2012.06.29 12:09:18.103,0.79955,0.79973,1.50,6.38
2012.06.29 12:09:18.665,0.79956,0.79972,1.50,2.25
2012.06.29 12:09:19.382,0.79956,0.79972,2.63,2.25
2012.06.29 12:09:19.662,0.79967,0.79979,2.25,2.25
2012.06.29 12:09:19.736,0.79967,0.79978,2.25,1.88
2012.06.29 12:09:20.235,0.79968,0.7998,2.25,2.25
2012.06.29 12:09:20.375,0.79968,0.79981,2.25,2.25
2012.06.29 12:09:20.453,0.79968,0.79981,2.25,3.75
2012.06.29 12:09:20.594,0.79963,0.79978,1.86,1.88
2012.06.29 12:09:22.121,0.79963,0.79978,2.25,2.25
2012.06.29 12:09:22.384,0.79963,0.79976,2.25,1.50
2012.06.29 12:09:23.226,0.79963,0.79974,2.25,1.50
2012.06.29 12:09:24.412,0.79963,0.79976,2.25,2.25
2012.06.29 12:09:24.955,0.79963,0.79974,2.25,1.50
2012.06.29 12:09:25.034,0.79957,0.79973,3.00,3.75
2012.06.29 12:09:25.314,0.79956,0.79973,1.50,6.75
2012.06.29 12:09:25.663,0.79952,0.79965,3.00,1.50
2012.06.29 12:09:25.874,0.79952,0.79965,2.25,1.50
2012.06.29 12:09:28.494,0.79952,0.79963,2.25,1.50
2012.06.29 12:09:28.563,0.79948,0.79963,2.25,3.75
2012.06.29 12:09:28.631,0.79948,0.79961,2.25,1.50
2012.06.29 12:09:29.221,0.79948,0.79962,2.25,1.50
2012.06.29 12:09:30.831,0.79948,0.7996,2.25,1.50
2012.06.29 12:09:31.353,0.79948,0.79961,2.25,1.50
2012.06.29 12:09:31.492,0.79945,0.7996,1.50,1.50
2012.06.29 12:09:32.258,0.79947,0.79961,2.25,1.50
2012.06.29 12:09:32.798,0.79947,0.79962,2.25,1.58
2012.06.29 12:09:33.014,0.79947,0.7996,2.25,2.25
2012.06.29 12:09:33.520,0.79947,0.79961,2.25,1.50
2012.06.29 12:09:35.171,0.79947,0.79964,2.25,2.33
2012.06.29 12:09:36.514,0.79947,0.7996,2.25,1.50
2012.06.29 12:09:37.232,0.79947,0.79961,2.25,1.50
2012.06.29 12:09:38.570,0.79947,0.7996,2.25,1.50
2012.06.29 12:09:39.543,0.79947,0.79959,2.25,1.50
2012.06.29 12:09:39.742,0.79947,0.79961,2.25,1.50
2012.06.29 12:09:40.968,0.79947,0.79962,2.25,1.58
2012.06.29 12:09:41.911,0.79947,0.79961,2.25,1.50
2012.06.29 12:09:42.581,0.79947,0.79962,2.25,1.50
2012.06.29 12:09:44.002,0.79947,0.7996,2.25,2.25
2012.06.29 12:09:44.547,0.79947,0.79962,2.25,2.33
2012.06.29 12:09:49.952,0.79947,0.79962,2.25,1.58
2012.06.29 12:09:50.570,0.79947,0.79963,3.75,2.25
2012.06.29 12:09:52.241,0.79947,0.79963,3.75,1.13
2012.06.29 12:09:52.452,0.79944,0.7996,3.36,2.63
2012.06.29 12:09:53.311,0.79945,0.7996,1.50,1.13
2012.06.29 12:09:54.983,0.79946,0.7996,1.50,1.13
2012.06.29 12:09:55.847,0.79947,0.79962,1.50,3.75
2012.06.29 12:09:56.413,0.79947,0.79963,3.75,2.25
2012.06.29 12:10:00.441,0.79947,0.79965,5.25,4.13
2012.06.29 12:10:00.933,0.79952,0.79965,2.25,2.63
2012.06.29 12:10:01.072,0.79947,0.79965,4.50,3.75
2012.06.29 12:10:01.276,0.7995,0.79965,1.50,3.75
2012.06.29 12:10:01.492,0.79951,0.79965,1.50,1.50
2012.06.29 12:10:01.634,0.79953,0.79965,2.25,1.88
2012.06.29 12:10:01.844,0.79951,0.79965,1.50,1.13
2012.06.29 12:10:02.124,0.79948,0.79964,1.50,1.50
2012.06.29 12:10:03.224,0.79947,0.79963,4.50,1.50
2012.06.29 12:10:03.563,0.79949,0.79965,1.50,2.25
2012.06.29 12:10:03.902,0.79953,0.79966,1.50,1.50
2012.06.29 12:10:04.692,0.79952,0.79965,5.25,1.13
2012.06.29 12:10:05.042,0.79952,0.7997,4.50,2.55
2012.06.29 12:10:05.373,0.79955,0.79971,3.38,2.46
2012.06.29 12:10:05.443,0.79955,0.79971,3.38,2.25
2012.06.29 12:10:05.514,0.79955,0.79971,3.38,1.50
2012.06.29 12:10:05.794,0.79959,0.79972,1.50,1.50
2012.06.29 12:10:06.353,0.79958,0.79972,1.50,3.00
2012.06.29 12:10:07.152,0.79959,0.79972,1.50,3.00
2012.06.29 12:10:07.222,0.79957,0.79972,1.50,3.00
2012.06.29 12:10:07.776,0.79958,0.79972,3.00,3.00
2012.06.29 12:10:08.453,0.79959,0.79972,1.50,3.00
2012.06.29 12:10:09.544,0.7996,0.79972,1.50,3.00
2012.06.29 12:10:14.681,0.7996,0.79972,3.00,3.00
2012.06.29 12:10:14.822,0.79967,0.79975,2.25,1.73
2012.06.29 12:10:15.234,0.79967,0.79977,2.25,1.50
2012.06.29 12:10:15.592,0.79971,0.79982,1.50,1.13
2012.06.29 12:10:15.862,0.79971,0.79984,1.50,1.13
2012.06.29 12:10:16.416,0.7997,0.79984,1.50,1.13
2012.06.29 12:10:17.381,0.79968,0.79983,1.50,1.13
2012.06.29 12:10:17.594,0.79966,0.79982,1.50,5.25
2012.06.29 12:10:18.151,0.79967,0.79982,1.50,3.75
2012.06.29 12:10:18.292,0.79968,0.79985,3.75,3.00
2012.06.29 12:10:18.362,0.79968,0.79984,3.75,1.50
2012.06.29 12:10:20.007,0.79966,0.79982,1.50,3.00
2012.06.29 12:10:21.192,0.79966,0.79982,1.50,5.63
2012.06.29 12:10:21.324,0.79962,0.79979,3.75,1.13
2012.06.29 12:10:23.166,0.79962,0.79977,2.25,2.25
2012.06.29 12:10:23.313,0.79962,0.79976,2.25,2.25
2012.06.29 12:10:23.653,0.79958,0.79972,2.25,1.50
2012.06.29 12:10:23.723,0.79958,0.79975,2.25,1.50
2012.06.29 12:10:23.792,0.79962,0.79975,2.25,1.50
2012.06.29 12:10:24.233,0.79959,0.79974,1.50,1.50
2012.06.29 12:10:24.501,0.79957,0.79975,1.50,2.25
2012.06.29 12:10:24.571,0.79959,0.79975,1.50,2.25
2012.06.29 12:10:25.663,0.79959,0.79975,1.50,2.25
2012.06.29 12:10:25.734,0.79955,0.79973,4.88,2.25
2012.06.29 12:10:25.802,0.79955,0.79971,4.50,1.50
2012.06.29 12:10:26.196,0.79955,0.79973,3.75,2.25
2012.06.29 12:10:27.143,0.79956,0.79974,1.50,2.25
2012.06.29 12:10:27.985,0.79956,0.79972,1.50,1.50
2012.06.29 12:10:28.192,0.79959,0.79975,1.50,2.25
2012.06.29 12:10:28.752,0.7996,0.79976,1.50,1.88
2012.06.29 12:10:29.403,0.79957,0.79973,1.50,2.25
2012.06.29 12:10:29.930,0.79958,0.79974,1.50,1.50
2012.06.29 12:10:30.482,0.79958,0.79976,1.50,2.25
2012.06.29 12:10:31.021,0.79958,0.79974,1.50,1.50
2012.06.29 12:10:31.466,0.79958,0.79974,1.50,2.25
2012.06.29 12:10:31.821,0.79955,0.79971,1.50,2.25
2012.06.29 12:10:31.894,0.79952,0.7997,3.75,2.25
2012.06.29 12:10:32.791,0.79954,0.7997,1.50,2.25
2012.06.29 12:10:33.333,0.79954,0.79969,1.50,1.50
2012.06.29 12:10:33.542,0.79952,0.79968,3.00,2.25
2012.06.29 12:10:33.757,0.79952,0.79968,3.00,2.63
2012.06.29 12:10:33.839,0.79949,0.79965,3.00,1.50
2012.06.29 12:10:34.056,0.79951,0.79965,1.50,1.13
2012.06.29 12:10:34.812,0.7995,0.79967,1.50,3.00
2012.06.29 12:10:41.232,0.79949,0.79965,1.50,2.25
2012.06.29 12:10:43.312,0.7995,0.79966,1.50,2.25
2012.06.29 12:10:46.795,0.79948,0.79964,4.13,1.50
2012.06.29 12:10:47.341,0.79949,0.79967,1.50,4.50
2012.06.29 12:10:51.102,0.7995,0.79966,1.50,2.25
2012.06.29 12:10:53.232,0.79952,0.79967,1.50,3.00
2012.06.29 12:10:53.300,0.7995,0.79967,1.50,3.00
2012.06.29 12:10:56.163,0.79951,0.79967,1.50,3.00
2012.06.29 12:10:56.706,0.7995,0.79966,1.50,2.25
2012.06.29 12:10:58.955,0.79948,0.79964,2.63,1.50
2012.06.29 12:10:59.463,0.7995,0.79966,1.50,2.25
2012.06.29 12:11:02.181,0.7995,0.79966,1.50,2.25
2012.06.29 12:11:06.063,0.79949,0.79965,1.50,1.50
2012.06.29 12:11:06.993,0.79949,0.79967,1.50,3.75
2012.06.29 12:11:07.501,0.79948,0.79966,2.63,2.25
2012.06.29 12:11:08.879,0.79949,0.79965,1.50,1.50
2012.06.29 12:11:09.521,0.79948,0.79965,1.13,1.50
2012.06.29 12:11:10.792,0.79949,0.79965,1.50,1.50
2012.06.29 12:11:11.342,0.79948,0.79965,1.13,2.25
2012.06.29 12:11:14.034,0.79948,0.79964,2.63,1.50
2012.06.29 12:11:14.785,0.79948,0.79966,2.63,3.00
2012.06.29 12:11:17.501,0.7995,0.79966,1.50,3.00
2012.06.29 12:11:18.061,0.7995,0.79966,1.50,2.25
2012.06.29 12:11:18.770,0.79949,0.79965,1.50,1.50
2012.06.29 12:11:19.319,0.7995,0.79966,1.50,2.25
2012.06.29 12:11:20.182,0.79951,0.79967,1.50,4.50
2012.06.29 12:11:24.126,0.79949,0.79965,3.00,1.50
2012.06.29 12:11:25.428,0.79948,0.79965,1.13,1.50
2012.06.29 12:11:26.063,0.79948,0.79966,2.63,2.25
2012.06.29 12:11:26.252,0.79948,0.79964,2.63,1.50
2012.06.29 12:11:26.380,0.79948,0.79966,2.63,2.25
2012.06.29 12:11:26.451,0.79948,0.79964,2.63,1.50
2012.06.29 12:11:26.984,0.7995,0.79967,1.50,2.25
2012.06.29 12:11:27.525,0.79949,0.79967,1.50,4.50
2012.06.29 12:11:27.842,0.79952,0.79967,1.50,2.25
2012.06.29 12:11:28.335,0.79953,0.79967,4.50,1.50
2012.06.29 12:11:28.693,0.79956,0.79969,2.25,1.13
2012.06.29 12:11:29.256,0.79956,0.79974,3.00,2.48
2012.06.29 12:11:29.404,0.79958,0.79976,1.50,1.50
2012.06.29 12:11:30.115,0.79959,0.79975,1.50,1.50
2012.06.29 12:11:30.444,0.79957,0.79975,3.38,1.50
2012.06.29 12:11:31.001,0.79958,0.79976,1.50,1.88
2012.06.29 12:11:31.936,0.79957,0.79975,3.38,1.50
2012.06.29 12:11:32.462,0.79958,0.79976,1.50,1.88
2012.06.29 12:11:34.393,0.79958,0.79974,1.50,1.50
2012.06.29 12:11:35.531,0.79959,0.79975,1.50,2.25
2012.06.29 12:11:35.839,0.79959,0.79975,2.25,1.50
2012.06.29 12:11:35.910,0.79959,0.79975,2.25,1.50
2012.06.29 12:11:37.241,0.79958,0.79976,1.50,2.25
2012.06.29 12:11:38.632,0.79961,0.79977,1.50,3.75
2012.06.29 12:11:40.000,0.7996,0.79976,2.25,1.50
2012.06.29 12:11:40.694,0.79957,0.79972,2.25,3.75
2012.06.29 12:11:47.590,0.79956,0.79972,1.50,5.25
2012.06.29 12:11:49.034,0.79957,0.79972,1.50,3.75
2012.06.29 12:11:53.151,0.79955,0.79969,3.00,2.25
2012.06.29 12:11:53.492,0.79956,0.79967,2.25,2.25
2012.06.29 12:11:53.564,0.79957,0.79972,2.25,3.23
2012.06.29 12:11:54.241,0.79956,0.79972,1.50,4.35
2012.06.29 12:11:55.178,0.79955,0.79971,1.50,2.10
2012.06.29 12:11:55.772,0.79954,0.79972,4.50,4.35
2012.06.29 12:11:56.222,0.79957,0.79972,1.50,2.85
2012.06.29 12:11:57.649,0.79955,0.79972,1.50,2.85
2012.06.29 12:11:58.161,0.79957,0.79972,1.50,2.85
2012.06.29 12:11:59.090,0.79956,0.79972,1.50,4.35
2012.06.29 12:11:59.600,0.79957,0.79972,1.50,2.85
2012.06.29 12:11:59.791,0.79955,0.79972,1.50,2.85
2012.06.29 12:12:01.901,0.79954,0.79972,2.25,5.10
2012.06.29 12:12:02.103,0.79956,0.79972,1.50,5.10
2012.06.29 12:12:02.661,0.79955,0.79972,1.50,3.60
2012.06.29 12:12:03.315,0.79954,0.79972,2.25,5.10
2012.06.29 12:12:04.240,0.79956,0.79972,1.50,3.60
2012.06.29 12:12:05.346,0.79956,0.79972,2.25,5.10
2012.06.29 12:12:05.681,0.79962,0.79972,2.25,2.25
2012.06.29 12:12:05.752,0.79964,0.79976,1.11,1.50
2012.06.29 12:12:06.189,0.79961,0.79975,1.50,2.25
2012.06.29 12:12:06.268,0.79958,0.79972,2.63,1.50
2012.06.29 12:12:06.344,0.79958,0.79974,2.63,1.50
2012.06.29 12:12:07.222,0.79958,0.79975,2.63,2.25
2012.06.29 12:12:10.973,0.79958,0.79976,7.50,3.00
2012.06.29 12:12:11.113,0.79962,0.79978,2.25,1.50
2012.06.29 12:12:11.394,0.7996,0.79976,1.13,1.50
2012.06.29 12:12:12.041,0.79958,0.79976,2.25,1.50
2012.06.29 12:12:12.553,0.79957,0.79975,3.75,1.50
2012.06.29 12:12:13.312,0.79957,0.79975,3.00,1.50
2012.06.29 12:12:13.535,0.79955,0.79971,2.63,1.50
2012.06.29 12:12:14.044,0.79955,0.79972,2.25,3.00
2012.06.29 12:12:14.361,0.79957,0.79972,1.50,3.00
2012.06.29 12:12:14.431,0.79955,0.79971,2.25,1.50
2012.06.29 12:12:14.982,0.79955,0.79972,1.50,4.50
2012.06.29 12:12:15.263,0.79957,0.79972,1.50,3.00
2012.06.29 12:12:16.035,0.79956,0.79972,1.50,4.50
2012.06.29 12:12:19.844,0.79959,0.79972,1.50,3.00
2012.06.29 12:12:19.970,0.79955,0.79971,3.00,1.50
2012.06.29 12:12:20.282,0.79957,0.79972,1.50,3.00
2012.06.29 12:12:20.801,0.79956,0.79972,1.50,4.50
2012.06.29 12:12:23.102,0.79955,0.79971,3.00,1.50
2012.06.29 12:12:23.610,0.79955,0.79972,3.00,3.75
2012.06.29 12:12:24.113,0.79956,0.79972,1.50,5.25
2012.06.29 12:12:24.736,0.79955,0.79972,3.00,3.75
2012.06.29 12:12:25.191,0.79957,0.79972,1.50,3.75
2012.06.29 12:12:26.842,0.79956,0.79972,1.50,5.25
2012.06.29 12:12:31.106,0.79957,0.79972,1.50,3.75
2012.06.29 12:12:33.340,0.79955,0.79972,3.00,3.75
2012.06.29 12:12:33.890,0.79956,0.79972,1.50,3.75
2012.06.29 12:12:34.890,0.79957,0.79972,1.50,3.75
2012.06.29 12:12:35.482,0.79956,0.79972,1.50,5.25
2012.06.29 12:12:36.532,0.79955,0.79971,3.00,1.50
2012.06.29 12:12:36.871,0.79957,0.79972,1.50,3.75
2012.06.29 12:12:37.070,0.79955,0.79972,3.00,3.75
2012.06.29 12:12:38.453,0.79955,0.79971,3.00,1.50
2012.06.29 12:12:38.781,0.79954,0.79969,2.25,1.50
2012.06.29 12:12:39.285,0.79954,0.7997,3.75,1.50
2012.06.29 12:12:42.720,0.79955,0.7997,1.50,1.50
2012.06.29 12:12:42.791,0.79956,0.79972,2.25,4.50
2012.06.29 12:12:51.571,0.79957,0.79972,1.50,3.00
2012.06.29 12:12:53.693,0.79958,0.79972,1.50,3.00
2012.06.29 12:12:55.902,0.79955,0.79972,3.38,3.00
2012.06.29 12:12:57.523,0.79957,0.79972,1.50,3.00
2012.06.29 12:12:57.971,0.7996,0.79976,1.50,3.75
2012.06.29 12:12:58.274,0.79958,0.79973,1.50,3.38
2012.06.29 12:12:58.845,0.79958,0.79974,1.50,2.25
2012.06.29 12:12:59.506,0.79958,0.79974,1.50,3.00
2012.06.29 12:13:01.045,0.79958,0.79974,1.50,2.25
2012.06.29 12:13:01.571,0.79957,0.79975,4.13,2.25
2012.06.29 12:13:02.563,0.79958,0.79976,1.50,5.25
2012.06.29 12:13:03.380,0.79957,0.79975,4.13,2.25
2012.06.29 12:13:03.450,0.79959,0.79975,1.50,2.25
2012.06.29 12:13:05.524,0.79958,0.79974,1.50,2.25
2012.06.29 12:13:06.133,0.79957,0.79974,2.63,3.00
2012.06.29 12:13:06.666,0.79957,0.79973,4.13,1.50
2012.06.29 12:13:14.512,0.79958,0.79974,1.50,1.50
2012.06.29 12:13:15.041,0.79959,0.79975,1.50,2.25
2012.06.29 12:13:15.362,0.79961,0.79976,1.50,1.50
2012.06.29 12:13:16.022,0.79958,0.79976,3.00,3.00
2012.06.29 12:13:17.092,0.79957,0.79975,4.88,2.25
2012.06.29 12:13:17.781,0.79958,0.79976,1.50,3.00
2012.06.29 12:13:23.373,0.79959,0.79975,1.50,2.25
2012.06.29 12:13:24.131,0.79961,0.79976,1.50,1.50
2012.06.29 12:13:24.775,0.7996,0.79976,1.50,3.00
2012.06.29 12:13:28.223,0.79961,0.79976,1.50,1.50
2012.06.29 12:13:28.477,0.79959,0.79975,3.00,2.25
2012.06.29 12:13:29.521,0.79958,0.79974,3.00,2.25
2012.06.29 12:13:30.070,0.79959,0.79975,1.50,2.25
2012.06.29 12:13:30.693,0.79958,0.79974,1.50,2.25
2012.06.29 12:13:31.225,0.79959,0.79975,1.50,2.25
2012.06.29 12:13:32.538,0.79957,0.79975,4.88,2.25
2012.06.29 12:13:33.196,0.79959,0.79975,1.50,2.25
2012.06.29 12:13:33.702,0.79957,0.79975,4.50,2.25
2012.06.29 12:13:34.131,0.79959,0.79975,1.50,2.25
2012.06.29 12:13:34.453,0.79957,0.79974,3.00,2.25
2012.06.29 12:13:35.063,0.79959,0.79975,1.50,2.25
2012.06.29 12:13:35.370,0.79957,0.79975,5.25,2.25
2012.06.29 12:13:36.752,0.79958,0.79976,1.50,3.00
2012.06.29 12:13:40.741,0.79959,0.79975,1.50,2.25
2012.06.29 12:13:42.014,0.79957,0.79974,5.25,1.50
2012.06.29 12:13:42.083,0.79957,0.7997,3.75,1.50
2012.06.29 12:13:42.705,0.79957,0.7997,1.50,2.25
2012.06.29 12:13:42.774,0.79954,0.7997,1.13,3.75
2012.06.29 12:13:43.053,0.79953,0.79965,3.00,2.25
2012.06.29 12:13:43.581,0.79953,0.79968,2.25,2.25
2012.06.29 12:13:48.044,0.79953,0.79964,2.25,1.13
2012.06.29 12:13:48.451,0.79947,0.79963,1.50,6.38
2012.06.29 12:13:48.595,0.79944,0.7996,1.50,1.50
2012.06.29 12:13:49.152,0.79943,0.79961,2.25,1.50
2012.06.29 12:13:49.921,0.79943,0.7996,2.25,1.50
2012.06.29 12:13:50.028,0.79945,0.79961,1.50,3.00
2012.06.29 12:13:50.763,0.79947,0.79963,1.50,6.38
2012.06.29 12:13:51.413,0.79945,0.79963,1.50,6.38
2012.06.29 12:13:51.892,0.79947,0.79963,1.50,6.38
2012.06.29 12:13:51.962,0.79945,0.79963,1.50,6.38
2012.06.29 12:13:52.493,0.79946,0.79963,1.50,4.88
2012.06.29 12:13:53.120,0.79945,0.79963,1.50,6.38
2012.06.29 12:13:53.922,0.79942,0.79957,2.25,2.25
2012.06.29 12:13:54.063,0.79938,0.79956,1.88,3.00
2012.06.29 12:13:54.611,0.79939,0.79956,1.50,1.50
2012.06.29 12:13:55.275,0.79938,0.79956,1.50,3.00
2012.06.29 12:13:55.999,0.79939,0.79956,1.50,1.50
2012.06.29 12:13:56.202,0.79937,0.79955,4.50,1.50
2012.06.29 12:13:56.523,0.79939,0.79955,1.50,1.50
2012.06.29 12:13:57.057,0.79938,0.79956,1.50,3.00
2012.06.29 12:13:57.382,0.7994,0.79956,1.50,3.00
2012.06.29 12:13:57.906,0.7994,0.79956,1.50,3.00
2012.06.29 12:13:58.441,0.79941,0.79956,1.50,1.50
2012.06.29 12:14:00.441,0.79939,0.79955,3.00,1.50
2012.06.29 12:14:00.942,0.7994,0.79956,1.50,3.00
2012.06.29 12:14:01.414,0.79937,0.79955,4.50,1.50
2012.06.29 12:14:01.795,0.79939,0.79955,1.50,1.50
2012.06.29 12:14:02.542,0.79939,0.79956,1.50,1.50
2012.06.29 12:14:03.103,0.7994,0.79956,1.50,1.50
2012.06.29 12:14:03.626,0.79939,0.79955,1.50,1.50
2012.06.29 12:14:04.151,0.79938,0.79956,1.50,3.00
2012.06.29 12:14:04.455,0.7994,0.79956,1.50,3.00
2012.06.29 12:14:05.072,0.79938,0.79956,3.00,3.00
2012.06.29 12:14:05.143,0.7994,0.79956,1.50,3.00
2012.06.29 12:14:05.652,0.79939,0.79955,1.50,1.50
2012.06.29 12:14:06.219,0.79938,0.79954,1.50,1.50
2012.06.29 12:14:06.551,0.7994,0.79956,1.50,3.00
2012.06.29 12:14:08.640,0.79939,0.79956,1.50,1.50
2012.06.29 12:14:09.540,0.79938,0.79956,1.50,3.00
2012.06.29 12:14:10.313,0.7994,0.79956,1.50,3.00
2012.06.29 12:14:10.850,0.7994,0.79956,1.50,2.25
2012.06.29 12:14:11.200,0.7994,0.79956,1.50,3.00
2012.06.29 12:14:11.723,0.79939,0.79955,1.50,2.25
2012.06.29 12:14:12.250,0.79939,0.79955,1.50,1.50
2012.06.29 12:14:12.560,0.79942,0.79956,1.50,1.50
2012.06.29 12:14:13.081,0.79941,0.79956,1.50,1.50
2012.06.29 12:14:13.892,0.7994,0.79956,1.50,3.00
2012.06.29 12:14:14.742,0.79942,0.79956,1.50,1.50
2012.06.29 12:14:15.422,0.7994,0.79956,1.50,1.50
2012.06.29 12:14:15.507,0.79942,0.79956,1.50,1.50
2012.06.29 12:14:15.585,0.7994,0.79956,1.50,1.50
2012.06.29 12:14:16.463,0.79939,0.79956,1.50,3.00
2012.06.29 12:14:17.457,0.7994,0.79956,1.50,3.00
2012.06.29 12:14:17.531,0.79938,0.79956,3.00,3.00
2012.06.29 12:14:17.723,0.79938,0.79956,3.00,3.00
2012.06.29 12:14:18.251,0.79937,0.79954,4.50,1.50
2012.06.29 12:14:18.826,0.79937,0.79952,3.00,1.50
2012.06.29 12:14:19.346,0.79937,0.79954,4.50,3.00
2012.06.29 12:14:19.682,0.79939,0.79956,1.50,2.25
2012.06.29 12:14:20.425,0.79939,0.79954,1.50,1.50
2012.06.29 12:14:20.951,0.79938,0.79954,1.50,1.50
2012.06.29 12:14:22.900,0.79939,0.79954,1.50,1.50
2012.06.29 12:14:23.451,0.79938,0.79956,1.50,3.75
2012.06.29 12:14:25.293,0.79939,0.79956,1.50,2.25
2012.06.29 12:14:25.801,0.79938,0.79956,1.50,3.75
2012.06.29 12:14:26.506,0.79938,0.79954,1.50,1.50
2012.06.29 12:14:27.392,0.79938,0.79954,1.50,2.25
2012.06.29 12:14:27.465,0.79938,0.79954,1.50,3.00
2012.06.29 12:14:27.824,0.79932,0.79949,5.61,1.88
2012.06.29 12:14:28.304,0.79932,0.79947,2.25,1.50
2012.06.29 12:14:28.726,0.79934,0.7995,1.50,2.25
2012.06.29 12:14:28.803,0.79932,0.7995,3.75,2.25
2012.06.29 12:14:29.903,0.79932,0.79948,3.75,1.50
2012.06.29 12:14:30.524,0.79934,0.7995,1.50,3.00
2012.06.29 12:14:30.970,0.79935,0.79952,1.50,2.25
2012.06.29 12:14:31.471,0.79933,0.79951,2.25,1.50
2012.06.29 12:14:32.072,0.79934,0.79952,2.25,3.75
2012.06.29 12:14:32.514,0.79936,0.79952,1.50,2.25
2012.06.29 12:14:38.122,0.79933,0.7995,2.25,1.50
2012.06.29 12:14:38.823,0.79935,0.79951,1.50,1.50
2012.06.29 12:14:39.364,0.79936,0.79952,1.50,3.00
2012.06.29 12:14:40.280,0.79938,0.79955,1.50,1.28
2012.06.29 12:14:40.793,0.79937,0.79955,3.75,2.40
2012.06.29 12:14:41.732,0.79937,0.79955,3.75,2.40
2012.06.29 12:14:42.214,0.79937,0.79952,2.25,1.50
2012.06.29 12:14:42.762,0.79937,0.79953,3.75,1.65
2012.06.29 12:14:43.216,0.7994,0.79956,1.50,2.40
2012.06.29 12:14:43.770,0.79939,0.79955,1.50,1.65
2012.06.29 12:14:44.339,0.79941,0.79957,1.50,4.65
2012.06.29 12:14:44.418,0.79938,0.79956,1.50,2.40
2012.06.29 12:14:44.691,0.79939,0.79957,1.88,3.98
2012.06.29 12:14:44.833,0.79942,0.79958,3.75,2.48
2012.06.29 12:14:45.571,0.79942,0.79958,2.25,1.73
2012.06.29 12:14:46.333,0.79942,0.79958,2.25,1.73
2012.06.29 12:14:47.187,0.79942,0.79958,2.25,1.73
2012.06.29 12:14:48.111,0.79942,0.79958,2.25,1.73
2012.06.29 12:14:48.635,0.79942,0.79954,2.25,1.50
2012.06.29 12:14:49.291,0.79942,0.79955,2.25,1.50
2012.06.29 12:14:49.863,0.79942,0.79956,2.25,1.65
2012.06.29 12:14:50.952,0.79942,0.79957,2.25,2.48
2012.06.29 12:14:51.514,0.79942,0.79956,2.25,1.65
2012.06.29 12:14:51.884,0.79944,0.7996,1.50,2.48
2012.06.29 12:14:52.793,0.79943,0.79959,1.50,2.10
2012.06.29 12:14:53.144,0.79947,0.79959,2.25,1.65
2012.06.29 12:14:53.673,0.79947,0.79963,3.75,3.15
2012.06.29 12:14:54.438,0.79947,0.79961,2.25,2.40
2012.06.29 12:14:54.657,0.79945,0.79961,1.50,1.35
2012.06.29 12:14:55.484,0.79945,0.79961,4.50,1.35
2012.06.29 12:14:56.098,0.79945,0.79963,4.86,2.70
2012.06.29 12:14:56.455,0.79956,0.79967,1.13,1.50
2012.06.29 12:14:56.665,0.79952,0.79968,2.25,1.50
2012.06.29 12:14:56.803,0.79952,0.79969,2.25,4.50
2012.06.29 12:14:57.353,0.79952,0.79967,2.25,2.63
2012.06.29 12:14:58.705,0.79952,0.79964,2.25,2.25
2012.06.29 12:14:59.244,0.79953,0.79966,1.50,1.50
2012.06.29 12:14:59.350,0.79953,0.79966,1.88,1.50
2012.06.29 12:14:59.427,0.79953,0.79966,1.50,1.50
2012.06.29 12:14:59.715,0.79952,0.79968,3.75,1.50
2012.06.29 12:15:00.124,0.79954,0.7997,1.50,5.33
2012.06.29 12:15:00.546,0.79952,0.7997,3.75,5.10
2012.06.29 12:15:01.136,0.79952,0.7997,3.75,3.60
2012.06.29 12:15:01.496,0.79952,0.79968,4.88,1.50
2012.06.29 12:15:01.645,0.79952,0.7997,5.25,3.98
2012.06.29 12:15:02.124,0.79958,0.7997,2.25,2.25
2012.06.29 12:15:02.208,0.79958,0.79972,2.25,2.25
2012.06.29 12:15:02.818,0.79958,0.79972,2.25,3.00
2012.06.29 12:15:02.896,0.79958,0.79972,2.25,2.25
2012.06.29 12:15:03.316,0.79959,0.79975,1.50,3.38
2012.06.29 12:15:03.602,0.79962,0.79979,2.25,2.25
2012.06.29 12:15:03.955,0.79965,0.7998,2.25,3.38
2012.06.29 12:15:04.377,0.79963,0.7998,2.63,2.63
2012.06.29 12:15:04.526,0.79965,0.7998,3.00,2.63
2012.06.29 12:15:04.664,0.79965,0.7998,3.00,3.00
2012.06.29 12:15:05.221,0.79964,0.7998,3.00,3.00
2012.06.29 12:15:05.362,0.79962,0.7998,3.75,3.00
2012.06.29 12:15:05.433,0.79962,0.7998,3.75,3.00
2012.06.29 12:15:05.783,0.79962,0.79977,2.25,1.50
2012.06.29 12:15:06.136,0.79962,0.79976,2.25,2.25
2012.06.29 12:15:06.504,0.79962,0.79978,2.25,3.00
2012.06.29 12:15:07.194,0.79963,0.79978,1.50,1.50
2012.06.29 12:15:07.263,0.79963,0.7998,1.50,1.88
2012.06.29 12:15:07.403,0.79963,0.7998,1.50,1.50
2012.06.29 12:15:07.934,0.79963,0.79979,1.50,2.25
2012.06.29 12:15:08.065,0.79963,0.79979,1.50,2.25
2012.06.29 12:15:08.331,0.79962,0.79977,2.25,2.25
2012.06.29 12:15:10.514,0.79962,0.79977,2.25,2.25
2012.06.29 12:15:12.102,0.79961,0.79977,1.50,1.88
2012.06.29 12:15:12.661,0.7996,0.79976,1.88,2.25
2012.06.29 12:15:13.797,0.79957,0.79975,1.88,1.50
2012.06.29 12:15:14.353,0.7996,0.79976,1.88,2.25
2012.06.29 12:15:14.554,0.7996,0.79976,2.25,2.25
2012.06.29 12:15:14.902,0.7997,0.79982,1.50,1.88
2012.06.29 12:15:15.255,0.7997,0.79985,3.75,1.13
2012.06.29 12:15:15.541,0.79972,0.79987,1.50,1.88
2012.06.29 12:15:15.883,0.79969,0.79987,1.50,2.25
2012.06.29 12:15:17.434,0.79969,0.79987,1.50,3.00
2012.06.29 12:15:18.093,0.79971,0.79987,1.50,3.00
2012.06.29 12:15:19.136,0.7997,0.79986,1.50,2.25
2012.06.29 12:15:19.651,0.79971,0.79987,1.50,3.00
2012.06.29 12:15:20.212,0.7997,0.79986,1.50,2.25
2012.06.29 12:15:20.553,0.79972,0.79987,1.50,1.50
2012.06.29 12:15:21.045,0.79973,0.79989,2.25,1.50
2012.06.29 12:15:21.594,0.79978,0.79991,1.50,1.13
2012.06.29 12:15:21.734,0.79978,0.79994,1.50,2.25
2012.06.29 12:15:22.333,0.79979,0.79995,1.50,3.75
2012.06.29 12:15:22.402,0.79979,0.79995,1.50,3.75
2012.06.29 12:15:22.910,0.79978,0.79995,1.50,2.25
2012.06.29 12:15:24.021,0.79979,0.79995,1.50,3.75
2012.06.29 12:15:24.710,0.79977,0.79993,1.88,2.25
2012.06.29 12:15:25.085,0.79979,0.79995,1.50,4.50
2012.06.29 12:15:26.393,0.79981,0.79995,1.50,1.50
2012.06.29 12:15:26.521,0.79981,0.79996,1.50,2.63
2012.06.29 12:15:26.663,0.79979,0.79996,1.50,2.63
2012.06.29 12:15:27.184,0.79979,0.79996,1.50,3.38
2012.06.29 12:15:27.842,0.7998,0.79996,1.50,2.63
2012.06.29 12:15:27.985,0.7998,0.79996,2.25,1.13
2012.06.29 12:15:28.502,0.79983,0.79996,3.00,1.13
2012.06.29 12:15:29.035,0.79983,0.8,3.75,2.25
2012.06.29 12:15:29.962,0.79983,0.79997,3.00,1.50
2012.06.29 12:15:30.318,0.79995,0.80002,3.00,3.00
2012.06.29 12:15:30.393,0.79995,0.80013,3.00,6.75
2012.06.29 12:15:30.933,0.79996,0.80012,1.50,1.50
2012.06.29 12:15:31.453,0.79998,0.80012,2.25,1.50
2012.06.29 12:15:32.123,0.79998,0.80013,3.75,1.13
2012.06.29 12:15:32.944,0.79998,0.80014,2.63,2.25
2012.06.29 12:15:33.295,0.80006,0.80021,2.63,1.50
2012.06.29 12:15:33.995,0.80007,0.80023,1.13,2.25
2012.06.29 12:15:34.143,0.80007,0.80023,1.13,2.25
2012.06.29 12:15:34.665,0.80009,0.80024,1.50,1.50
2012.06.29 12:15:34.734,0.80009,0.80025,1.50,2.25
2012.06.29 12:15:35.228,0.80007,0.80023,3.38,1.50
2012.06.29 12:15:35.768,0.80008,0.80024,3.00,1.50
2012.06.29 12:15:35.848,0.80009,0.80027,1.50,3.38
2012.06.29 12:15:36.381,0.80009,0.80025,1.50,1.50
2012.06.29 12:15:36.942,0.80007,0.80023,2.63,1.50
2012.06.29 12:15:37.292,0.80007,0.80021,1.88,1.50
2012.06.29 12:15:37.787,0.80005,0.80018,1.86,1.50
2012.06.29 12:15:38.257,0.80003,0.80019,3.00,1.50
2012.06.29 12:15:38.578,0.80003,0.80019,3.00,2.25
2012.06.29 12:15:38.934,0.79999,0.80005,2.23,1.50
2012.06.29 12:15:39.374,0.80002,0.80009,2.25,1.50
2012.06.29 12:15:39.460,0.80002,0.80016,2.25,2.25
2012.06.29 12:15:39.943,0.80002,0.80013,2.25,1.50
2012.06.29 12:15:40.281,0.79996,0.80003,1.50,1.50
2012.06.29 12:15:40.782,0.79991,0.80003,1.69,1.50
2012.06.29 12:15:41.110,0.79991,0.80003,1.50,1.50
2012.06.29 12:15:41.243,0.79991,0.80005,1.50,2.25
2012.06.29 12:15:41.443,0.79989,0.80002,1.13,1.50
2012.06.29 12:15:42.005,0.79987,0.80003,3.38,1.50
2012.06.29 12:15:42.694,0.7999,0.80003,1.13,1.50
2012.06.29 12:15:42.834,0.79994,0.80007,3.00,1.50
2012.06.29 12:15:43.033,0.79994,0.8001,3.75,2.25
2012.06.29 12:15:43.746,0.79994,0.8001,3.00,2.25
2012.06.29 12:15:44.288,0.79994,0.8001,3.38,2.25
2012.06.29 12:15:44.843,0.79996,0.80013,1.13,1.50
2012.06.29 12:15:47.581,0.79997,0.80012,1.50,1.50
2012.06.29 12:15:48.083,0.79996,0.80011,1.88,1.50
2012.06.29 12:15:48.760,0.79997,0.80011,1.50,1.50
2012.06.29 12:15:49.164,0.79996,0.80013,1.13,1.50
2012.06.29 12:15:50.404,0.79997,0.80015,2.25,1.50
2012.06.29 12:15:50.473,0.79997,0.80013,2.25,1.50
2012.06.29 12:15:51.789,0.79997,0.80013,2.25,1.50
2012.06.29 12:15:51.992,0.79997,0.80013,2.25,1.50
2012.06.29 12:15:52.708,0.79997,0.80013,2.25,1.50
2012.06.29 12:15:56.133,0.79998,0.80013,1.13,1.50
2012.06.29 12:15:56.543,0.8,0.80016,2.25,3.00
2012.06.29 12:15:57.106,0.79999,0.80015,4.88,1.50
2012.06.29 12:15:57.548,0.8,0.80017,2.25,1.50
2012.06.29 12:15:57.974,0.80002,0.80019,2.85,1.50
2012.06.29 12:15:58.584,0.80002,0.8002,2.61,1.50
2012.06.29 12:15:58.725,0.8001,0.80018,1.50,1.50
2012.06.29 12:15:59.075,0.80014,0.8002,4.35,1.50
2012.06.29 12:15:59.435,0.80013,0.80021,1.50,1.50
2012.06.29 12:15:59.504,0.80012,0.80021,1.86,1.50
2012.06.29 12:15:59.573,0.80013,0.80023,1.50,1.50
2012.06.29 12:15:59.715,0.80013,0.80023,2.25,1.50
2012.06.29 12:16:00.145,0.80009,0.80025,1.50,1.50
2012.06.29 12:16:00.286,0.80008,0.80022,1.50,1.50
2012.06.29 12:16:01.445,0.80009,0.80021,1.13,1.50
2012.06.29 12:16:01.584,0.80005,0.80021,1.50,5.25
2012.06.29 12:16:02.006,0.80003,0.80019,1.13,1.50
2012.06.29 12:16:02.352,0.80001,0.80012,1.50,1.50
2012.06.29 12:16:02.421,0.8,0.80012,1.13,1.50
2012.06.29 12:16:02.755,0.8,0.80015,1.13,1.50
2012.06.29 12:16:02.954,0.8,0.80013,1.13,1.50
2012.06.29 12:16:03.493,0.79998,0.80011,1.13,1.50
2012.06.29 12:16:03.705,0.79998,0.80013,1.88,1.50
2012.06.29 12:16:05.021,0.79998,0.80015,2.63,1.50
2012.06.29 12:16:05.233,0.79998,0.80013,2.63,1.50
2012.06.29 12:16:06.362,0.79998,0.80015,2.63,1.50
2012.06.29 12:16:06.871,0.80001,0.80017,3.75,1.50
2012.06.29 12:16:06.941,0.80002,0.80017,1.13,1.50
2012.06.29 12:16:07.012,0.80002,0.8002,2.63,2.25
2012.06.29 12:16:07.083,0.80003,0.8002,1.13,1.50
2012.06.29 12:16:07.604,0.80003,0.80019,1.13,1.50
2012.06.29 12:16:08.438,0.80003,0.80019,1.13,1.50
2012.06.29 12:16:08.633,0.80003,0.80016,1.13,1.50
2012.06.29 12:16:09.444,0.80003,0.80017,1.13,1.50
2012.06.29 12:16:10.260,0.80003,0.80018,1.13,1.50
2012.06.29 12:16:12.532,0.80002,0.80016,1.88,1.50
2012.06.29 12:16:14.253,0.80002,0.80016,1.50,1.50
2012.06.29 12:16:14.834,0.80001,0.80013,1.13,1.50
2012.06.29 12:16:15.045,0.79999,0.80013,1.13,1.50
2012.06.29 12:16:15.582,0.79998,0.80014,2.63,1.50
2012.06.29 12:16:15.712,0.79998,0.80014,2.63,1.50
2012.06.29 12:16:15.852,0.8,0.80016,2.25,1.50
2012.06.29 12:16:16.552,0.80001,0.80015,1.13,1.50
2012.06.29 12:16:17.742,0.80001,0.80017,1.13,3.00
2012.06.29 12:16:18.281,0.80002,0.80017,1.88,1.50
2012.06.29 12:16:18.964,0.80002,0.80018,1.88,1.50
2012.06.29 12:16:19.049,0.80002,0.80016,1.88,1.50
2012.06.29 12:16:22.172,0.80002,0.80016,1.88,1.50
2012.06.29 12:16:23.371,0.80002,0.80017,1.88,1.50
2012.06.29 12:16:24.505,0.80002,0.80019,1.88,1.50
2012.06.29 12:16:25.015,0.80002,0.80018,1.88,1.50
2012.06.29 12:16:25.092,0.80002,0.80016,1.88,1.50
2012.06.29 12:16:27.085,0.80002,0.80012,1.13,1.50
2012.06.29 12:16:27.224,0.79998,0.80012,1.88,1.50
2012.06.29 12:16:27.774,0.79996,0.80009,1.50,1.50
2012.06.29 12:16:27.983,0.79993,0.80009,1.50,1.50
2012.06.29 12:16:28.053,0.79993,0.80006,1.50,1.50
2012.06.29 12:16:28.194,0.79991,0.80006,1.13,1.50
2012.06.29 12:16:31.391,0.79991,0.80007,1.13,1.50
2012.06.29 12:16:31.924,0.79994,0.80007,1.13,1.50
2012.06.29 12:16:32.273,0.79995,0.80008,3.00,1.50
2012.06.29 12:16:32.604,0.79995,0.8001,1.13,1.50
2012.06.29 12:16:32.803,0.79995,0.80008,1.13,1.50
2012.06.29 12:16:33.524,0.79996,0.80009,1.13,1.50
2012.06.29 12:16:34.093,0.79996,0.8001,1.13,1.50
2012.06.29 12:16:34.446,0.79995,0.80012,1.50,1.50
2012.06.29 12:16:34.971,0.79995,0.8001,1.50,1.20
2012.06.29 12:16:35.496,0.79996,0.80011,1.13,1.20
2012.06.29 12:16:35.624,0.79997,0.80013,1.50,1.20
2012.06.29 12:16:35.905,0.79995,0.8001,1.13,1.20
2012.06.29 12:16:38.227,0.79995,0.8001,1.13,1.28
2012.06.29 12:16:38.438,0.79992,0.80008,2.25,1.28
2012.06.29 12:16:38.965,0.79989,0.80007,2.63,1.28
2012.06.29 12:16:39.050,0.79987,0.80002,1.50,1.35
2012.06.29 12:16:39.617,0.79989,0.80005,1.88,1.35
2012.06.29 12:16:40.537,0.79989,0.80004,1.13,1.35
2012.06.29 12:16:41.080,0.79989,0.80005,1.13,1.35
2012.06.29 12:16:41.343,0.79989,0.80003,1.13,1.35
2012.06.29 12:16:42.055,0.79989,0.80004,1.13,1.35
2012.06.29 12:16:42.123,0.7999,0.80006,1.88,2.70
2012.06.29 12:16:42.252,0.79989,0.80004,1.13,1.35
2012.06.29 12:16:43.146,0.79989,0.80004,1.13,1.35
2012.06.29 12:16:43.219,0.79989,0.80006,1.13,1.43
2012.06.29 12:16:45.366,0.79989,0.80005,2.63,1.50
2012.06.29 12:16:48.781,0.79989,0.80004,1.13,1.50
2012.06.29 12:16:49.386,0.79989,0.80005,1.13,1.50
2012.06.29 12:16:50.531,0.79989,0.80005,1.88,1.50
2012.06.29 12:16:50.623,0.79991,0.80008,1.50,2.25
2012.06.29 12:16:51.470,0.79989,0.80006,1.88,1.50
2012.06.29 12:16:51.615,0.79991,0.80008,2.10,1.50
2012.06.29 12:16:51.816,0.79992,0.80008,3.23,1.50
2012.06.29 12:16:52.076,0.79992,0.8001,3.23,1.50
2012.06.29 12:16:52.214,0.79992,0.8001,3.23,1.50
2012.06.29 12:16:52.354,0.79995,0.80012,1.50,3.75
2012.06.29 12:16:52.633,0.79994,0.8001,3.00,1.50
2012.06.29 12:16:52.774,0.79994,0.80012,4.50,1.50
2012.06.29 12:16:53.277,0.79995,0.80011,1.50,1.50
2012.06.29 12:16:54.375,0.79996,0.80012,2.25,1.50
2012.06.29 12:16:54.920,0.79996,0.80012,4.13,1.50
2012.06.29 12:16:54.994,0.79996,0.80014,4.13,1.50
2012.06.29 12:16:56.029,0.79996,0.80012,2.63,1.50
2012.06.29 12:16:56.247,0.79995,0.80012,1.13,1.50
2012.06.29 12:16:56.325,0.79995,0.8001,1.13,1.50
2012.06.29 12:16:56.677,0.79991,0.80007,1.13,1.50
2012.06.29 12:16:56.894,0.79989,0.80005,3.13,1.50
2012.06.29 12:16:57.565,0.79991,0.80005,1.50,1.50
2012.06.29 12:16:57.777,0.79992,0.80008,5.08,1.50
2012.06.29 12:16:58.239,0.79996,0.80012,1.88,1.50
2012.06.29 12:16:58.318,0.79997,0.80015,2.25,2.25
2012.06.29 12:16:58.905,0.79996,0.80014,2.63,1.50
2012.06.29 12:16:59.704,0.79998,0.80014,1.50,1.50
2012.06.29 12:17:00.248,0.79998,0.80016,3.00,1.50
2012.06.29 12:17:00.326,0.79998,0.80016,3.38,1.50
2012.06.29 12:17:00.977,0.80001,0.80017,2.63,1.50
2012.06.29 12:17:01.126,0.80001,0.80019,2.63,1.50
2012.06.29 12:17:01.766,0.80001,0.80017,1.13,1.50
2012.06.29 12:17:02.469,0.80001,0.80017,3.75,1.50
2012.06.29 12:17:02.555,0.80003,0.80021,2.25,2.25
2012.06.29 12:17:03.668,0.80003,0.80021,2.25,2.25
2012.06.29 12:17:03.745,0.80002,0.80018,2.25,1.50
2012.06.29 12:17:04.525,0.80001,0.80015,1.88,1.50
2012.06.29 12:17:04.865,0.80005,0.80015,1.50,1.50
2012.06.29 12:17:05.207,0.8001,0.8002,3.00,1.50
2012.06.29 12:17:05.287,0.8001,0.80017,3.00,1.50
2012.06.29 12:17:05.440,0.80016,0.80021,1.50,1.50
2012.06.29 12:17:05.961,0.80016,0.80028,1.50,1.50
2012.06.29 12:17:06.518,0.80016,0.80032,1.50,4.35
2012.06.29 12:17:07.493,0.80016,0.80031,2.25,1.50
2012.06.29 12:17:07.634,0.80013,0.80028,3.38,1.50
2012.06.29 12:17:07.972,0.80015,0.80031,1.50,1.50
2012.06.29 12:17:08.185,0.80018,0.80032,1.35,5.48
2012.06.29 12:17:08.537,0.80028,0.80034,1.50,2.25
2012.06.29 12:17:09.089,0.80026,0.80041,2.63,1.50
2012.06.29 12:17:09.394,0.80026,0.80043,1.88,4.50
2012.06.29 12:17:09.944,0.80026,0.80043,1.88,3.00
2012.06.29 12:17:10.527,0.80027,0.80043,1.50,1.50
2012.06.29 12:17:10.674,0.80027,0.80043,1.50,1.50
2012.06.29 12:17:11.017,0.80025,0.80041,3.75,1.50
2012.06.29 12:17:11.435,0.80025,0.80041,5.25,1.50
2012.06.29 12:17:11.574,0.80025,0.80043,3.75,3.00
2012.06.29 12:17:12.290,0.80025,0.80043,3.00,2.25
2012.06.29 12:17:12.372,0.80029,0.80043,1.50,2.25
2012.06.29 12:17:12.905,0.8003,0.80046,2.25,4.50
2012.06.29 12:17:13.236,0.80029,0.80045,3.00,2.25
2012.06.29 12:17:13.586,0.80033,0.80045,1.88,3.00
2012.06.29 12:17:13.936,0.80033,0.8005,3.38,1.35
2012.06.29 12:17:14.815,0.80034,0.8005,2.25,2.85
2012.06.29 12:17:14.959,0.80034,0.8005,2.25,2.10
2012.06.29 12:17:16.236,0.80034,0.8005,1.50,2.10
2012.06.29 12:17:16.655,0.80034,0.80047,1.50,1.50
2012.06.29 12:17:17.216,0.80031,0.80048,1.88,2.25
2012.06.29 12:17:18.937,0.80034,0.80048,1.50,2.25
2012.06.29 12:17:19.522,0.80036,0.80051,1.50,5.10
2012.06.29 12:17:21.156,0.80036,0.80051,3.00,3.75
2012.06.29 12:17:21.714,0.80036,0.80051,2.25,3.00
2012.06.29 12:17:22.279,0.80036,0.80052,3.75,2.25
2012.06.29 12:17:22.825,0.80036,0.80052,3.75,2.25
2012.06.29 12:17:23.538,0.80031,0.80047,3.75,1.50
2012.06.29 12:17:23.824,0.80031,0.80046,2.25,1.50
2012.06.29 12:17:24.976,0.80032,0.80048,2.25,1.50
2012.06.29 12:17:25.117,0.80033,0.80047,1.50,1.50
2012.06.29 12:17:25.266,0.80036,0.80051,1.88,1.50
2012.06.29 12:17:25.339,0.80036,0.80054,3.38,2.25
2012.06.29 12:17:25.547,0.80039,0.80055,1.50,2.25
2012.06.29 12:17:25.696,0.80037,0.80055,1.50,2.25
2012.06.29 12:17:26.456,0.80036,0.80052,3.75,1.50
2012.06.29 12:17:27.687,0.80036,0.80052,2.63,2.63
2012.06.29 12:17:28.025,0.8003,0.80042,1.48,1.50
2012.06.29 12:17:28.095,0.8003,0.80042,1.13,1.50
2012.06.29 12:17:28.168,0.8003,0.80044,1.13,1.50
2012.06.29 12:17:28.496,0.80031,0.80045,1.13,2.25
2012.06.29 12:17:28.626,0.80031,0.80045,1.13,2.25
2012.06.29 12:17:29.046,0.80031,0.80045,1.13,2.25
2012.06.29 12:17:29.258,0.80032,0.80048,2.25,3.00
2012.06.29 12:17:30.075,0.80033,0.80047,1.50,1.50
2012.06.29 12:17:30.593,0.80034,0.80047,1.50,1.50
2012.06.29 12:17:30.681,0.80033,0.80049,1.88,1.50
2012.06.29 12:17:31.686,0.80033,0.80047,1.88,1.50
2012.06.29 12:17:31.756,0.80033,0.80047,1.88,1.50
2012.06.29 12:17:31.997,0.80033,0.80049,1.88,1.50
2012.06.29 12:17:32.295,0.80033,0.80049,1.13,1.50
2012.06.29 12:17:33.095,0.80033,0.80049,2.63,1.50
2012.06.29 12:17:33.163,0.80033,0.80049,1.88,1.50
2012.06.29 12:17:34.014,0.80033,0.80049,1.88,2.25
2012.06.29 12:17:34.100,0.80035,0.80051,1.50,5.25
2012.06.29 12:17:34.635,0.80035,0.80051,2.25,5.25
2012.06.29 12:17:35.794,0.80036,0.8005,1.50,2.25
2012.06.29 12:17:36.345,0.80037,0.80051,1.50,5.25
2012.06.29 12:17:36.881,0.80037,0.80051,1.50,5.25
2012.06.29 12:17:37.448,0.80039,0.80051,3.08,3.00
2012.06.29 12:17:37.554,0.8004,0.80055,2.25,2.25
2012.06.29 12:17:37.702,0.80039,0.80055,3.15,3.75
2012.06.29 12:17:37.915,0.80039,0.80054,3.08,1.50
2012.06.29 12:17:38.210,0.8004,0.80055,1.50,3.75
2012.06.29 12:17:38.415,0.80041,0.80055,1.11,3.75
2012.06.29 12:17:38.760,0.80043,0.80055,2.25,3.75
2012.06.29 12:17:38.836,0.80043,0.80055,2.25,3.75
2012.06.29 12:17:40.022,0.80044,0.80055,1.50,2.25
2012.06.29 12:17:40.525,0.80043,0.80055,1.50,2.25
2012.06.29 12:17:40.895,0.80043,0.80055,2.25,2.25
2012.06.29 12:17:41.452,0.80044,0.80057,2.25,3.00
2012.06.29 12:17:43.426,0.80043,0.80057,1.50,3.75
2012.06.29 12:17:44.065,0.80041,0.80055,1.71,1.50
2012.06.29 12:17:44.474,0.80041,0.80053,1.35,1.50
2012.06.29 12:17:45.034,0.8004,0.80054,1.50,1.13
2012.06.29 12:17:46.907,0.8004,0.80053,1.50,1.50
2012.06.29 12:17:47.395,0.80041,0.80056,1.50,3.00
2012.06.29 12:17:48.543,0.8004,0.80055,1.50,2.25
2012.06.29 12:17:49.005,0.8004,0.80055,1.50,2.25
2012.06.29 12:17:49.087,0.8004,0.80055,2.25,2.25
2012.06.29 12:17:49.305,0.8004,0.80054,2.25,1.50
2012.06.29 12:17:49.865,0.80039,0.80053,1.50,1.50
2012.06.29 12:17:49.994,0.80039,0.80055,3.00,2.25
2012.06.29 12:17:51.404,0.80039,0.80054,1.50,1.50
2012.06.29 12:17:52.121,0.80039,0.80055,3.00,2.25
2012.06.29 12:17:52.336,0.80039,0.80052,1.50,1.50
2012.06.29 12:17:52.661,0.80039,0.80055,1.50,2.25
2012.06.29 12:17:52.806,0.80039,0.80054,1.50,1.50
2012.06.29 12:17:53.334,0.8004,0.80056,2.25,4.50
2012.06.29 12:17:53.875,0.80038,0.80054,3.00,1.50
2012.06.29 12:17:55.320,0.80038,0.80053,1.50,1.50
2012.06.29 12:17:55.503,0.80037,0.80053,2.63,1.50
2012.06.29 12:17:55.706,0.80038,0.80053,1.50,1.50
2012.06.29 12:17:56.027,0.80041,0.80054,1.11,1.50
2012.06.29 12:17:56.107,0.80042,0.80057,1.50,5.65
2012.06.29 12:17:56.737,0.80038,0.80055,1.50,2.25
2012.06.29 12:17:56.884,0.8004,0.80055,1.35,2.25
2012.06.29 12:17:56.957,0.80037,0.80055,2.25,2.25
2012.06.29 12:17:57.095,0.80038,0.80055,1.50,2.25
2012.06.29 12:17:57.445,0.80037,0.80055,2.25,3.75
2012.06.29 12:17:58.351,0.80036,0.80054,2.63,1.50
2012.06.29 12:17:59.367,0.80038,0.80054,1.50,1.50
2012.06.29 12:17:59.883,0.80039,0.80057,3.00,5.65
2012.06.29 12:18:00.399,0.80039,0.80057,3.00,6.40
2012.06.29 12:18:00.735,0.80038,0.80054,1.50,1.50
2012.06.29 12:18:02.004,0.80038,0.80056,3.00,3.75
2012.06.29 12:18:02.536,0.80039,0.80055,2.25,1.50
2012.06.29 12:18:03.075,0.80038,0.80054,3.00,1.50
2012.06.29 12:18:03.416,0.80038,0.80054,2.25,1.50
2012.06.29 12:18:03.962,0.80036,0.80053,1.13,1.50
2012.06.29 12:18:04.193,0.80038,0.80053,1.50,1.50
2012.06.29 12:18:04.734,0.80038,0.80054,3.00,1.50
2012.06.29 12:18:05.415,0.80039,0.80055,2.25,1.50
2012.06.29 12:18:05.748,0.80042,0.80055,1.50,2.25
2012.06.29 12:18:06.111,0.80042,0.80056,2.10,1.50
2012.06.29 12:18:06.191,0.80043,0.80056,1.50,1.50
2012.06.29 12:18:06.268,0.80043,0.80059,3.00,1.13
2012.06.29 12:18:06.419,0.80042,0.80057,2.10,3.75
2012.06.29 12:18:07.054,0.80041,0.80058,1.71,3.00
2012.06.29 12:18:07.265,0.80041,0.80056,1.71,3.00
2012.06.29 12:18:07.545,0.80043,0.80057,1.50,1.50
2012.06.29 12:18:07.615,0.80043,0.80058,1.50,2.65
2012.06.29 12:18:07.685,0.80043,0.80058,1.50,2.65
2012.06.29 12:18:08.141,0.80043,0.80056,1.50,3.00
2012.06.29 12:18:08.429,0.8004,0.80056,1.11,4.50
2012.06.29 12:18:08.994,0.8004,0.80054,1.50,1.50
2012.06.29 12:18:09.137,0.80038,0.80052,1.50,1.50
2012.06.29 12:18:09.431,0.80034,0.80052,1.50,2.63
2012.06.29 12:18:09.706,0.80033,0.80049,1.50,1.50
2012.06.29 12:18:10.323,0.80033,0.80048,1.35,1.50
2012.06.29 12:18:10.666,0.80033,0.80049,1.50,1.50
2012.06.29 12:18:11.278,0.80031,0.80049,3.60,1.50
2012.06.29 12:18:12.294,0.80032,0.80048,2.25,1.50
2012.06.29 12:18:13.025,0.80031,0.80049,3.60,1.50
2012.06.29 12:18:13.548,0.80031,0.80048,2.10,1.50
2012.06.29 12:18:14.050,0.80031,0.80047,3.60,1.50
2012.06.29 12:18:15.049,0.80031,0.80047,2.85,1.50
2012.06.29 12:18:15.386,0.80031,0.80049,2.85,1.50
2012.06.29 12:18:15.924,0.80032,0.80048,2.25,1.50
2012.06.29 12:18:16.245,0.80034,0.8005,1.50,1.50
2012.06.29 12:18:16.644,0.80032,0.80048,2.85,1.50
2012.06.29 12:18:18.162,0.80032,0.80049,2.85,1.50
2012.06.29 12:18:18.685,0.80032,0.80048,1.35,1.50
2012.06.29 12:18:20.444,0.80032,0.80048,2.85,2.25
2012.06.29 12:18:20.584,0.80028,0.80044,2.85,1.50
2012.06.29 12:18:21.057,0.80026,0.80041,2.85,1.50
2012.06.29 12:18:22.428,0.80026,0.80041,2.10,2.63
2012.06.29 12:18:22.785,0.80026,0.80032,2.10,1.50
2012.06.29 12:18:23.134,0.80024,0.80031,2.10,4.50
2012.06.29 12:18:23.486,0.80022,0.80027,2.10,1.50
2012.06.29 12:18:23.697,0.80012,0.80029,1.88,1.50
2012.06.29 12:18:23.775,0.80012,0.80029,1.88,1.50
2012.06.29 12:18:24.334,0.80012,0.80028,1.13,1.50
2012.06.29 12:18:25.312,0.80013,0.80029,2.25,1.50
2012.06.29 12:18:25.391,0.80016,0.80031,3.00,3.75
2012.06.29 12:18:25.470,0.80019,0.80031,1.50,3.75
2012.06.29 12:18:25.827,0.80026,0.80035,1.50,1.50
2012.06.29 12:18:25.897,0.80026,0.80037,1.50,1.50
2012.06.29 12:18:26.257,0.80028,0.80041,1.50,3.00
2012.06.29 12:18:26.410,0.80023,0.80041,2.25,4.50
2012.06.29 12:18:26.966,0.80023,0.80036,2.25,2.25
2012.06.29 12:18:27.178,0.80022,0.80036,2.48,2.63
2012.06.29 12:18:27.608,0.8002,0.80037,1.50,2.25
2012.06.29 12:18:28.380,0.80025,0.80041,1.50,3.00
2012.06.29 12:18:28.935,0.80023,0.8004,1.13,2.25
2012.06.29 12:18:29.489,0.80023,0.80038,1.13,1.50
2012.06.29 12:18:29.843,0.80026,0.80038,1.13,1.50
2012.06.29 12:18:29.986,0.80026,0.80041,1.13,1.50
2012.06.29 12:18:30.665,0.80026,0.80041,1.13,2.25
2012.06.29 12:18:30.805,0.80026,0.80041,1.13,1.50
2012.06.29 12:18:32.268,0.80026,0.80041,1.13,1.50
2012.06.29 12:18:32.361,0.80027,0.80043,2.25,1.50
2012.06.29 12:18:32.954,0.80027,0.80043,2.25,1.50
2012.06.29 12:18:33.296,0.80027,0.80045,2.25,2.25
2012.06.29 12:18:33.826,0.80032,0.80044,1.13,1.50
2012.06.29 12:18:34.364,0.80032,0.80048,2.63,2.25
2012.06.29 12:18:35.366,0.80032,0.80048,2.63,2.25
2012.06.29 12:18:35.808,0.80032,0.80048,1.13,2.25
2012.06.29 12:18:36.843,0.80032,0.80049,1.13,1.50
2012.06.29 12:18:37.344,0.80032,0.80048,1.13,1.50
2012.06.29 12:18:37.805,0.80033,0.80048,1.50,1.50
2012.06.29 12:18:37.933,0.80031,0.80048,3.23,1.50
2012.06.29 12:18:38.375,0.80035,0.80051,2.25,3.75
2012.06.29 12:18:38.446,0.80032,0.80048,2.63,1.50
2012.06.29 12:18:39.415,0.80033,0.80049,2.25,1.50
2012.06.29 12:18:40.375,0.80035,0.80049,1.50,1.50
2012.06.29 12:18:40.445,0.80036,0.80051,1.50,2.25
2012.06.29 12:18:40.858,0.80038,0.80054,2.61,1.50
2012.06.29 12:18:40.935,0.80042,0.80056,1.35,6.75
2012.06.29 12:18:41.284,0.80041,0.80056,2.25,1.50
2012.06.29 12:18:41.768,0.80043,0.80059,3.00,2.25
2012.06.29 12:18:42.669,0.80041,0.80057,2.63,1.50
2012.06.29 12:18:42.816,0.80041,0.80055,1.13,1.50
2012.06.29 12:18:43.165,0.80037,0.80052,1.13,1.50
2012.06.29 12:18:43.484,0.8004,0.80052,1.13,1.50
2012.06.29 12:18:43.626,0.80036,0.80053,2.25,1.50
2012.06.29 12:18:43.835,0.80039,0.80053,1.13,1.50
2012.06.29 12:18:43.964,0.80039,0.80053,1.13,1.50
2012.06.29 12:18:44.167,0.80039,0.80055,1.88,1.50
2012.06.29 12:18:44.316,0.80042,0.80055,1.13,1.50
2012.06.29 12:18:44.854,0.80041,0.80056,1.13,1.50
2012.06.29 12:18:45.186,0.80042,0.80056,1.13,1.50
2012.06.29 12:18:45.703,0.80042,0.80055,1.13,1.50
2012.06.29 12:18:45.845,0.80038,0.80056,1.50,2.25
2012.06.29 12:18:46.128,0.80036,0.80052,4.13,1.50
2012.06.29 12:18:46.497,0.80036,0.80054,2.63,1.50
2012.06.29 12:18:46.846,0.80039,0.80056,2.25,2.25
2012.06.29 12:18:47.195,0.80037,0.80052,1.13,3.00
2012.06.29 12:18:47.535,0.80039,0.80054,2.25,1.88
2012.06.29 12:18:47.604,0.80039,0.80055,2.25,1.88
2012.06.29 12:18:48.329,0.80038,0.80054,2.25,1.50
2012.06.29 12:18:48.736,0.80041,0.80056,2.25,3.00
2012.06.29 12:18:49.347,0.80041,0.80057,3.60,1.50
2012.06.29 12:18:50.037,0.80042,0.80055,1.86,1.50
2012.06.29 12:18:50.243,0.80042,0.80057,1.86,1.50
2012.06.29 12:18:50.386,0.80044,0.8006,2.25,1.50
2012.06.29 12:18:50.886,0.80043,0.80059,2.25,1.50
2012.06.29 12:18:51.244,0.80045,0.8006,1.50,1.50
2012.06.29 12:18:51.597,0.80048,0.80063,2.25,1.50
2012.06.29 12:18:51.744,0.80048,0.80064,3.75,2.25
2012.06.29 12:18:52.602,0.80047,0.80062,1.13,1.50
2012.06.29 12:18:52.682,0.80047,0.80064,1.13,2.25
2012.06.29 12:18:54.054,0.80047,0.80063,1.13,1.50
2012.06.29 12:18:54.587,0.80047,0.80064,1.13,3.75
2012.06.29 12:18:55.100,0.80047,0.80063,1.13,1.50
2012.06.29 12:18:55.920,0.80046,0.80064,3.38,2.25
2012.06.29 12:18:56.736,0.80046,0.80062,3.38,1.50
2012.06.29 12:18:57.965,0.80046,0.8006,1.88,1.50
2012.06.29 12:18:58.105,0.80046,0.80063,3.38,1.50
2012.06.29 12:18:58.374,0.80046,0.80064,3.38,2.25
2012.06.29 12:18:58.514,0.80046,0.80064,3.38,2.25
2012.06.29 12:18:58.785,0.80046,0.80064,4.88,3.00
2012.06.29 12:18:59.273,0.80046,0.80062,3.38,1.50
2012.06.29 12:18:59.349,0.80047,0.80064,1.13,3.00
2012.06.29 12:18:59.885,0.80047,0.80063,1.13,1.50
2012.06.29 12:18:59.956,0.80047,0.80063,1.13,1.50
2012.06.29 12:19:00.235,0.80052,0.80065,1.35,1.50
2012.06.29 12:19:00.443,0.80049,0.80065,2.25,1.50
2012.06.29 12:19:02.776,0.80047,0.80064,2.63,1.50
2012.06.29 12:19:03.333,0.80049,0.80064,1.50,1.50
2012.06.29 12:19:03.864,0.80047,0.80064,1.88,1.50
2012.06.29 12:19:04.005,0.80049,0.80064,2.25,1.50
2012.06.29 12:19:04.310,0.80049,0.80066,3.00,3.75
2012.06.29 12:19:04.865,0.80049,0.80066,3.00,3.00
2012.06.29 12:19:05.206,0.80061,0.8007,1.13,2.25
2012.06.29 12:19:05.288,0.80062,0.80073,1.13,3.00
2012.06.29 12:19:05.367,0.80067,0.80083,1.50,1.88
2012.06.29 12:19:05.448,0.80066,0.80081,1.50,2.25
2012.06.29 12:19:05.962,0.80065,0.80081,2.63,2.25
2012.06.29 12:19:06.042,0.80068,0.80083,1.13,1.50
2012.06.29 12:19:06.456,0.80064,0.80082,3.00,1.50
2012.06.29 12:19:06.598,0.80062,0.80078,1.50,1.50
2012.06.29 12:19:06.954,0.80062,0.80076,2.63,2.25
2012.06.29 12:19:07.094,0.80063,0.80079,2.25,1.50
2012.06.29 12:19:07.365,0.80064,0.80081,2.25,2.25
2012.06.29 12:19:07.667,0.80062,0.80078,1.13,1.50
2012.06.29 12:19:08.055,0.80062,0.80078,1.13,1.50
2012.06.29 12:19:08.674,0.8006,0.80077,2.25,1.13
2012.06.29 12:19:08.747,0.8006,0.80071,2.25,2.25
2012.06.29 12:19:09.163,0.8006,0.80071,1.88,2.25
2012.06.29 12:19:09.260,0.80053,0.8007,1.88,1.50
2012.06.29 12:19:09.816,0.80053,0.80069,3.00,1.50
2012.06.29 12:19:10.026,0.80053,0.80067,1.50,1.50
2012.06.29 12:19:10.226,0.80054,0.8007,1.50,3.00
2012.06.29 12:19:11.105,0.80052,0.8007,2.63,1.50
2012.06.29 12:19:11.519,0.80054,0.8007,1.13,1.50
2012.06.29 12:19:11.598,0.80055,0.80073,1.88,2.25
2012.06.29 12:19:12.628,0.80054,0.80072,2.63,1.50
2012.06.29 12:19:13.127,0.80055,0.80071,2.63,1.50
2012.06.29 12:19:13.454,0.80057,0.80073,3.75,1.50
2012.06.29 12:19:13.806,0.80065,0.80073,1.50,1.50
2012.06.29 12:19:14.144,0.80067,0.80076,1.50,1.50
2012.06.29 12:19:14.216,0.80065,0.80078,1.50,1.50
2012.06.29 12:19:14.367,0.80064,0.80082,3.00,2.25
2012.06.29 12:19:14.443,0.80068,0.80082,1.50,2.25
2012.06.29 12:19:14.785,0.80065,0.80079,1.50,1.50
2012.06.29 12:19:14.924,0.80065,0.80081,1.50,1.50
2012.06.29 12:19:14.994,0.80064,0.80081,1.50,1.50
2012.06.29 12:19:15.525,0.80066,0.80082,2.25,5.25
2012.06.29 12:19:15.734,0.80068,0.80082,1.50,4.50
2012.06.29 12:19:15.806,0.80069,0.80085,2.25,2.25
2012.06.29 12:19:16.537,0.80071,0.80087,1.50,6.03
2012.06.29 12:19:16.685,0.80069,0.80085,2.25,1.50
2012.06.29 12:19:17.037,0.80071,0.80077,1.50,5.65
2012.06.29 12:19:17.387,0.80066,0.80071,1.50,1.50
2012.06.29 12:19:18.067,0.80066,0.80072,1.50,1.50
2012.06.29 12:19:18.355,0.80058,0.80069,1.50,1.50
2012.06.29 12:19:18.639,0.80064,0.80073,1.13,1.50
2012.06.29 12:19:19.475,0.80064,0.80077,1.13,1.50
2012.06.29 12:19:19.573,0.80063,0.80081,1.88,1.50
2012.06.29 12:19:19.778,0.80061,0.80079,2.63,1.50
2012.06.29 12:19:20.545,0.80061,0.80078,1.13,1.50
2012.06.29 12:19:21.104,0.80061,0.80079,2.63,1.50
2012.06.29 12:19:21.625,0.80062,0.80078,1.88,1.50
2012.06.29 12:19:22.154,0.80061,0.80079,2.63,1.50
2012.06.29 12:19:22.735,0.80062,0.80078,1.88,1.50
2012.06.29 12:19:22.955,0.80063,0.8008,2.63,1.50
2012.06.29 12:19:23.095,0.80063,0.8008,2.63,1.50
2012.06.29 12:19:23.235,0.80063,0.8008,3.38,1.50
2012.06.29 12:19:23.483,0.80064,0.8008,1.13,1.50
2012.06.29 12:19:24.045,0.80062,0.80076,1.13,1.50
2012.06.29 12:19:24.114,0.80062,0.80076,1.13,1.50
2012.06.29 12:19:24.329,0.80062,0.80074,1.88,1.50
2012.06.29 12:19:24.406,0.80062,0.80076,1.88,1.50
2012.06.29 12:19:24.545,0.80059,0.80076,1.88,1.50
2012.06.29 12:19:25.094,0.8006,0.80076,1.13,1.50
2012.06.29 12:19:25.408,0.80062,0.80078,1.88,1.50
2012.06.29 12:19:26.031,0.80061,0.80077,3.38,1.50
2012.06.29 12:19:26.224,0.80061,0.80079,2.63,1.50
2012.06.29 12:19:26.736,0.80061,0.80076,1.13,1.50
2012.06.29 12:19:26.866,0.80061,0.80078,1.13,1.50
2012.06.29 12:19:27.627,0.80061,0.80076,1.13,1.50
2012.06.29 12:19:28.843,0.80062,0.80078,2.63,1.50
2012.06.29 12:19:29.706,0.80062,0.80077,1.13,1.50
2012.06.29 12:19:30.245,0.80062,0.80079,1.13,1.50
2012.06.29 12:19:31.907,0.80064,0.8008,2.25,1.50
2012.06.29 12:19:32.125,0.80065,0.80081,2.25,1.50
2012.06.29 12:19:32.193,0.80065,0.80083,2.25,1.50
2012.06.29 12:19:32.394,0.80065,0.80081,2.25,1.50
2012.06.29 12:19:32.746,0.80057,0.80072,1.28,1.50
2012.06.29 12:19:32.814,0.80057,0.80072,1.28,1.50
2012.06.29 12:19:33.340,0.8006,0.80071,5.25,1.50
2012.06.29 12:19:33.699,0.80068,0.80078,1.50,1.50
2012.06.29 12:19:33.845,0.80068,0.80081,1.13,1.50
2012.06.29 12:19:34.246,0.80068,0.80084,1.13,1.50
2012.06.29 12:19:34.753,0.80068,0.80083,1.13,1.50
2012.06.29 12:19:35.056,0.80068,0.80081,1.13,1.50
2012.06.29 12:19:35.205,0.80068,0.80083,1.13,1.50
2012.06.29 12:19:36.176,0.80068,0.80084,1.13,3.00
2012.06.29 12:19:36.774,0.80071,0.80086,1.13,1.50
2012.06.29 12:19:37.284,0.80071,0.80085,1.13,1.50
2012.06.29 12:19:37.836,0.80071,0.80084,1.13,1.50
2012.06.29 12:19:38.438,0.80071,0.80085,1.13,1.50
2012.06.29 12:19:39.327,0.80071,0.80087,2.63,1.50
2012.06.29 12:19:39.883,0.80072,0.80089,1.13,3.75
2012.06.29 12:19:39.982,0.80072,0.80087,1.13,1.50
2012.06.29 12:19:40.486,0.80072,0.80089,1.13,3.75
2012.06.29 12:19:41.030,0.80072,0.80088,1.13,1.50
2012.06.29 12:19:41.574,0.80071,0.80086,1.13,1.50
2012.06.29 12:19:42.335,0.80073,0.80089,1.50,5.25
2012.06.29 12:19:43.236,0.80071,0.80087,1.13,1.50
2012.06.29 12:19:43.454,0.80071,0.80089,2.63,3.75
2012.06.29 12:19:43.875,0.80073,0.80088,1.13,1.88
2012.06.29 12:19:44.226,0.80074,0.80085,1.50,1.50
2012.06.29 12:19:44.496,0.80073,0.80084,1.13,1.50
2012.06.29 12:19:44.876,0.80073,0.80087,1.88,1.50
2012.06.29 12:19:44.944,0.80073,0.80091,4.13,3.75
2012.06.29 12:19:45.147,0.80074,0.8009,1.50,2.25
2012.06.29 12:19:45.284,0.80074,0.80089,3.00,1.88
2012.06.29 12:19:45.356,0.80074,0.80089,1.50,1.50
2012.06.29 12:19:45.565,0.80072,0.80088,1.50,1.13
2012.06.29 12:19:45.704,0.80069,0.80087,2.63,1.88
2012.06.29 12:19:46.588,0.80069,0.80087,1.88,1.50
2012.06.29 12:19:46.796,0.80069,0.80087,2.25,3.75
2012.06.29 12:19:46.873,0.80069,0.80087,1.88,3.00
2012.06.29 12:19:46.947,0.80068,0.80084,3.38,1.50
2012.06.29 12:19:47.095,0.8007,0.80086,2.25,1.50
2012.06.29 12:19:47.625,0.80069,0.80087,2.63,1.88
2012.06.29 12:19:47.835,0.80069,0.80087,2.63,1.88
2012.06.29 12:19:48.176,0.80068,0.80083,1.13,1.50
2012.06.29 12:19:48.554,0.80066,0.80083,2.25,1.50
2012.06.29 12:19:48.886,0.80069,0.80083,6.75,1.50
2012.06.29 12:19:49.447,0.80069,0.80083,7.13,2.25
2012.06.29 12:19:49.538,0.80066,0.8008,1.50,1.13
2012.06.29 12:19:49.616,0.80066,0.8008,1.88,1.13
2012.06.29 12:19:49.975,0.80065,0.80079,1.50,1.88
2012.06.29 12:19:50.047,0.8006,0.80074,1.13,1.50
2012.06.29 12:19:50.127,0.80059,0.80077,2.63,1.50
2012.06.29 12:19:50.206,0.8006,0.80077,1.13,1.50
2012.06.29 12:19:50.606,0.80059,0.80077,1.88,1.50
2012.06.29 12:19:51.553,0.8006,0.80077,1.13,1.50
2012.06.29 12:19:52.788,0.8006,0.80076,2.63,1.50
2012.06.29 12:19:53.678,0.8006,0.80076,1.88,1.50
2012.06.29 12:19:54.193,0.80059,0.80077,2.63,1.50
2012.06.29 12:19:55.205,0.80059,0.80076,1.13,1.50
2012.06.29 12:19:55.997,0.80058,0.80075,1.13,1.50
2012.06.29 12:19:56.519,0.80059,0.80075,2.25,1.50
2012.06.29 12:19:56.599,0.80062,0.80078,1.50,1.50
2012.06.29 12:19:57.146,0.80061,0.80079,2.25,1.50
2012.06.29 12:19:57.676,0.8006,0.80077,2.25,1.50
2012.06.29 12:19:58.417,0.80061,0.80077,1.35,1.50
2012.06.29 12:19:58.704,0.80064,0.80082,2.25,4.50
2012.06.29 12:19:59.661,0.80063,0.80081,2.25,1.50
2012.06.29 12:19:59.803,0.80065,0.80081,5.25,1.50
2012.06.29 12:19:59.875,0.80065,0.80083,6.75,3.00
2012.06.29 12:20:00.015,0.80065,0.80079,4.50,1.50
2012.06.29 12:20:00.086,0.80063,0.80079,3.73,1.50
2012.06.29 12:20:00.306,0.80065,0.80079,4.50,1.50
2012.06.29 12:20:00.587,0.80066,0.80081,1.13,1.50
2012.06.29 12:20:00.956,0.80066,0.80083,1.13,1.50
2012.06.29 12:20:01.253,0.80067,0.80085,2.25,1.88
2012.06.29 12:20:02.065,0.80069,0.80085,1.50,1.88
2012.06.29 12:20:02.578,0.80067,0.80085,3.75,1.88
2012.06.29 12:20:03.185,0.80068,0.80086,3.00,1.50
2012.06.29 12:20:03.584,0.80071,0.80088,1.50,1.13
2012.06.29 12:20:03.915,0.80074,0.8009,1.50,2.48
2012.06.29 12:20:04.043,0.80072,0.80088,1.50,1.88
2012.06.29 12:20:04.439,0.80073,0.80088,1.50,1.88
2012.06.29 12:20:04.953,0.80077,0.80093,1.50,1.88
2012.06.29 12:20:05.475,0.80077,0.80093,2.25,1.88
2012.06.29 12:20:06.002,0.80077,0.80091,1.50,2.63
2012.06.29 12:20:06.515,0.80074,0.8009,2.25,1.88
2012.06.29 12:20:07.044,0.80077,0.80091,1.50,2.25
2012.06.29 12:20:07.116,0.80077,0.80093,1.50,1.50
2012.06.29 12:20:07.255,0.80077,0.80091,1.50,1.50
2012.06.29 12:20:07.838,0.80076,0.80093,1.50,1.50
2012.06.29 12:20:08.403,0.80076,0.80092,1.50,1.50
2012.06.29 12:20:08.935,0.80075,0.80093,3.00,1.50
2012.06.29 12:20:09.461,0.8008,0.80092,1.50,1.50
2012.06.29 12:20:09.606,0.8008,0.8009,1.50,1.50
2012.06.29 12:20:09.875,0.80077,0.8009,1.50,3.00
2012.06.29 12:20:10.212,0.80077,0.80088,1.50,1.50
2012.06.29 12:20:10.354,0.80077,0.80091,1.50,1.50
2012.06.29 12:20:10.715,0.80076,0.80092,2.25,4.50
2012.06.29 12:20:10.995,0.80075,0.80093,2.25,3.00
2012.06.29 12:20:11.583,0.80079,0.80091,1.50,1.50
2012.06.29 12:20:12.102,0.80079,0.80092,1.50,1.50
2012.06.29 12:20:13.787,0.80079,0.80095,1.50,3.75
2012.06.29 12:20:14.145,0.80083,0.80095,1.50,2.25
2012.06.29 12:20:14.494,0.80084,0.801,1.50,1.50
2012.06.29 12:20:14.693,0.80084,0.80099,1.50,1.50
2012.06.29 12:20:15.078,0.80089,0.80103,1.50,1.50
2012.06.29 12:20:15.300,0.80089,0.80106,1.50,2.25
2012.06.29 12:20:15.374,0.8009,0.80108,1.50,3.38
2012.06.29 12:20:15.786,0.8009,0.80106,3.00,2.25
2012.06.29 12:20:15.856,0.8009,0.80106,2.25,2.25
2012.06.29 12:20:16.431,0.80091,0.80106,1.50,2.25
2012.06.29 12:20:16.587,0.8009,0.80106,2.25,3.75
2012.06.29 12:20:16.734,0.8009,0.80108,3.00,2.63
2012.06.29 12:20:17.276,0.80092,0.80108,1.50,1.50
2012.06.29 12:20:17.597,0.80094,0.8011,3.00,1.50
2012.06.29 12:20:18.145,0.80094,0.80109,1.50,1.50
2012.06.29 12:20:18.484,0.80095,0.80113,2.25,3.75
2012.06.29 12:20:18.894,0.80094,0.80111,3.00,1.50
2012.06.29 12:20:19.414,0.801,0.80112,1.50,1.50
2012.06.29 12:20:19.978,0.80095,0.8011,1.50,1.50
2012.06.29 12:20:20.061,0.80095,0.80108,1.50,1.50
2012.06.29 12:20:20.601,0.80095,0.80109,1.50,1.50
2012.06.29 12:20:21.195,0.80095,0.8011,1.50,1.50
2012.06.29 12:20:21.754,0.80095,0.80111,3.00,3.00
2012.06.29 12:20:22.374,0.80095,0.80112,1.50,6.00
2012.06.29 12:20:22.965,0.80095,0.80111,1.50,1.50
2012.06.29 12:20:23.648,0.80093,0.80112,2.25,4.50
2012.06.29 12:20:24.182,0.80093,0.80111,1.50,1.50
2012.06.29 12:20:24.423,0.80093,0.80111,1.50,2.25
2012.06.29 12:20:24.863,0.80097,0.80111,2.25,1.50
2012.06.29 12:20:25.746,0.80095,0.80109,1.50,1.50
2012.06.29 12:20:26.332,0.80095,0.80111,1.50,3.00
2012.06.29 12:20:27.181,0.80095,0.80109,1.50,1.50
2012.06.29 12:20:27.694,0.80095,0.8011,1.50,1.50
2012.06.29 12:20:28.513,0.80095,0.80109,1.50,1.50
2012.06.29 12:20:29.027,0.80095,0.8011,1.50,3.00
2012.06.29 12:20:31.134,0.80095,0.80109,1.50,1.50
2012.06.29 12:20:31.362,0.80095,0.80111,1.50,3.75
2012.06.29 12:20:31.436,0.80095,0.80111,1.50,2.25
2012.06.29 12:20:31.653,0.80095,0.80113,1.50,1.88
2012.06.29 12:20:31.864,0.80095,0.80111,1.50,1.50
2012.06.29 12:20:31.934,0.80095,0.80111,2.25,2.25
2012.06.29 12:20:32.005,0.80094,0.80107,3.00,1.50
2012.06.29 12:20:32.465,0.80094,0.80109,1.50,1.50
2012.06.29 12:20:33.010,0.80094,0.80108,1.50,1.50
2012.06.29 12:20:33.156,0.80094,0.80106,1.50,1.50
2012.06.29 12:20:33.663,0.80094,0.80105,1.50,1.50
2012.06.29 12:20:33.924,0.80094,0.80107,1.50,1.50
2012.06.29 12:20:35.093,0.80094,0.8011,1.50,3.00
2012.06.29 12:20:35.882,0.80094,0.80109,1.50,1.50
2012.06.29 12:20:35.954,0.801,0.80109,1.50,1.50
2012.06.29 12:20:36.215,0.80096,0.80112,1.50,1.50
2012.06.29 12:20:36.284,0.80095,0.80112,1.50,3.00
2012.06.29 12:20:36.496,0.80095,0.80108,1.50,1.50
2012.06.29 12:20:36.823,0.80095,0.8011,1.50,2.25
2012.06.29 12:20:37.015,0.80095,0.80108,1.50,1.50
2012.06.29 12:20:38.124,0.80095,0.8011,1.50,2.25
2012.06.29 12:20:38.257,0.80095,0.80111,1.50,2.25
2012.06.29 12:20:38.394,0.80094,0.80112,3.00,1.50
2012.06.29 12:20:38.923,0.80095,0.80113,1.50,2.25
2012.06.29 12:20:39.426,0.80095,0.80111,1.50,1.50
2012.06.29 12:20:39.733,0.80095,0.80111,1.50,2.25
2012.06.29 12:20:41.214,0.80095,0.80108,1.50,1.50
2012.06.29 12:20:41.543,0.8009,0.80103,1.13,1.50
2012.06.29 12:20:41.615,0.80089,0.80103,1.50,1.50
2012.06.29 12:20:41.753,0.80089,0.80103,1.50,1.50
2012.06.29 12:20:42.604,0.80089,0.80105,1.50,1.50
2012.06.29 12:20:42.734,0.80089,0.80101,1.50,1.50
2012.06.29 12:20:43.243,0.80089,0.80102,1.50,1.50
2012.06.29 12:20:43.683,0.80089,0.80104,1.50,1.50
2012.06.29 12:20:45.342,0.80089,0.80103,1.50,1.50
2012.06.29 12:20:46.212,0.80089,0.80104,1.50,1.50
2012.06.29 12:20:47.153,0.80089,0.80103,1.50,1.50
2012.06.29 12:20:47.404,0.80089,0.80105,1.50,3.00
2012.06.29 12:20:48.245,0.80089,0.80103,1.50,1.50
2012.06.29 12:20:48.763,0.80089,0.80104,1.50,1.50
2012.06.29 12:20:49.963,0.80089,0.80103,1.50,1.50
2012.06.29 12:20:50.443,0.80089,0.80103,1.50,1.50
2012.06.29 12:20:50.584,0.8009,0.80106,1.50,1.50
2012.06.29 12:20:51.126,0.80089,0.80106,1.50,1.50
2012.06.29 12:20:51.198,0.80091,0.80106,1.50,1.50
2012.06.29 12:20:51.344,0.80095,0.80113,1.50,1.50
2012.06.29 12:20:51.535,0.80094,0.80113,1.50,3.38
2012.06.29 12:20:51.970,0.80094,0.80112,1.50,1.50
2012.06.29 12:20:52.294,0.80105,0.8011,1.50,1.50
2012.06.29 12:20:52.565,0.80105,0.80113,1.50,1.50
2012.06.29 12:20:52.634,0.80104,0.80109,1.50,1.50
2012.06.29 12:20:53.105,0.80102,0.80107,1.50,1.50
2012.06.29 12:20:53.314,0.80095,0.80107,1.50,3.00
2012.06.29 12:20:53.383,0.80095,0.80104,1.50,1.50
2012.06.29 12:20:53.715,0.80092,0.80106,1.50,1.50
2012.06.29 12:20:54.093,0.8009,0.80106,1.50,1.50
