2008.05.22 03:00:02.986,0.78265,0.78285,0.20,1.90
2008.05.22 03:00:03.071,0.78255,0.78285,0.20,4.80
2008.05.22 03:00:03.156,0.7825,0.7828,5.20,1.90
2008.05.22 03:00:03.241,0.7825,0.7828,4.80,9.10
2008.05.22 03:00:03.408,0.7825,0.78275,4.80,0.90
2008.05.22 03:00:03.610,0.7825,0.78275,9.10,0.90
2008.05.22 03:00:03.704,0.78265,0.78275,0.20,0.90
2008.05.22 03:00:03.853,0.78265,0.78285,0.20,1.90
2008.05.22 03:00:04.139,0.7825,0.78285,5.70,1.90
2008.05.22 03:00:04.369,0.7825,0.78285,4.80,1.90
2008.05.22 03:00:04.415,0.78245,0.78285,0.20,1.90
2008.05.22 03:00:04.615,0.78245,0.78285,3.00,1.90
2008.05.22 03:00:04.705,0.7825,0.78285,0.60,1.90
2008.05.22 03:00:04.971,0.7825,0.78285,5.20,1.90
2008.05.22 03:00:05.147,0.78255,0.78285,0.20,1.90
2008.05.22 03:00:05.503,0.78265,0.78285,0.20,1.90
2008.05.22 03:00:06.711,0.78255,0.78285,0.20,2.80
2008.05.22 03:00:06.837,0.78255,0.7828,0.20,0.90
2008.05.22 03:00:07.222,0.78245,0.7828,0.40,0.90
2008.05.22 03:00:07.601,0.78245,0.78285,3.20,1.90
2008.05.22 03:00:07.666,0.7825,0.78285,4.30,1.90
2008.05.22 03:00:07.816,0.78265,0.78285,0.20,1.90
2008.05.22 03:00:08.274,0.78255,0.78285,0.20,1.90
2008.05.22 03:00:11.107,0.7826,0.78295,1.90,2.80
2008.05.22 03:00:11.182,0.78265,0.78295,0.20,2.80
2008.05.22 03:00:11.402,0.78265,0.78295,0.20,1.90
2008.05.22 03:00:14.169,0.78275,0.78295,0.20,1.90
2008.05.22 03:00:15.115,0.78275,0.78305,0.20,1.90
2008.05.22 03:00:19.696,0.78275,0.78295,0.20,1.90
2008.05.22 03:00:23.664,0.78275,0.78305,0.20,1.90
2008.05.22 03:00:24.095,0.78285,0.78305,0.20,1.90
2008.05.22 03:00:31.658,0.78275,0.78295,0.20,1.90
2008.05.22 03:00:39.690,0.78265,0.78295,0.20,1.90
2008.05.22 03:00:39.818,0.78265,0.7829,0.20,0.90
2008.05.22 03:00:42.141,0.78265,0.78285,0.20,1.90
2008.05.22 03:00:42.635,0.78265,0.78295,0.20,1.90
2008.05.22 03:00:42.760,0.78275,0.78295,0.20,1.90
2008.05.22 03:00:47.234,0.78265,0.78295,0.20,1.90
2008.05.22 03:00:47.768,0.78275,0.78295,0.20,1.90
2008.05.22 03:00:51.157,0.78265,0.78295,0.20,1.90
2008.05.22 03:00:51.355,0.78265,0.7829,0.20,6.70
2008.05.22 03:00:51.800,0.78265,0.78295,0.20,1.90
2008.05.22 03:00:52.256,0.78265,0.7829,0.20,6.70
2008.05.22 03:00:52.346,0.78265,0.78285,0.20,1.90
2008.05.22 03:00:54.148,0.78265,0.78295,0.20,1.90
2008.05.22 03:00:59.749,0.78275,0.78295,0.20,1.90
2008.05.22 03:01:00.214,0.78275,0.78305,0.20,1.90
2008.05.22 03:01:01.146,0.78275,0.783,0.20,6.70
2008.05.22 03:01:01.171,0.7827,0.783,6.20,6.70
2008.05.22 03:01:01.256,0.7827,0.783,5.70,9.10
2008.05.22 03:01:01.279,0.7827,0.78295,5.70,0.90
2008.05.22 03:01:01.463,0.7827,0.7829,4.80,0.90
2008.05.22 03:01:01.650,0.78265,0.7829,0.20,0.90
2008.05.22 03:01:02.017,0.78255,0.7829,0.20,0.90
2008.05.22 03:01:02.202,0.7826,0.7829,0.60,0.90
2008.05.22 03:01:02.387,0.78275,0.78295,0.20,1.90
2008.05.22 03:01:04.208,0.78265,0.78295,0.20,1.90
2008.05.22 03:01:04.745,0.78275,0.78295,0.20,1.90
2008.05.22 03:01:08.184,0.78265,0.78295,0.20,1.90
2008.05.22 03:01:08.758,0.78275,0.78295,0.20,1.90
2008.05.22 03:01:10.758,0.78275,0.78305,0.20,1.90
2008.05.22 03:01:12.761,0.78275,0.78295,0.20,1.90
2008.05.22 03:01:16.429,0.78275,0.78305,0.20,1.90
2008.05.22 03:01:18.302,0.78275,0.783,0.20,0.90
2008.05.22 03:01:18.374,0.78275,0.783,0.20,1.90
2008.05.22 03:01:18.750,0.78275,0.78305,0.20,1.90
2008.05.22 03:01:19.256,0.78275,0.783,0.20,0.90
2008.05.22 03:01:19.320,0.7827,0.783,0.60,0.90
2008.05.22 03:01:19.391,0.7827,0.783,0.60,1.90
2008.05.22 03:01:22.183,0.7827,0.783,0.60,0.90
2008.05.22 03:01:22.202,0.7827,0.78305,0.60,0.90
2008.05.22 03:01:22.267,0.78275,0.78305,0.20,0.90
2008.05.22 03:01:22.283,0.78275,0.7831,0.20,2.80
2008.05.22 03:01:22.326,0.78275,0.7831,0.20,1.90
2008.05.22 03:01:22.389,0.78275,0.7831,0.20,2.80
2008.05.22 03:01:22.448,0.78275,0.7831,0.20,1.90
2008.05.22 03:01:27.328,0.78285,0.7831,0.20,0.90
2008.05.22 03:01:27.532,0.78285,0.78315,0.20,1.90
2008.05.22 03:01:27.951,0.78295,0.78325,0.20,1.90
2008.05.22 03:01:30.876,0.78295,0.7833,0.20,1.90
2008.05.22 03:01:32.833,0.78295,0.7833,0.20,2.40
2008.05.22 03:01:33.747,0.78295,0.7833,0.20,1.90
2008.05.22 03:01:33.863,0.78305,0.7833,0.20,0.90
2008.05.22 03:01:33.891,0.78305,0.78335,0.20,1.90
2008.05.22 03:01:34.899,0.78305,0.78345,0.20,3.30
2008.05.22 03:01:34.960,0.78305,0.78345,0.20,3.20
2008.05.22 03:01:35.147,0.78305,0.7834,0.20,0.90
2008.05.22 03:01:35.321,0.78305,0.7834,0.20,1.40
2008.05.22 03:01:40.125,0.78305,0.7832,0.20,0.40
2008.05.22 03:01:41.357,0.78305,0.78335,0.20,1.90
2008.05.22 03:01:46.300,0.78305,0.7834,0.20,0.90
2008.05.22 03:01:46.347,0.78305,0.78345,0.20,1.90
2008.05.22 03:01:46.816,0.78305,0.7835,3.00,4.30
2008.05.22 03:01:46.937,0.7831,0.7835,5.70,0.90
2008.05.22 03:01:47.031,0.7831,0.7835,10.50,0.90
2008.05.22 03:01:47.125,0.78315,0.7835,0.20,0.90
2008.05.22 03:01:47.219,0.78315,0.78355,0.20,4.20
2008.05.22 03:01:48.798,0.78325,0.78355,0.20,3.80
2008.05.22 03:01:48.892,0.78325,0.78355,0.20,2.80
2008.05.22 03:01:48.947,0.78325,0.78355,0.20,1.90
2008.05.22 03:01:51.242,0.7832,0.78355,0.60,1.90
2008.05.22 03:01:51.309,0.7832,0.78355,0.60,2.80
2008.05.22 03:01:51.817,0.78325,0.78355,0.20,2.80
2008.05.22 03:01:51.872,0.78325,0.78355,0.20,1.90
2008.05.22 03:01:53.524,0.7832,0.78355,0.60,1.90
2008.05.22 03:01:53.823,0.7834,0.7837,1.90,5.70
2008.05.22 03:01:53.873,0.7834,0.7837,1.90,4.80
2008.05.22 03:01:53.922,0.7834,0.7837,2.40,4.80
2008.05.22 03:01:54.021,0.7834,0.7838,7.20,2.80
2008.05.22 03:01:54.119,0.7834,0.7838,8.10,2.80
2008.05.22 03:01:54.313,0.7834,0.7838,9.10,2.80
2008.05.22 03:01:54.937,0.7834,0.7838,9.10,3.10
2008.05.22 03:01:55.051,0.7834,0.7838,9.10,0.60
2008.05.22 03:01:55.109,0.7834,0.7838,8.10,0.60
2008.05.22 03:01:55.372,0.7834,0.78385,8.10,4.80
2008.05.22 03:01:55.762,0.7834,0.78385,8.10,1.90
2008.05.22 03:01:55.989,0.7834,0.7838,8.10,2.80
2008.05.22 03:01:56.165,0.7834,0.7838,9.10,2.80
2008.05.22 03:01:56.399,0.7834,0.7838,9.10,3.30
2008.05.22 03:01:56.812,0.78345,0.7838,1.90,3.30
2008.05.22 03:01:56.873,0.78345,0.7838,2.00,3.30
2008.05.22 03:01:56.932,0.78345,0.78385,2.00,1.90
2008.05.22 03:01:56.994,0.7835,0.78385,0.60,1.90
2008.05.22 03:01:57.409,0.7835,0.7839,2.40,0.60
2008.05.22 03:01:57.659,0.7835,0.78395,3.30,1.90
2008.05.22 03:01:57.827,0.7835,0.78395,8.10,1.90
2008.05.22 03:01:59.230,0.7836,0.78395,0.60,1.90
2008.05.22 03:01:59.360,0.7836,0.78385,0.60,1.90
2008.05.22 03:02:07.412,0.7836,0.78395,0.60,1.90
2008.05.22 03:02:10.342,0.7836,0.78395,0.60,4.80
2008.05.22 03:02:10.455,0.7836,0.7839,0.60,4.20
2008.05.22 03:02:10.875,0.7836,0.7839,0.60,0.60
2008.05.22 03:02:12.283,0.7836,0.78385,0.60,1.90
2008.05.22 03:02:17.894,0.7836,0.78385,0.10,1.90
2008.05.22 03:02:17.928,0.7836,0.78395,0.10,1.90
2008.05.22 03:02:19.879,0.7836,0.7839,0.10,0.60
2008.05.22 03:02:20.288,0.78355,0.7838,0.20,0.20
2008.05.22 03:02:20.370,0.7836,0.7838,0.60,0.20
2008.05.22 03:02:20.874,0.7837,0.7838,0.60,0.20
2008.05.22 03:02:22.027,0.7837,0.7838,0.60,5.70
2008.05.22 03:02:22.057,0.78345,0.7838,2.00,5.70
2008.05.22 03:02:22.176,0.7834,0.7838,0.60,5.70
2008.05.22 03:02:22.344,0.7834,0.7838,3.30,1.40
2008.05.22 03:02:22.452,0.78345,0.7838,0.20,0.60
2008.05.22 03:02:24.362,0.7834,0.78365,0.90,0.40
2008.05.22 03:02:24.438,0.7834,0.7836,0.90,6.70
2008.05.22 03:02:24.537,0.7834,0.7836,0.90,12.40
2008.05.22 03:02:24.650,0.7834,0.7835,0.10,2.80
2008.05.22 03:02:24.736,0.7834,0.7835,0.10,3.70
2008.05.22 03:02:24.889,0.78335,0.7835,0.20,0.80
2008.05.22 03:02:25.021,0.78335,0.7836,0.20,4.80
2008.05.22 03:02:25.146,0.7834,0.7836,0.10,4.80
2008.05.22 03:02:25.270,0.7834,0.78375,0.10,1.90
2008.05.22 03:02:25.887,0.7834,0.7837,0.10,0.60
2008.05.22 03:02:26.088,0.78335,0.7837,0.20,0.60
2008.05.22 03:02:26.630,0.7833,0.7837,2.80,0.60
2008.05.22 03:02:28.213,0.78335,0.7837,1.90,0.60
2008.05.22 03:02:31.971,0.78335,0.78375,1.90,4.80
2008.05.22 03:02:32.020,0.78335,0.78375,1.90,1.90
2008.05.22 03:02:51.913,0.78335,0.78375,2.00,1.90
2008.05.22 03:02:51.975,0.7834,0.78375,0.60,1.90
2008.05.22 03:02:53.062,0.7834,0.78385,5.40,1.90
2008.05.22 03:02:53.213,0.7834,0.78385,6.30,1.90
2008.05.22 03:02:53.954,0.7835,0.78395,1.40,2.40
2008.05.22 03:02:54.109,0.7835,0.78395,2.40,2.20
2008.05.22 03:02:54.258,0.7835,0.78395,7.30,2.20
2008.05.22 03:02:54.408,0.7835,0.78395,7.30,1.90
2008.05.22 03:02:54.852,0.7835,0.78395,8.20,1.90
2008.05.22 03:02:57.206,0.7835,0.78395,8.10,1.90
2008.05.22 03:02:57.457,0.7835,0.78395,11.00,1.90
2008.05.22 03:02:57.956,0.78355,0.784,3.00,3.80
2008.05.22 03:02:58.042,0.7836,0.784,0.60,1.90
2008.05.22 03:02:58.121,0.7838,0.784,0.90,0.90
2008.05.22 03:02:58.357,0.78385,0.784,0.90,0.90
2008.05.22 03:02:58.437,0.78385,0.7841,0.90,3.40
2008.05.22 03:02:58.608,0.78385,0.78405,0.90,1.90
2008.05.22 03:02:58.702,0.7836,0.78405,5.20,1.90
2008.05.22 03:02:58.983,0.7836,0.78405,10.00,1.90
2008.05.22 03:02:59.355,0.7836,0.78405,12.00,1.90
2008.05.22 03:02:59.544,0.7836,0.78405,12.10,1.90
2008.05.22 03:02:59.901,0.7836,0.78405,11.10,1.90
2008.05.22 03:03:00.398,0.78365,0.78405,1.90,1.90
2008.05.22 03:03:00.906,0.7836,0.78405,8.20,1.90
2008.05.22 03:03:00.945,0.7836,0.784,4.90,0.60
2008.05.22 03:03:01.074,0.7836,0.784,0.10,0.60
2008.05.22 03:03:03.392,0.7836,0.78405,1.40,1.90
2008.05.22 03:03:03.561,0.7836,0.78405,2.40,1.90
2008.05.22 03:03:03.782,0.7836,0.78405,7.20,1.90
2008.05.22 03:03:04.922,0.7836,0.78405,10.00,1.90
2008.05.22 03:03:06.420,0.7836,0.78405,12.00,1.90
2008.05.22 03:03:07.424,0.7836,0.78405,9.10,1.90
2008.05.22 03:03:07.550,0.7836,0.784,4.90,0.60
2008.05.22 03:03:07.662,0.7836,0.784,0.10,0.60
2008.05.22 03:03:09.455,0.7836,0.78405,3.30,1.90
2008.05.22 03:03:09.595,0.7836,0.78405,4.30,1.90
2008.05.22 03:03:09.794,0.7836,0.78405,9.20,1.90
2008.05.22 03:03:10.477,0.7836,0.784,8.70,0.60
2008.05.22 03:03:10.665,0.7836,0.784,7.80,0.60
2008.05.22 03:03:10.759,0.7836,0.784,2.80,0.60
2008.05.22 03:03:13.077,0.7836,0.784,2.80,0.20
2008.05.22 03:03:13.974,0.78355,0.78395,2.00,1.90
2008.05.22 03:03:14.453,0.7836,0.78405,3.30,1.90
2008.05.22 03:03:14.685,0.7836,0.78405,8.10,1.90
2008.05.22 03:03:14.860,0.7836,0.78405,9.10,1.90
2008.05.22 03:03:14.919,0.7836,0.78405,8.60,1.90
2008.05.22 03:03:15.035,0.7836,0.784,5.70,0.20
2008.05.22 03:03:15.153,0.7836,0.784,4.80,0.20
2008.05.22 03:03:15.212,0.78355,0.784,2.00,0.20
2008.05.22 03:03:18.076,0.78355,0.784,2.00,0.60
2008.05.22 03:03:18.931,0.7836,0.78405,3.30,4.90
2008.05.22 03:03:18.960,0.7836,0.78405,3.30,2.00
2008.05.22 03:03:19.017,0.7836,0.78405,3.30,1.90
2008.05.22 03:03:19.248,0.7836,0.78405,8.20,1.90
2008.05.22 03:03:20.449,0.7837,0.78405,1.90,1.90
2008.05.22 03:03:20.549,0.7837,0.78415,3.30,2.20
2008.05.22 03:03:20.649,0.7837,0.78415,3.30,1.90
2008.05.22 03:03:20.846,0.7837,0.78415,8.20,1.90
2008.05.22 03:03:21.757,0.7837,0.78415,8.10,1.90
2008.05.22 03:03:22.516,0.7837,0.7841,4.80,0.60
2008.05.22 03:03:22.635,0.78365,0.7841,2.00,0.60
2008.05.22 03:03:22.990,0.78365,0.7841,2.00,3.30
2008.05.22 03:03:23.111,0.78365,0.7841,1.90,3.30
2008.05.22 03:03:25.413,0.78365,0.7841,1.90,4.30
2008.05.22 03:03:25.463,0.7836,0.78405,1.40,4.80
2008.05.22 03:03:25.514,0.7836,0.784,0.90,0.60
2008.05.22 03:03:25.588,0.78355,0.784,2.00,0.60
2008.05.22 03:03:30.425,0.78355,0.784,2.00,1.40
2008.05.22 03:03:30.496,0.78355,0.78395,2.00,1.90
2008.05.22 03:03:31.022,0.78355,0.78395,1.90,1.90
2008.05.22 03:03:33.757,0.7838,0.78395,0.60,1.90
2008.05.22 03:03:33.975,0.78355,0.78395,1.90,1.90
2008.05.22 03:03:35.439,0.78355,0.784,4.80,0.60
2008.05.22 03:03:35.529,0.7836,0.78405,0.60,2.20
2008.05.22 03:03:35.618,0.7836,0.78405,1.40,2.20
2008.05.22 03:03:35.893,0.7836,0.78405,2.40,2.20
2008.05.22 03:03:35.942,0.7836,0.78405,2.40,5.10
2008.05.22 03:03:36.041,0.7836,0.784,1.90,0.60
2008.05.22 03:03:36.089,0.7836,0.784,0.90,0.60
2008.05.22 03:03:36.138,0.7836,0.784,0.10,0.60
2008.05.22 03:03:38.498,0.7836,0.784,0.10,1.40
2008.05.22 03:03:38.562,0.7836,0.78395,0.10,1.90
2008.05.22 03:03:39.501,0.78355,0.78395,1.90,1.90
2008.05.22 03:03:41.560,0.7835,0.78395,1.90,5.10
2008.05.22 03:03:41.635,0.7835,0.7839,0.90,0.60
2008.05.22 03:03:41.650,0.7835,0.7839,0.10,0.60
2008.05.22 03:03:42.123,0.7835,0.78385,0.10,0.40
2008.05.22 03:03:42.551,0.7835,0.78385,2.40,0.40
2008.05.22 03:03:42.878,0.7835,0.78385,3.30,0.40
2008.05.22 03:03:42.958,0.7835,0.78385,6.20,0.40
2008.05.22 03:03:42.999,0.78355,0.78395,0.20,2.20
2008.05.22 03:03:45.499,0.78355,0.78395,4.90,0.40
2008.05.22 03:03:45.544,0.7836,0.78395,3.30,0.40
2008.05.22 03:03:45.889,0.7836,0.78395,4.30,0.40
2008.05.22 03:03:45.977,0.78365,0.78405,0.20,2.20
2008.05.22 03:03:47.042,0.7836,0.78385,4.80,0.40
2008.05.22 03:03:47.177,0.7836,0.78385,0.90,0.40
2008.05.22 03:03:47.251,0.78345,0.78385,2.00,0.40
2008.05.22 03:03:50.027,0.78345,0.78385,0.20,0.40
2008.05.22 03:03:50.136,0.78345,0.7838,0.20,0.60
2008.05.22 03:03:50.565,0.78345,0.78385,0.20,5.20
2008.05.22 03:03:50.635,0.78345,0.78385,0.20,2.40
2008.05.22 03:03:50.739,0.78345,0.78385,0.20,2.20
2008.05.22 03:03:51.004,0.78345,0.78385,0.20,1.90
2008.05.22 03:03:51.029,0.78345,0.78395,0.20,2.00
2008.05.22 03:03:51.167,0.78345,0.78395,0.20,1.90
2008.05.22 03:03:51.550,0.78345,0.78395,3.00,1.90
2008.05.22 03:03:51.685,0.7835,0.78395,0.70,1.90
2008.05.22 03:03:52.112,0.78355,0.78395,0.20,1.90
2008.05.22 03:03:55.471,0.78355,0.78395,0.20,4.80
2008.05.22 03:03:55.608,0.78355,0.7839,0.20,0.60
2008.05.22 03:03:57.507,0.78355,0.7839,0.20,1.40
2008.05.22 03:03:57.755,0.78355,0.78385,0.20,1.90
2008.05.22 03:04:06.775,0.78355,0.7838,0.20,0.90
2008.05.22 03:04:09.073,0.78355,0.78365,0.20,0.90
2008.05.22 03:04:09.142,0.7835,0.78355,0.10,0.40
2008.05.22 03:04:09.418,0.7831,0.78355,4.40,0.40
2008.05.22 03:04:09.557,0.7833,0.78365,8.80,1.00
2008.05.22 03:04:09.627,0.78345,0.7838,0.20,1.90
2008.05.22 03:04:09.899,0.78345,0.7838,0.20,0.90
2008.05.22 03:04:10.093,0.7833,0.7838,12.40,0.90
2008.05.22 03:04:10.219,0.7833,0.7838,0.90,0.90
2008.05.22 03:04:10.343,0.7832,0.7838,0.90,1.00
2008.05.22 03:04:12.576,0.7832,0.7838,0.90,7.80
2008.05.22 03:04:12.734,0.7832,0.7838,0.90,13.00
2008.05.22 03:04:13.046,0.78325,0.78375,2.80,0.40
2008.05.22 03:04:13.138,0.7833,0.78375,0.60,0.40
2008.05.22 03:04:13.351,0.7833,0.78375,1.40,0.40
2008.05.22 03:04:13.718,0.78335,0.78375,0.20,0.40
2008.05.22 03:04:15.089,0.78335,0.78375,0.20,2.20
2008.05.22 03:04:21.260,0.78335,0.78375,2.00,2.20
2008.05.22 03:04:23.113,0.78335,0.7837,2.00,2.40
2008.05.22 03:04:23.280,0.78335,0.7837,2.00,3.30
2008.05.22 03:04:23.436,0.78335,0.7837,2.00,4.30
2008.05.22 03:04:25.116,0.78335,0.7837,0.20,5.20
2008.05.22 03:04:25.271,0.78335,0.78365,0.20,1.90
2008.05.22 03:04:25.672,0.78335,0.7837,0.20,0.90
2008.05.22 03:04:25.969,0.78335,0.78375,0.20,2.20
2008.05.22 03:04:30.979,0.78345,0.78375,0.20,1.90
2008.05.22 03:04:35.677,0.78335,0.78375,2.00,2.20
2008.05.22 03:04:41.209,0.78335,0.78375,0.20,2.20
2008.05.22 03:04:41.323,0.7833,0.78375,0.90,2.20
2008.05.22 03:04:41.437,0.78325,0.78375,2.00,2.20
2008.05.22 03:04:50.629,0.78325,0.78375,4.90,2.20
2008.05.22 03:04:50.753,0.7833,0.78375,0.60,2.20
2008.05.22 03:04:50.863,0.7833,0.78375,1.40,2.20
2008.05.22 03:04:51.300,0.78335,0.78375,0.20,2.20
2008.05.22 03:04:51.641,0.78335,0.78365,0.20,0.90
2008.05.22 03:04:51.868,0.78335,0.7836,0.20,0.90
2008.05.22 03:04:52.222,0.78325,0.7836,2.00,0.90
2008.05.22 03:04:52.387,0.78325,0.78375,2.00,2.40
2008.05.22 03:04:52.883,0.78325,0.78375,2.00,2.20
2008.05.22 03:04:53.211,0.7833,0.78375,8.20,2.20
2008.05.22 03:04:53.345,0.7833,0.78375,9.20,2.20
2008.05.22 03:04:53.620,0.78345,0.78375,0.20,1.90
2008.05.22 03:04:55.150,0.78345,0.78375,0.20,2.80
2008.05.22 03:04:55.476,0.78345,0.7837,0.20,0.90
2008.05.22 03:04:55.646,0.7834,0.7837,1.90,0.90
2008.05.22 03:04:58.177,0.7835,0.7837,1.90,0.90
2008.05.22 03:04:58.412,0.7835,0.7838,1.90,1.90
2008.05.22 03:05:02.638,0.7835,0.7838,1.90,0.90
2008.05.22 03:05:02.689,0.78355,0.7838,0.20,0.90
2008.05.22 03:05:12.711,0.78345,0.7838,4.90,0.90
2008.05.22 03:05:12.780,0.78345,0.7838,2.00,0.90
2008.05.22 03:05:15.026,0.78345,0.78395,2.00,2.20
2008.05.22 03:05:16.155,0.78345,0.78395,0.20,2.20
2008.05.22 03:05:16.208,0.78345,0.78385,0.20,0.20
2008.05.22 03:05:16.222,0.7834,0.78365,0.90,0.40
2008.05.22 03:05:16.250,0.7834,0.78365,0.90,1.30
2008.05.22 03:05:16.361,0.7833,0.7836,1.90,0.90
2008.05.22 03:05:16.631,0.7834,0.7836,8.60,0.90
2008.05.22 03:05:16.659,0.7835,0.7836,1.90,0.90
2008.05.22 03:05:16.760,0.78355,0.7836,0.20,0.90
2008.05.22 03:05:16.861,0.78355,0.784,0.20,8.00
2008.05.22 03:05:17.232,0.7836,0.78395,2.80,0.40
2008.05.22 03:05:17.480,0.7836,0.78395,3.60,0.40
2008.05.22 03:05:17.728,0.7837,0.784,1.90,1.40
2008.05.22 03:05:22.671,0.78365,0.784,0.20,1.40
2008.05.22 03:05:22.761,0.78365,0.784,0.20,1.50
2008.05.22 03:05:22.971,0.78355,0.78395,0.20,0.40
2008.05.22 03:05:24.220,0.78355,0.78395,1.00,0.40
2008.05.22 03:05:25.468,0.78355,0.78395,0.20,0.40
2008.05.22 03:05:28.682,0.78355,0.78385,0.20,1.90
2008.05.22 03:05:28.933,0.78355,0.78385,1.00,1.90
2008.05.22 03:05:29.101,0.78355,0.78385,0.20,1.90
2008.05.22 03:05:29.188,0.78355,0.7839,0.20,0.40
2008.05.22 03:05:29.686,0.78355,0.78395,0.20,2.20
2008.05.22 03:05:29.770,0.78355,0.7839,0.20,0.90
2008.05.22 03:05:30.259,0.78355,0.7839,2.00,0.90
2008.05.22 03:05:30.356,0.78355,0.78395,2.00,2.20
2008.05.22 03:05:30.886,0.78355,0.7839,2.00,0.90
2008.05.22 03:05:32.825,0.78355,0.78395,2.00,2.20
2008.05.22 03:05:33.242,0.78355,0.78395,2.00,3.20
2008.05.22 03:05:33.337,0.78355,0.7839,2.00,0.90
2008.05.22 03:05:33.711,0.78355,0.7839,0.20,0.90
2008.05.22 03:05:33.819,0.78355,0.7839,0.20,1.40
2008.05.22 03:05:37.724,0.78355,0.78385,0.20,1.90
2008.05.22 03:05:37.815,0.78355,0.78385,0.20,2.80
2008.05.22 03:05:37.922,0.78355,0.7838,0.20,0.90
2008.05.22 03:05:38.185,0.78345,0.7838,2.00,0.90
2008.05.22 03:05:41.194,0.78345,0.78385,2.00,2.20
2008.05.22 03:05:44.223,0.7835,0.78385,2.40,0.40
2008.05.22 03:05:44.672,0.7835,0.78385,3.30,0.40
2008.05.22 03:05:44.741,0.78355,0.7839,0.20,0.90
2008.05.22 03:05:46.747,0.78355,0.78375,0.20,0.90
2008.05.22 03:05:46.798,0.7835,0.78375,3.30,1.30
2008.05.22 03:05:46.806,0.7835,0.78375,2.40,1.30
2008.05.22 03:05:46.905,0.7835,0.7837,1.40,0.90
2008.05.22 03:05:46.913,0.7834,0.7837,3.80,0.90
2008.05.22 03:05:47.116,0.7834,0.7837,2.80,0.90
2008.05.22 03:05:47.221,0.78335,0.7837,2.00,0.90
2008.05.22 03:05:47.326,0.78335,0.78375,2.00,0.90
2008.05.22 03:05:47.378,0.78335,0.78385,2.00,2.20
2008.05.22 03:05:47.779,0.7833,0.7838,0.90,4.80
2008.05.22 03:05:50.222,0.7833,0.7838,1.00,4.80
2008.05.22 03:05:50.316,0.7834,0.7838,0.60,4.80
2008.05.22 03:05:50.344,0.7834,0.7838,1.40,4.80
2008.05.22 03:05:50.712,0.7834,0.78385,1.40,2.20
2008.05.22 03:05:50.736,0.78345,0.78385,0.20,2.20
2008.05.22 03:05:52.748,0.78345,0.78385,0.20,3.20
2008.05.22 03:05:52.835,0.78345,0.7838,0.20,5.20
2008.05.22 03:05:52.910,0.78345,0.7838,0.20,6.20
2008.05.22 03:05:52.984,0.78345,0.7838,0.20,6.00
2008.05.22 03:05:57.942,0.78345,0.7838,0.20,6.20
2008.05.22 03:05:59.740,0.78345,0.7838,0.20,0.90
2008.05.22 03:05:59.853,0.78345,0.78385,0.20,2.20
2008.05.22 03:06:02.751,0.78345,0.7838,0.20,0.90
2008.05.22 03:06:05.738,0.78345,0.7838,0.20,7.20
2008.05.22 03:06:05.778,0.78345,0.78375,0.20,1.90
2008.05.22 03:06:05.861,0.78345,0.7837,0.20,0.90
2008.05.22 03:06:06.286,0.78335,0.7837,2.00,0.90
2008.05.22 03:06:09.218,0.78335,0.7837,0.20,0.90
2008.05.22 03:06:09.357,0.78335,0.7837,0.20,1.40
2008.05.22 03:06:11.225,0.78335,0.7837,0.20,0.90
2008.05.22 03:06:11.444,0.78335,0.78375,0.20,2.20
2008.05.22 03:06:11.811,0.7834,0.78375,3.30,0.40
2008.05.22 03:06:11.886,0.7834,0.78375,2.80,0.40
2008.05.22 03:06:12.357,0.78345,0.7838,0.20,1.40
2008.05.22 03:06:13.254,0.78345,0.7838,0.20,0.60
2008.05.22 03:06:13.289,0.78345,0.78385,0.20,6.10
2008.05.22 03:06:13.335,0.78345,0.78385,0.20,3.20
2008.05.22 03:06:13.664,0.78345,0.78385,0.20,2.20
2008.05.22 03:06:17.244,0.78345,0.7838,0.20,6.70
2008.05.22 03:06:17.320,0.7834,0.78375,4.80,0.40
2008.05.22 03:06:17.337,0.7834,0.78375,0.90,0.40
2008.05.22 03:06:17.362,0.78335,0.78375,0.20,0.40
2008.05.22 03:06:17.413,0.78335,0.78375,0.20,1.30
2008.05.22 03:06:17.580,0.78335,0.7837,0.20,0.90
2008.05.22 03:06:19.445,0.78335,0.78375,0.20,2.20
2008.05.22 03:06:24.311,0.78335,0.7837,0.20,0.90
2008.05.22 03:06:24.363,0.78335,0.7837,0.20,5.70
2008.05.22 03:06:25.533,0.78335,0.78365,0.20,1.90
2008.05.22 03:06:26.530,0.78335,0.78375,0.20,2.20
2008.05.22 03:06:27.816,0.78335,0.78375,2.00,2.20
2008.05.22 03:06:31.828,0.78335,0.78365,1.90,0.40
2008.05.22 03:06:32.008,0.78335,0.78365,1.90,1.30
2008.05.22 03:06:32.188,0.78325,0.7836,2.00,0.90
2008.05.22 03:06:38.459,0.78325,0.78365,2.00,2.20
2008.05.22 03:06:38.798,0.78325,0.78365,4.90,0.40
2008.05.22 03:06:38.844,0.7833,0.78365,0.60,0.40
2008.05.22 03:06:38.869,0.78335,0.7837,0.20,4.80
2008.05.22 03:06:38.950,0.78335,0.78375,0.20,2.20
2008.05.22 03:06:44.845,0.78335,0.7837,0.20,0.90
2008.05.22 03:06:44.896,0.78335,0.7836,0.20,0.90
2008.05.22 03:06:45.453,0.78325,0.7836,2.00,0.90
2008.05.22 03:06:46.401,0.78325,0.7836,0.20,1.40
2008.05.22 03:06:47.834,0.78325,0.78355,0.20,1.90
2008.05.22 03:06:47.934,0.7831,0.78355,5.20,2.20
2008.05.22 03:06:47.976,0.7831,0.78355,0.90,2.20
2008.05.22 03:06:48.175,0.78305,0.78355,2.00,2.20
2008.05.22 03:06:48.374,0.78305,0.78355,1.90,2.20
2008.05.22 03:06:48.441,0.783,0.78355,1.20,2.20
2008.05.22 03:06:48.871,0.783,0.78355,1.40,2.20
2008.05.22 03:06:49.908,0.78305,0.78355,0.90,2.20
2008.05.22 03:06:51.327,0.78305,0.78355,3.80,2.20
2008.05.22 03:06:51.353,0.7831,0.78355,0.60,2.20
2008.05.22 03:06:51.969,0.78315,0.78355,0.20,2.20
2008.05.22 03:06:53.379,0.78315,0.78355,2.00,2.20
2008.05.22 03:06:54.829,0.78315,0.78355,0.20,2.20
2008.05.22 03:06:54.898,0.7831,0.78355,0.60,2.20
2008.05.22 03:06:54.965,0.783,0.78355,0.90,2.20
2008.05.22 03:06:56.877,0.78305,0.78355,2.80,2.20
2008.05.22 03:06:56.902,0.7831,0.78355,0.20,2.20
2008.05.22 03:06:56.972,0.7831,0.78355,3.40,2.20
2008.05.22 03:06:56.995,0.7831,0.78355,3.30,2.20
2008.05.22 03:06:57.066,0.7831,0.78355,4.30,2.20
2008.05.22 03:06:57.113,0.7831,0.78355,5.20,2.20
2008.05.22 03:06:57.481,0.78325,0.78355,0.20,1.90
2008.05.22 03:06:58.952,0.78315,0.78355,0.20,2.20
2008.05.22 03:07:09.850,0.78315,0.78355,2.00,2.20
2008.05.22 03:07:09.890,0.78315,0.78355,2.00,1.90
2008.05.22 03:07:09.949,0.78315,0.7836,2.00,8.60
2008.05.22 03:07:10.013,0.78315,0.7836,2.00,0.90
2008.05.22 03:07:10.151,0.78315,0.78365,2.00,2.20
2008.05.22 03:07:13.430,0.78315,0.78365,2.00,6.10
2008.05.22 03:07:13.471,0.78315,0.7836,2.00,0.60
2008.05.22 03:07:13.545,0.78315,0.7836,2.00,5.20
2008.05.22 03:07:13.658,0.78315,0.7836,2.00,6.20
2008.05.22 03:07:13.907,0.78315,0.78355,2.00,0.40
2008.05.22 03:07:17.578,0.78315,0.7836,2.00,0.90
2008.05.22 03:07:17.677,0.78315,0.78365,2.00,2.20
2008.05.22 03:07:18.901,0.78315,0.7837,2.00,8.70
2008.05.22 03:07:18.968,0.78315,0.7837,2.00,5.80
2008.05.22 03:07:19.132,0.78315,0.7837,2.00,5.70
2008.05.22 03:07:19.165,0.7832,0.7837,0.90,4.80
2008.05.22 03:07:21.422,0.7833,0.78375,0.60,2.20
2008.05.22 03:07:22.012,0.78335,0.78375,0.20,2.20
2008.05.22 03:07:23.006,0.7833,0.78365,0.90,1.30
2008.05.22 03:07:23.131,0.78325,0.7836,2.00,0.90
2008.05.22 03:07:25.234,0.78325,0.78365,2.00,2.20
2008.05.22 03:07:25.877,0.78325,0.78355,0.20,2.80
2008.05.22 03:07:25.977,0.7832,0.78345,7.20,0.40
2008.05.22 03:07:26.011,0.7832,0.78345,0.90,0.40
2008.05.22 03:07:26.112,0.7831,0.78345,0.90,0.40
2008.05.22 03:07:26.450,0.78325,0.78345,0.80,0.40
2008.05.22 03:07:26.527,0.7834,0.7835,0.70,0.90
2008.05.22 03:07:26.602,0.7834,0.7837,0.60,4.90
2008.05.22 03:07:27.047,0.7834,0.7837,0.60,4.80
2008.05.22 03:07:27.207,0.7833,0.7837,0.90,4.80
2008.05.22 03:07:27.599,0.7831,0.78375,13.40,2.40
2008.05.22 03:07:27.773,0.7832,0.78375,0.90,2.40
2008.05.22 03:07:27.948,0.7832,0.7837,0.90,4.80
2008.05.22 03:07:28.136,0.78315,0.7837,1.00,4.90
2008.05.22 03:07:29.759,0.78345,0.7838,0.20,3.80
2008.05.22 03:07:31.500,0.78345,0.7838,0.20,3.40
2008.05.22 03:07:31.646,0.78345,0.7838,0.20,0.90
2008.05.22 03:07:32.031,0.78345,0.7838,0.20,3.80
2008.05.22 03:07:32.465,0.78345,0.7838,0.20,5.70
2008.05.22 03:07:33.270,0.78345,0.7838,0.20,6.10
2008.05.22 03:07:34.853,0.78335,0.7838,2.00,6.10
2008.05.22 03:07:36.588,0.78335,0.7838,2.00,6.20
2008.05.22 03:07:37.085,0.7834,0.7838,2.80,6.20
2008.05.22 03:07:37.191,0.7834,0.7838,3.80,1.40
2008.05.22 03:07:37.295,0.7834,0.7838,3.80,0.90
2008.05.22 03:07:37.504,0.7834,0.7838,2.80,0.90
2008.05.22 03:07:37.711,0.7834,0.7838,3.30,0.90
2008.05.22 03:07:38.965,0.78345,0.7838,1.90,0.90
2008.05.22 03:07:39.085,0.7835,0.7838,1.90,0.90
2008.05.22 03:07:39.195,0.7835,0.7839,1.90,1.40
2008.05.22 03:07:39.427,0.7835,0.7839,1.90,0.90
2008.05.22 03:07:39.537,0.7835,0.7839,1.90,1.40
2008.05.22 03:07:39.971,0.7835,0.7839,2.40,0.90
2008.05.22 03:07:40.080,0.7835,0.7839,1.90,1.40
2008.05.22 03:07:41.682,0.78355,0.7839,0.20,1.40
2008.05.22 03:07:42.448,0.78355,0.7839,0.20,0.90
2008.05.22 03:07:46.434,0.78355,0.7839,0.20,4.80
2008.05.22 03:07:46.521,0.78355,0.7839,0.20,17.40
2008.05.22 03:07:46.535,0.78345,0.78385,4.90,0.40
2008.05.22 03:07:46.598,0.78345,0.7838,4.90,0.90
2008.05.22 03:07:46.623,0.78345,0.7838,2.00,0.90
2008.05.22 03:07:50.459,0.78345,0.7838,0.20,0.90
2008.05.22 03:07:50.536,0.7834,0.78375,2.40,1.30
2008.05.22 03:07:50.613,0.7834,0.7837,2.40,0.90
2008.05.22 03:07:50.703,0.78335,0.7837,0.20,0.90
2008.05.22 03:07:52.676,0.78335,0.7837,0.20,0.30
2008.05.22 03:07:53.070,0.78335,0.7837,2.00,0.30
2008.05.22 03:07:53.170,0.78335,0.78375,2.00,2.20
2008.05.22 03:07:54.135,0.7834,0.78375,3.30,0.40
2008.05.22 03:07:54.415,0.78345,0.78385,0.20,3.20
2008.05.22 03:07:56.005,0.78345,0.78385,0.20,2.20
2008.05.22 03:07:56.084,0.78345,0.78385,2.00,2.20
2008.05.22 03:07:58.523,0.78345,0.78385,2.00,3.20
2008.05.22 03:07:58.612,0.78345,0.7838,2.00,0.90
2008.05.22 03:08:04.114,0.78345,0.78385,2.00,2.20
2008.05.22 03:08:06.448,0.78345,0.78385,2.00,3.20
2008.05.22 03:08:06.577,0.78345,0.7838,2.00,0.90
2008.05.22 03:08:08.406,0.78345,0.78385,2.00,4.20
2008.05.22 03:08:12.988,0.78345,0.78385,2.00,3.20
2008.05.22 03:08:13.016,0.78345,0.78385,2.00,2.20
2008.05.22 03:08:17.084,0.78345,0.78385,2.00,3.20
2008.05.22 03:08:17.120,0.78345,0.78385,2.00,4.20
2008.05.22 03:08:20.120,0.78345,0.78385,2.00,3.20
2008.05.22 03:08:20.150,0.78345,0.78385,2.00,2.20
2008.05.22 03:08:20.515,0.78345,0.78385,4.90,0.40
2008.05.22 03:08:20.652,0.78355,0.78395,0.20,2.20
2008.05.22 03:08:23.784,0.7837,0.78395,0.90,2.20
2008.05.22 03:08:25.562,0.7837,0.78395,0.90,3.20
2008.05.22 03:08:25.633,0.7837,0.78395,0.90,4.20
2008.05.22 03:08:29.079,0.7837,0.78385,0.90,0.40
2008.05.22 03:08:29.199,0.7837,0.78385,0.90,1.30
2008.05.22 03:08:29.317,0.78355,0.78385,0.90,2.20
2008.05.22 03:08:29.607,0.78355,0.78385,1.00,1.90
2008.05.22 03:08:29.666,0.78355,0.78385,0.20,1.90
2008.05.22 03:08:29.855,0.78355,0.78395,1.00,2.20
2008.05.22 03:08:32.046,0.78355,0.78395,3.00,2.20
2008.05.22 03:08:32.363,0.7836,0.78395,0.90,2.20
2008.05.22 03:08:38.648,0.7836,0.78395,6.20,0.40
2008.05.22 03:08:38.925,0.78365,0.78395,0.90,0.40
2008.05.22 03:08:39.202,0.78365,0.78405,1.00,4.20
2008.05.22 03:08:45.057,0.78365,0.78405,1.00,3.20
2008.05.22 03:08:45.126,0.78365,0.78405,1.00,2.20
2008.05.22 03:08:45.186,0.78365,0.78405,3.00,2.20
2008.05.22 03:08:45.586,0.78375,0.7841,0.40,0.60
2008.05.22 03:08:45.610,0.78375,0.7842,0.40,8.60
2008.05.22 03:08:45.704,0.78375,0.78425,0.40,2.20
2008.05.22 03:08:46.579,0.78375,0.78425,0.20,2.20
2008.05.22 03:08:47.044,0.78375,0.78425,3.00,2.20
2008.05.22 03:08:47.138,0.7838,0.78425,7.30,2.20
2008.05.22 03:08:47.233,0.7838,0.78425,7.20,2.20
2008.05.22 03:08:47.345,0.7838,0.78425,8.10,2.20
2008.05.22 03:08:47.598,0.7838,0.78425,7.20,2.20
2008.05.22 03:08:47.627,0.78385,0.78425,0.20,2.20
2008.05.22 03:08:50.647,0.784,0.78425,2.40,0.40
2008.05.22 03:08:50.696,0.78405,0.7843,0.20,0.80
2008.05.22 03:08:54.110,0.78395,0.7843,0.20,0.80
2008.05.22 03:08:55.034,0.7841,0.7843,2.40,0.80
2008.05.22 03:08:55.149,0.7841,0.78445,3.30,2.40
2008.05.22 03:08:55.276,0.7841,0.78445,3.30,2.20
2008.05.22 03:08:55.578,0.7841,0.78445,2.40,2.20
2008.05.22 03:08:55.656,0.78415,0.78445,0.20,1.90
2008.05.22 03:08:56.634,0.784,0.78425,0.90,0.40
2008.05.22 03:08:56.873,0.7839,0.78425,2.80,0.40
2008.05.22 03:08:57.188,0.78395,0.7843,0.20,1.20
2008.05.22 03:08:57.267,0.78395,0.78435,0.20,1.90
2008.05.22 03:08:58.141,0.78395,0.78435,0.20,2.20
2008.05.22 03:09:00.062,0.78395,0.78435,3.00,2.20
2008.05.22 03:09:00.127,0.784,0.78435,2.40,2.20
2008.05.22 03:09:00.632,0.78395,0.78435,0.20,2.20
2008.05.22 03:09:00.695,0.78395,0.78435,2.00,2.20
2008.05.22 03:09:06.112,0.78395,0.7843,2.00,6.70
2008.05.22 03:09:06.151,0.78395,0.78425,2.00,1.90
2008.05.22 03:09:07.587,0.78395,0.78415,0.20,1.90
2008.05.22 03:09:07.685,0.7838,0.78415,0.90,1.90
2008.05.22 03:09:07.853,0.78375,0.78415,0.20,1.90
2008.05.22 03:09:08.624,0.784,0.78435,4.00,2.00
2008.05.22 03:09:08.850,0.78405,0.78435,0.20,1.90
2008.05.22 03:09:10.229,0.784,0.78435,1.90,2.20
2008.05.22 03:09:10.288,0.784,0.78435,0.90,2.20
2008.05.22 03:09:10.385,0.78395,0.78435,0.20,2.20
2008.05.22 03:09:10.629,0.7839,0.78435,3.80,2.20
2008.05.22 03:09:10.679,0.7839,0.7843,0.90,6.70
2008.05.22 03:09:10.919,0.7838,0.7843,0.90,6.70
2008.05.22 03:09:11.112,0.7838,0.7843,1.00,6.70
2008.05.22 03:09:11.208,0.7838,0.7843,4.40,6.70
2008.05.22 03:09:11.354,0.7838,0.7843,4.30,6.70
2008.05.22 03:09:11.591,0.7838,0.7843,0.90,6.70
2008.05.22 03:09:11.654,0.7838,0.78425,0.90,1.90
2008.05.22 03:09:14.094,0.7838,0.7841,0.90,6.70
2008.05.22 03:09:14.368,0.78375,0.7841,0.20,6.70
2008.05.22 03:09:14.595,0.78385,0.7841,0.20,6.70
2008.05.22 03:09:14.649,0.78385,0.78415,0.20,1.90
2008.05.22 03:09:15.296,0.78385,0.78425,0.20,2.20
2008.05.22 03:09:15.446,0.7838,0.78425,0.90,1.90
2008.05.22 03:09:18.140,0.7838,0.78425,3.90,1.90
2008.05.22 03:09:18.228,0.7838,0.78425,4.40,1.90
2008.05.22 03:09:18.613,0.78385,0.78425,0.20,1.90
2008.05.22 03:09:19.288,0.78385,0.78425,0.20,2.20
2008.05.22 03:09:22.355,0.78385,0.78415,0.20,1.90
2008.05.22 03:09:24.637,0.7839,0.78425,0.20,2.20
2008.05.22 03:09:24.702,0.78395,0.78425,0.20,1.90
2008.05.22 03:09:42.255,0.78395,0.78415,0.20,1.90
2008.05.22 03:09:42.684,0.78385,0.78415,0.20,1.90
2008.05.22 03:09:50.604,0.78385,0.78405,0.20,1.90
2008.05.22 03:09:50.678,0.78375,0.78405,0.20,1.90
2008.05.22 03:09:55.220,0.78365,0.78395,0.20,1.90
2008.05.22 03:09:59.137,0.78365,0.78395,1.00,1.90
2008.05.22 03:10:13.341,0.78365,0.78395,0.20,1.90
2008.05.22 03:10:14.787,0.7836,0.78395,0.90,1.90
2008.05.22 03:10:21.222,0.7836,0.78395,0.90,2.20
2008.05.22 03:10:22.311,0.78355,0.7839,1.00,6.70
2008.05.22 03:10:22.388,0.78355,0.7839,1.00,7.20
2008.05.22 03:10:22.458,0.78355,0.78385,1.00,1.90
2008.05.22 03:10:23.258,0.78355,0.78375,0.90,0.40
2008.05.22 03:10:23.380,0.78335,0.78375,0.20,0.40
2008.05.22 03:10:24.412,0.78325,0.78365,0.20,0.40
2008.05.22 03:10:25.341,0.78325,0.78365,0.20,2.20
2008.05.22 03:10:26.215,0.78325,0.78365,0.40,2.20
2008.05.22 03:10:26.282,0.7833,0.78365,3.30,2.20
2008.05.22 03:10:26.625,0.7833,0.78365,4.30,2.20
2008.05.22 03:10:26.780,0.78335,0.78365,0.20,1.90
2008.05.22 03:10:27.308,0.7834,0.78375,0.60,2.20
2008.05.22 03:10:27.442,0.78345,0.78375,0.20,1.90
2008.05.22 03:10:34.337,0.7834,0.78375,5.20,2.20
2008.05.22 03:10:34.426,0.7834,0.78375,1.90,2.20
2008.05.22 03:10:34.502,0.7834,0.78375,0.90,2.20
2008.05.22 03:10:34.543,0.78335,0.78375,0.20,2.20
2008.05.22 03:10:36.842,0.78335,0.7837,0.20,0.30
2008.05.22 03:10:42.817,0.78335,0.78365,0.20,1.90
2008.05.22 03:10:47.887,0.78325,0.78365,0.20,2.20
2008.05.22 03:10:47.975,0.7833,0.78365,1.90,2.20
2008.05.22 03:10:48.790,0.78325,0.78365,0.20,5.10
2008.05.22 03:10:48.834,0.78325,0.7836,0.20,0.30
2008.05.22 03:10:52.460,0.78325,0.78355,0.20,1.90
2008.05.22 03:10:53.339,0.78325,0.78365,0.20,2.20
2008.05.22 03:10:53.781,0.7833,0.78365,1.90,2.20
2008.05.22 03:10:58.317,0.7833,0.7836,1.90,0.90
2008.05.22 03:10:58.358,0.7833,0.7836,1.90,1.40
2008.05.22 03:10:59.854,0.7833,0.78355,1.90,1.90
2008.05.22 03:11:01.322,0.7833,0.7836,1.90,1.40
2008.05.22 03:11:01.397,0.7833,0.78365,1.90,2.20
2008.05.22 03:11:03.390,0.78335,0.78365,0.20,1.90
2008.05.22 03:11:10.915,0.7833,0.78365,1.90,2.20
2008.05.22 03:11:11.010,0.78325,0.78365,2.00,2.20
2008.05.22 03:11:20.889,0.78325,0.7836,2.00,0.60
2008.05.22 03:11:20.941,0.78325,0.7836,0.20,0.60
2008.05.22 03:11:22.508,0.78325,0.78355,0.20,1.90
2008.05.22 03:11:23.959,0.78325,0.78365,0.20,2.20
2008.05.22 03:11:27.867,0.78325,0.78365,2.00,2.20
2008.05.22 03:11:40.957,0.78325,0.78355,1.90,0.40
2008.05.22 03:11:41.005,0.7832,0.78355,0.90,0.40
2008.05.22 03:11:41.130,0.78315,0.78355,2.00,0.40
2008.05.22 03:11:44.914,0.78325,0.78365,0.20,2.20
2008.05.22 03:11:47.428,0.7831,0.78345,1.00,0.40
2008.05.22 03:11:47.498,0.7831,0.78345,0.90,0.40
2008.05.22 03:11:47.636,0.78305,0.78345,2.00,0.40
2008.05.22 03:11:50.394,0.7831,0.78345,0.60,0.40
2008.05.22 03:11:50.432,0.78315,0.7835,0.20,3.80
2008.05.22 03:11:50.487,0.78315,0.78355,0.20,2.20
2008.05.22 03:11:50.879,0.78315,0.78355,0.20,0.40
2008.05.22 03:11:50.898,0.78315,0.7836,0.20,3.30
2008.05.22 03:11:50.936,0.78315,0.78365,0.20,2.40
2008.05.22 03:11:50.972,0.78315,0.78365,0.20,2.20
2008.05.22 03:11:52.034,0.7834,0.78365,0.90,2.20
2008.05.22 03:11:54.660,0.78325,0.78365,0.20,2.20
2008.05.22 03:11:54.881,0.78335,0.78365,0.90,2.20
2008.05.22 03:11:54.956,0.78335,0.7836,0.90,0.60
2008.05.22 03:11:56.391,0.78335,0.78365,0.90,5.10
2008.05.22 03:11:56.506,0.78335,0.78365,0.90,2.20
2008.05.22 03:11:59.896,0.78335,0.78345,0.90,0.40
2008.05.22 03:12:00.107,0.7832,0.78345,0.80,0.40
2008.05.22 03:12:00.442,0.7832,0.7835,0.80,4.30
2008.05.22 03:12:00.476,0.78315,0.78355,1.00,0.40
2008.05.22 03:12:00.609,0.78315,0.78355,0.20,0.40
2008.05.22 03:12:00.644,0.78315,0.78355,0.20,2.20
2008.05.22 03:12:01.591,0.78315,0.7835,0.20,0.60
2008.05.22 03:12:04.485,0.78315,0.78355,0.20,2.20
2008.05.22 03:12:07.482,0.78315,0.7835,0.20,0.60
2008.05.22 03:12:16.020,0.78315,0.78355,0.20,5.10
2008.05.22 03:12:16.130,0.78315,0.7835,0.20,0.60
2008.05.22 03:12:16.478,0.78315,0.78355,0.20,2.20
2008.05.22 03:12:16.528,0.78315,0.78355,0.20,5.10
2008.05.22 03:12:16.624,0.78315,0.7835,0.20,0.60
2008.05.22 03:12:22.482,0.78315,0.7835,2.00,0.60
2008.05.22 03:12:22.704,0.78315,0.7835,0.20,0.60
2008.05.22 03:12:26.519,0.78315,0.78345,0.20,1.90
2008.05.22 03:12:26.594,0.78315,0.78345,0.20,2.80
2008.05.22 03:12:26.986,0.78305,0.78345,2.00,3.20
2008.05.22 03:12:28.089,0.78305,0.78345,2.00,2.20
2008.05.22 03:12:40.173,0.78305,0.78345,2.00,3.20
2008.05.22 03:12:44.542,0.78295,0.78335,3.00,0.40
2008.05.22 03:12:44.611,0.78295,0.78335,2.00,0.40
2008.05.22 03:12:46.170,0.78295,0.78335,2.00,1.30
2008.05.22 03:12:49.517,0.78295,0.78335,4.90,3.20
2008.05.22 03:12:49.595,0.783,0.78335,0.60,2.20
2008.05.22 03:12:53.549,0.78295,0.78335,2.00,2.20
2008.05.22 03:12:55.597,0.783,0.78335,0.60,2.20
2008.05.22 03:12:56.668,0.78295,0.78335,2.00,2.20
2008.05.22 03:13:26.882,0.78295,0.78335,2.00,3.20
2008.05.22 03:13:27.053,0.78295,0.78335,2.00,6.10
2008.05.22 03:13:27.160,0.78295,0.7833,0.20,0.60
2008.05.22 03:13:30.649,0.78295,0.78335,0.20,2.20
2008.05.22 03:13:31.040,0.78295,0.78335,0.40,2.20
2008.05.22 03:13:31.065,0.783,0.78335,1.40,2.20
2008.05.22 03:13:31.135,0.783,0.78335,1.40,0.40
2008.05.22 03:13:31.663,0.78305,0.78345,0.20,3.20
2008.05.22 03:13:33.285,0.78305,0.78345,2.00,3.20
2008.05.22 03:13:36.058,0.78305,0.78335,1.90,0.40
2008.05.22 03:13:36.187,0.78295,0.78335,2.00,0.40
2008.05.22 03:13:36.318,0.78295,0.78335,2.00,1.30
2008.05.22 03:13:37.057,0.78295,0.78335,2.20,1.30
2008.05.22 03:13:37.101,0.783,0.78335,1.40,1.30
2008.05.22 03:13:37.166,0.78305,0.78335,0.20,0.90
2008.05.22 03:13:37.357,0.78305,0.78345,0.20,3.20
2008.05.22 03:13:39.653,0.78305,0.78345,0.20,6.10
2008.05.22 03:13:39.740,0.78305,0.7834,0.20,0.60
2008.05.22 03:13:49.744,0.78305,0.78335,0.20,2.80
2008.05.22 03:13:49.893,0.78305,0.78335,0.20,3.80
2008.05.22 03:13:50.333,0.78295,0.78335,2.00,4.20
2008.05.22 03:13:55.586,0.78295,0.78335,2.00,3.20
2008.05.22 03:13:55.883,0.78295,0.78335,2.00,2.20
2008.05.22 03:14:04.138,0.783,0.78335,0.90,2.20
2008.05.22 03:14:04.209,0.783,0.78335,0.90,0.40
2008.05.22 03:14:04.270,0.783,0.78335,2.40,0.40
2008.05.22 03:14:04.763,0.78305,0.78345,0.20,4.20
2008.05.22 03:14:05.295,0.78305,0.7834,0.20,0.60
2008.05.22 03:14:08.999,0.78305,0.78345,2.00,2.20
2008.05.22 03:14:11.222,0.7831,0.78345,3.30,2.20
2008.05.22 03:14:11.301,0.7831,0.78345,3.30,0.40
2008.05.22 03:14:11.766,0.78315,0.7835,0.20,0.90
2008.05.22 03:14:13.173,0.78315,0.7835,0.20,1.40
2008.05.22 03:14:13.879,0.78315,0.7835,0.20,0.90
2008.05.22 03:14:14.073,0.78315,0.78355,0.20,2.20
2008.05.22 03:14:16.180,0.78315,0.7835,0.20,0.60
2008.05.22 03:14:16.421,0.78315,0.7835,0.20,1.40
2008.05.22 03:14:22.494,0.78315,0.78345,0.20,1.90
2008.05.22 03:14:25.653,0.78315,0.78345,0.20,2.80
2008.05.22 03:14:25.798,0.78315,0.7834,0.20,0.90
2008.05.22 03:14:26.245,0.78305,0.7834,2.00,0.90
2008.05.22 03:14:31.386,0.78305,0.78345,2.00,2.20
2008.05.22 03:14:36.729,0.78305,0.78345,2.20,2.20
2008.05.22 03:14:36.743,0.78315,0.78345,0.20,1.90
2008.05.22 03:14:36.782,0.78315,0.7835,0.20,0.90
2008.05.22 03:14:36.898,0.78315,0.78355,0.20,2.20
2008.05.22 03:14:39.794,0.78315,0.78355,0.20,5.10
2008.05.22 03:14:39.888,0.78315,0.7835,0.20,1.40
2008.05.22 03:14:41.241,0.78315,0.7835,0.20,2.40
2008.05.22 03:14:45.883,0.78315,0.7835,0.20,1.90
2008.05.22 03:14:48.688,0.78315,0.7835,2.00,1.90
2008.05.22 03:14:48.795,0.78315,0.78355,2.00,2.20
2008.05.22 03:14:51.762,0.78315,0.7835,2.00,0.70
2008.05.22 03:14:51.918,0.78315,0.7835,2.00,1.30
2008.05.22 03:14:58.260,0.78315,0.7835,2.00,1.80
2008.05.22 03:14:58.370,0.78315,0.7835,0.20,1.40
2008.05.22 03:14:58.751,0.78315,0.7834,0.20,0.70
2008.05.22 03:14:58.790,0.78315,0.7834,0.20,1.30
2008.05.22 03:14:59.311,0.78305,0.7834,2.00,1.30
2008.05.22 03:15:02.301,0.78315,0.7834,0.20,1.30
2008.05.22 03:15:02.387,0.78315,0.7834,0.20,0.60
2008.05.22 03:15:02.643,0.78315,0.78345,0.20,1.30
2008.05.22 03:15:04.359,0.78315,0.78345,0.20,0.70
2008.05.22 03:15:04.445,0.78315,0.7835,0.20,1.30
2008.05.22 03:15:04.806,0.78315,0.7835,0.20,1.80
2008.05.22 03:15:05.324,0.78315,0.78355,0.20,2.20
2008.05.22 03:15:08.301,0.78315,0.78355,2.00,2.20
2008.05.22 03:15:12.697,0.78325,0.78355,0.90,2.20
2008.05.22 03:15:25.858,0.78325,0.78355,0.90,0.40
2008.05.22 03:15:26.042,0.78325,0.78365,1.00,2.20
2008.05.22 03:15:26.410,0.78325,0.7838,1.30,0.20
2008.05.22 03:15:26.596,0.78325,0.78395,1.30,2.40
2008.05.22 03:15:26.869,0.78325,0.78395,1.30,0.20
2008.05.22 03:15:26.959,0.78325,0.784,1.00,0.60
2008.05.22 03:15:27.136,0.78335,0.7841,0.90,1.00
2008.05.22 03:15:28.859,0.78335,0.7841,0.90,13.50
2008.05.22 03:15:29.110,0.78335,0.78405,0.90,0.20
2008.05.22 03:15:29.360,0.78335,0.78405,0.90,0.70
2008.05.22 03:15:33.381,0.78335,0.78405,0.90,0.20
2008.05.22 03:15:33.465,0.78335,0.7841,0.90,0.90
2008.05.22 03:15:35.399,0.78335,0.7841,1.00,1.00
2008.05.22 03:15:35.871,0.78335,0.7841,1.00,8.10
2008.05.22 03:15:35.939,0.78335,0.784,1.00,0.20
2008.05.22 03:15:36.283,0.7834,0.784,0.20,0.20
2008.05.22 03:15:36.850,0.78335,0.784,3.00,0.20
2008.05.22 03:15:36.879,0.78335,0.784,3.00,12.00
2008.05.22 03:15:37.179,0.78335,0.784,3.00,12.40
2008.05.22 03:15:37.289,0.78335,0.784,2.80,12.00
2008.05.22 03:15:37.398,0.78335,0.7838,2.80,5.00
2008.05.22 03:15:37.616,0.78335,0.7838,1.90,5.50
2008.05.22 03:15:37.847,0.78335,0.7838,1.90,5.00
2008.05.22 03:15:37.946,0.78335,0.7838,2.00,5.00
2008.05.22 03:15:38.055,0.78335,0.78395,2.00,2.20
2008.05.22 03:15:38.165,0.78335,0.78395,3.00,2.20
2008.05.22 03:15:38.373,0.78335,0.7839,3.00,11.70
2008.05.22 03:15:38.477,0.78335,0.7839,2.80,11.70
2008.05.22 03:15:38.684,0.78335,0.7839,1.90,11.70
2008.05.22 03:15:38.890,0.78335,0.78385,1.90,0.40
2008.05.22 03:15:41.429,0.78335,0.7838,1.90,11.50
2008.05.22 03:15:41.447,0.78335,0.7838,1.90,11.60
2008.05.22 03:15:41.487,0.78325,0.7838,3.00,11.60
2008.05.22 03:15:41.509,0.78325,0.7838,3.00,12.10
2008.05.22 03:15:41.986,0.78325,0.78375,3.00,0.40
2008.05.22 03:15:43.937,0.7834,0.78375,2.40,0.40
2008.05.22 03:15:44.462,0.78345,0.7838,0.20,0.20
2008.05.22 03:15:45.874,0.7834,0.78365,2.40,0.40
2008.05.22 03:15:45.918,0.7834,0.78365,0.90,0.40
2008.05.22 03:15:46.016,0.78325,0.78365,3.00,0.40
2008.05.22 03:15:47.363,0.78325,0.7837,3.00,0.60
2008.05.22 03:15:47.427,0.78325,0.78375,3.00,2.20
2008.05.22 03:15:49.321,0.78325,0.78375,3.00,1.90
2008.05.22 03:15:49.431,0.78325,0.7838,3.00,5.40
2008.05.22 03:15:49.540,0.78325,0.78385,3.00,2.40
2008.05.22 03:15:49.972,0.78325,0.78385,3.20,2.20
2008.05.22 03:15:50.355,0.78335,0.78385,2.80,2.20
2008.05.22 03:15:50.471,0.7834,0.78385,0.60,2.20
2008.05.22 03:15:50.947,0.78345,0.78385,0.20,2.20
2008.05.22 03:15:51.917,0.78345,0.7838,0.20,0.60
2008.05.22 03:15:52.366,0.78345,0.7838,3.00,0.60
2008.05.22 03:15:52.423,0.7835,0.7838,0.90,0.60
2008.05.22 03:15:52.480,0.78355,0.7838,0.20,0.60
2008.05.22 03:15:52.532,0.78355,0.7839,0.20,0.60
2008.05.22 03:15:53.643,0.78355,0.78395,0.20,2.20
2008.05.22 03:15:54.872,0.78355,0.78395,4.90,0.40
2008.05.22 03:15:54.934,0.7836,0.78395,1.90,0.40
2008.05.22 03:15:54.985,0.7836,0.78395,3.30,0.40
2008.05.22 03:15:55.463,0.78365,0.78405,0.20,3.20
2008.05.22 03:15:56.375,0.78365,0.78395,0.20,1.90
2008.05.22 03:15:56.500,0.78355,0.78395,1.00,2.20
2008.05.22 03:15:56.561,0.78355,0.78395,0.20,2.20
2008.05.22 03:15:56.850,0.78355,0.7839,0.20,6.70
2008.05.22 03:15:58.322,0.78355,0.78385,0.20,1.90
2008.05.22 03:16:00.913,0.78355,0.78395,3.00,3.20
2008.05.22 03:16:00.946,0.78365,0.78395,0.20,2.80
2008.05.22 03:16:01.146,0.78365,0.78395,0.20,1.90
2008.05.22 03:16:11.882,0.78365,0.78395,3.00,1.90
2008.05.22 03:16:11.987,0.78365,0.78405,3.00,2.20
2008.05.22 03:16:12.039,0.78375,0.78405,0.20,1.90
2008.05.22 03:16:12.420,0.78375,0.78415,0.20,2.20
2008.05.22 03:16:12.658,0.78375,0.78415,0.20,1.90
2008.05.22 03:16:14.043,0.78365,0.78415,1.30,1.90
2008.05.22 03:16:14.348,0.78365,0.78415,1.00,1.90
2008.05.22 03:16:14.422,0.78365,0.78415,0.90,1.90
2008.05.22 03:16:14.657,0.7836,0.78415,0.20,1.90
2008.05.22 03:16:15.050,0.78355,0.78415,1.30,1.90
2008.05.22 03:16:18.449,0.78355,0.784,1.00,6.70
2008.05.22 03:16:18.569,0.78355,0.784,0.20,6.70
2008.05.22 03:16:18.927,0.78355,0.78395,0.20,0.40
2008.05.22 03:16:22.567,0.78355,0.78385,0.20,1.90
2008.05.22 03:16:48.561,0.78355,0.7837,0.20,0.40
2008.05.22 03:16:48.901,0.78355,0.78385,0.20,1.90
2008.05.22 03:16:52.485,0.78355,0.78375,0.20,1.90
2008.05.22 03:17:00.000,0.78345,0.78375,0.20,1.90
2008.05.22 03:17:04.851,0.78345,0.78385,0.20,2.20
2008.05.22 03:17:08.698,0.7837,0.78385,0.20,2.20
2008.05.22 03:17:08.993,0.78345,0.78385,0.20,2.20
2008.05.22 03:17:22.555,0.78345,0.78385,2.00,2.20
2008.05.22 03:17:26.548,0.78345,0.7838,0.20,0.60
2008.05.22 03:17:26.658,0.78335,0.78375,2.00,0.40
2008.05.22 03:17:27.008,0.78345,0.7838,0.20,0.20
2008.05.22 03:17:27.053,0.78345,0.78385,0.20,5.10
2008.05.22 03:17:27.175,0.78345,0.78385,0.20,2.20
2008.05.22 03:17:31.627,0.78345,0.7838,0.20,0.20
2008.05.22 03:17:31.909,0.78345,0.7838,0.20,0.60
2008.05.22 03:17:32.525,0.78345,0.78385,0.20,2.20
2008.05.22 03:17:33.563,0.78345,0.78385,0.20,5.10
2008.05.22 03:17:33.679,0.78345,0.7838,0.20,0.60
2008.05.22 03:17:35.485,0.78345,0.78375,0.20,1.90
2008.05.22 03:17:36.026,0.7834,0.78375,0.60,2.20
2008.05.22 03:17:36.880,0.78335,0.78375,2.00,2.20
2008.05.22 03:17:37.524,0.78345,0.78375,0.20,1.90
2008.05.22 03:17:41.160,0.78335,0.78375,2.00,2.20
2008.05.22 03:17:41.519,0.78335,0.78375,2.20,2.20
2008.05.22 03:17:41.563,0.78345,0.78375,0.20,1.90
2008.05.22 03:17:53.903,0.78345,0.78385,0.20,2.20
2008.05.22 03:17:54.729,0.78345,0.7838,0.20,0.60
2008.05.22 03:17:57.682,0.78345,0.78385,0.20,3.20
2008.05.22 03:17:59.673,0.78345,0.7838,0.20,0.60
2008.05.22 03:18:02.994,0.78345,0.7838,0.20,0.20
2008.05.22 03:18:03.611,0.78355,0.78385,0.20,2.80
2008.05.22 03:18:03.865,0.78355,0.78385,0.20,1.90
2008.05.22 03:18:19.791,0.78355,0.78395,0.20,0.90
2008.05.22 03:18:19.905,0.78355,0.78405,0.20,2.20
2008.05.22 03:18:20.133,0.78355,0.7839,0.20,0.60
2008.05.22 03:18:22.777,0.78355,0.78385,0.20,1.90
2008.05.22 03:18:44.140,0.78355,0.7839,0.20,0.60
2008.05.22 03:18:44.253,0.78355,0.784,0.20,0.20
2008.05.22 03:18:44.379,0.78355,0.78405,0.20,2.20
2008.05.22 03:18:47.677,0.78355,0.784,0.20,0.60
2008.05.22 03:18:47.789,0.78355,0.784,2.00,0.60
2008.05.22 03:18:48.293,0.78355,0.78395,2.00,0.40
2008.05.22 03:18:51.764,0.78355,0.78395,2.00,2.20
2008.05.22 03:18:53.175,0.78375,0.78405,0.20,2.80
2008.05.22 03:18:53.391,0.78375,0.78405,0.20,1.90
2008.05.22 03:19:08.815,0.78375,0.7841,0.20,0.60
2008.05.22 03:19:09.020,0.78375,0.78415,0.20,2.20
2008.05.22 03:19:09.223,0.78375,0.78415,0.20,0.40
2008.05.22 03:19:09.263,0.78375,0.7842,0.20,3.30
2008.05.22 03:19:09.302,0.78375,0.78425,0.20,2.20
2008.05.22 03:19:12.758,0.78375,0.7842,0.20,0.90
2008.05.22 03:19:12.792,0.78375,0.78415,0.20,2.80
2008.05.22 03:19:12.816,0.78375,0.78415,0.20,3.80
2008.05.22 03:19:12.949,0.78375,0.7841,0.20,0.60
2008.05.22 03:19:15.924,0.78375,0.7839,0.20,0.70
2008.05.22 03:19:16.440,0.78375,0.7841,0.20,0.60
2008.05.22 03:19:17.233,0.78375,0.78415,0.20,1.30
2008.05.22 03:19:17.310,0.78375,0.78415,0.20,3.20
2008.05.22 03:19:17.411,0.78375,0.78415,0.20,2.20
2008.05.22 03:19:17.724,0.78375,0.78415,0.20,0.40
2008.05.22 03:19:17.792,0.78375,0.7842,0.20,3.30
2008.05.22 03:19:17.862,0.78375,0.78425,0.20,2.40
2008.05.22 03:19:22.655,0.78375,0.78425,2.00,2.40
2008.05.22 03:19:24.781,0.78375,0.78415,2.00,2.80
2008.05.22 03:19:24.901,0.78375,0.7841,0.20,0.60
2008.05.22 03:19:27.786,0.78375,0.78415,0.20,2.80
2008.05.22 03:19:27.820,0.78375,0.78415,0.20,2.20
2008.05.22 03:19:28.271,0.78375,0.78415,0.20,1.90
2008.05.22 03:19:28.302,0.78375,0.78425,0.20,2.40
2008.05.22 03:19:28.441,0.78375,0.78425,0.20,2.20
2008.05.22 03:19:29.793,0.78375,0.7841,0.20,0.60
2008.05.22 03:19:30.266,0.78375,0.7841,4.90,0.60
2008.05.22 03:19:30.293,0.7838,0.78415,5.20,0.60
2008.05.22 03:19:30.332,0.78395,0.78415,0.20,0.60
2008.05.22 03:19:30.371,0.78395,0.78425,0.20,1.90
2008.05.22 03:19:33.256,0.7838,0.78425,4.80,2.20
2008.05.22 03:19:33.301,0.7838,0.78425,3.80,2.20
2008.05.22 03:19:33.377,0.78375,0.78425,2.00,2.20
2008.05.22 03:19:33.393,0.78375,0.78425,2.00,2.40
2008.05.22 03:19:34.932,0.78395,0.78425,0.20,1.90
2008.05.22 03:19:39.213,0.7838,0.78415,5.70,0.40
2008.05.22 03:19:39.264,0.7838,0.78415,1.40,0.40
2008.05.22 03:19:39.319,0.7838,0.78415,1.40,0.90
2008.05.22 03:19:39.380,0.7838,0.78415,0.60,0.90
2008.05.22 03:19:40.750,0.7838,0.78415,0.60,0.40
2008.05.22 03:19:40.867,0.78395,0.78425,0.20,1.90
2008.05.22 03:20:00.880,0.78395,0.78435,0.20,2.80
2008.05.22 03:20:02.307,0.78405,0.78435,0.20,2.50
2008.05.22 03:20:02.336,0.78405,0.78435,0.20,0.60
2008.05.22 03:20:02.349,0.78405,0.7844,0.20,3.80
2008.05.22 03:20:02.428,0.78405,0.78445,0.20,0.20
2008.05.22 03:20:02.493,0.78405,0.7845,0.20,0.90
2008.05.22 03:20:02.558,0.78405,0.78455,0.20,2.40
2008.05.22 03:20:05.795,0.7842,0.78455,3.30,0.70
2008.05.22 03:20:05.863,0.78425,0.78455,0.20,0.20
2008.05.22 03:20:06.029,0.78425,0.78465,0.20,2.70
2008.05.22 03:20:07.837,0.78425,0.78465,0.20,2.80
2008.05.22 03:20:08.275,0.78425,0.78465,0.20,5.70
2008.05.22 03:20:08.336,0.78425,0.7846,0.20,7.20
2008.05.22 03:20:08.426,0.7842,0.78455,0.60,0.40
2008.05.22 03:20:11.805,0.7842,0.7845,0.60,0.90
2008.05.22 03:20:11.842,0.7842,0.78445,0.60,0.60
2008.05.22 03:20:11.916,0.78405,0.78445,0.20,0.60
2008.05.22 03:20:12.413,0.78405,0.78445,0.20,0.90
2008.05.22 03:20:13.848,0.78405,0.78445,0.20,0.40
2008.05.22 03:20:13.905,0.78405,0.7845,0.20,2.80
2008.05.22 03:20:13.934,0.78405,0.78455,0.20,2.40
2008.05.22 03:20:16.815,0.78405,0.78455,3.00,2.40
2008.05.22 03:20:16.880,0.7841,0.78455,0.60,2.40
2008.05.22 03:20:17.078,0.7841,0.78455,0.60,2.20
2008.05.22 03:20:17.411,0.78415,0.78455,0.20,2.20
2008.05.22 03:20:21.902,0.78415,0.78455,0.20,2.80
2008.05.22 03:20:25.304,0.78415,0.7845,0.20,1.90
2008.05.22 03:20:25.372,0.78415,0.78445,0.20,1.90
2008.05.22 03:20:25.667,0.78415,0.78445,0.20,2.50
2008.05.22 03:20:25.864,0.78405,0.78445,2.00,2.80
2008.05.22 03:20:29.360,0.78405,0.78445,0.20,5.70
2008.05.22 03:20:29.398,0.78405,0.7844,0.20,3.80
2008.05.22 03:20:29.412,0.784,0.78435,1.50,0.40
2008.05.22 03:20:29.489,0.784,0.78435,0.20,0.40
2008.05.22 03:20:29.654,0.784,0.78435,0.20,0.90
2008.05.22 03:20:30.972,0.78395,0.78435,2.00,0.90
2008.05.22 03:20:31.843,0.78395,0.78435,2.00,2.80
2008.05.22 03:20:31.900,0.78405,0.78435,0.20,2.50
2008.05.22 03:20:32.081,0.78405,0.78435,0.20,1.90
2008.05.22 03:20:34.928,0.78405,0.7844,0.20,2.80
2008.05.22 03:20:34.985,0.78405,0.78445,0.20,2.80
2008.05.22 03:20:38.025,0.78415,0.78455,0.20,2.40
2008.05.22 03:20:38.074,0.78415,0.78455,0.20,3.10
2008.05.22 03:20:38.101,0.78415,0.78455,0.20,2.80
2008.05.22 03:20:41.479,0.78425,0.78455,0.20,2.50
2008.05.22 03:20:41.870,0.78425,0.7845,0.20,0.60
2008.05.22 03:20:41.945,0.78415,0.7845,0.20,0.60
2008.05.22 03:20:43.909,0.7841,0.78445,0.20,1.90
2008.05.22 03:20:46.337,0.7841,0.78445,0.20,2.20
2008.05.22 03:20:54.997,0.78425,0.78455,0.20,0.80
2008.05.22 03:20:55.156,0.78425,0.78465,0.20,2.80
2008.05.22 03:20:57.901,0.78425,0.7846,0.20,0.60
2008.05.22 03:20:57.977,0.7842,0.78455,0.20,0.40
2008.05.22 03:20:58.419,0.7842,0.7845,0.20,0.60
2008.05.22 03:20:58.493,0.7842,0.78445,0.20,0.40
2008.05.22 03:21:02.002,0.78425,0.78455,0.20,0.20
2008.05.22 03:21:02.140,0.78425,0.78465,0.20,2.80
2008.05.22 03:21:02.437,0.7842,0.78455,1.00,0.40
2008.05.22 03:21:02.504,0.7842,0.78455,0.20,0.40
2008.05.22 03:21:04.392,0.7842,0.7845,0.20,0.60
2008.05.22 03:21:04.923,0.7842,0.78445,0.20,0.40
2008.05.22 03:21:19.940,0.7842,0.7845,0.20,3.30
2008.05.22 03:21:20.035,0.7842,0.78455,0.20,2.20
2008.05.22 03:21:25.448,0.7842,0.78455,0.20,0.40
2008.05.22 03:21:25.538,0.78435,0.7846,0.20,0.20
2008.05.22 03:21:25.665,0.78435,0.78475,0.20,3.60
2008.05.22 03:21:25.934,0.78435,0.7846,0.20,6.70
2008.05.22 03:21:25.952,0.7843,0.7846,0.90,6.70
2008.05.22 03:21:26.055,0.78415,0.7846,0.90,6.70
2008.05.22 03:21:26.075,0.78405,0.7846,1.30,6.70
2008.05.22 03:21:26.183,0.7841,0.7846,0.20,6.70
2008.05.22 03:21:26.414,0.78405,0.7846,1.30,6.70
2008.05.22 03:21:27.090,0.78405,0.7846,0.40,6.70
2008.05.22 03:21:28.097,0.78405,0.7846,0.20,6.70
2008.05.22 03:21:29.439,0.78405,0.7845,0.20,6.70
2008.05.22 03:21:31.562,0.78405,0.78455,0.20,2.20
2008.05.22 03:21:31.575,0.78405,0.78455,0.20,1.90
2008.05.22 03:21:32.039,0.78405,0.78455,0.40,1.90
2008.05.22 03:21:32.388,0.78405,0.78455,1.30,1.90
2008.05.22 03:21:32.448,0.7841,0.7846,0.20,6.70
2008.05.22 03:21:32.509,0.7841,0.78465,0.20,1.90
2008.05.22 03:21:32.976,0.7841,0.7847,0.20,6.70
2008.05.22 03:21:33.034,0.7841,0.78475,0.20,1.90
2008.05.22 03:21:33.322,0.78415,0.78475,0.90,1.90
2008.05.22 03:21:33.421,0.78415,0.78475,0.90,2.00
2008.05.22 03:21:33.471,0.78415,0.7846,0.90,6.70
2008.05.22 03:21:33.616,0.7841,0.7846,0.20,6.70
2008.05.22 03:21:34.059,0.78405,0.7846,1.30,6.70
2008.05.22 03:21:36.080,0.78405,0.7846,0.40,6.70
2008.05.22 03:21:36.109,0.78405,0.7846,0.20,6.70
2008.05.22 03:21:36.500,0.78405,0.7845,0.20,6.70
2008.05.22 03:21:37.639,0.78405,0.78455,0.20,2.20
2008.05.22 03:21:42.500,0.7841,0.78455,6.70,2.20
2008.05.22 03:21:42.547,0.7841,0.78455,6.70,0.40
2008.05.22 03:21:42.614,0.7842,0.78455,0.90,0.40
2008.05.22 03:21:42.728,0.7842,0.78455,1.90,0.40
2008.05.22 03:21:43.123,0.78425,0.78465,0.20,6.10
2008.05.22 03:21:43.316,0.7843,0.78465,0.20,6.10
2008.05.22 03:21:45.364,0.78435,0.78465,1.90,6.10
2008.05.22 03:21:46.233,0.7843,0.78465,0.20,6.10
2008.05.22 03:21:46.606,0.7843,0.78455,0.20,0.40
2008.05.22 03:21:46.874,0.78415,0.78455,2.00,0.40
2008.05.22 03:21:47.028,0.78415,0.78455,1.90,0.40
2008.05.22 03:21:47.068,0.7841,0.78455,3.00,0.40
2008.05.22 03:21:47.144,0.7841,0.78455,0.20,0.40
2008.05.22 03:21:50.247,0.78405,0.78455,2.00,0.40
2008.05.22 03:21:52.740,0.78405,0.78455,2.00,2.20
2008.05.22 03:21:56.005,0.78405,0.78455,4.90,2.20
2008.05.22 03:21:56.034,0.78405,0.78455,5.10,2.20
2008.05.22 03:21:56.090,0.7841,0.78455,4.30,2.20
2008.05.22 03:21:56.514,0.78415,0.78455,0.20,2.20
2008.05.22 03:21:57.390,0.7842,0.78455,0.20,2.20
2008.05.22 03:22:00.662,0.7842,0.7845,0.20,0.60
2008.05.22 03:22:01.610,0.7842,0.78455,0.20,2.20
2008.05.22 03:22:04.074,0.7842,0.78455,1.00,2.20
2008.05.22 03:22:05.117,0.7842,0.78455,0.90,2.20
2008.05.22 03:22:20.620,0.78415,0.78455,2.00,2.20
2008.05.22 03:22:36.666,0.78415,0.78455,0.20,5.10
2008.05.22 03:22:36.721,0.78415,0.7845,0.20,0.60
2008.05.22 03:22:43.744,0.78415,0.78445,0.20,1.90
2008.05.22 03:22:52.278,0.78405,0.78445,2.00,2.20
2008.05.22 03:23:01.235,0.78405,0.7844,0.20,0.60
2008.05.22 03:23:03.578,0.78405,0.78435,0.20,1.90
2008.05.22 03:23:04.269,0.78395,0.78435,2.00,2.20
2008.05.22 03:23:17.683,0.78395,0.7843,0.20,0.60
2008.05.22 03:23:18.803,0.78395,0.78435,0.20,2.20
2008.05.22 03:23:22.274,0.78395,0.7843,0.20,0.60
2008.05.22 03:23:22.696,0.78395,0.78435,0.20,5.10
2008.05.22 03:23:22.720,0.78395,0.78435,0.20,2.20
2008.05.22 03:23:25.194,0.78395,0.78435,2.00,2.20
2008.05.22 03:23:37.698,0.78395,0.78435,2.20,2.20
2008.05.22 03:23:47.213,0.784,0.78435,0.90,2.20
2008.05.22 03:23:47.260,0.784,0.78435,0.90,0.40
2008.05.22 03:23:47.307,0.784,0.78435,1.50,0.40
2008.05.22 03:23:47.424,0.784,0.78435,2.50,0.40
2008.05.22 03:23:47.763,0.78405,0.78445,0.20,2.20
2008.05.22 03:23:51.235,0.7841,0.78445,5.20,2.20
2008.05.22 03:23:51.249,0.78415,0.78445,0.20,1.90
2008.05.22 03:23:51.276,0.78415,0.78455,0.20,2.20
2008.05.22 03:23:54.346,0.78415,0.7845,0.20,0.60
2008.05.22 03:24:00.188,0.78415,0.78445,0.20,1.90
2008.05.22 03:24:00.275,0.78415,0.7845,0.20,0.60
2008.05.22 03:24:00.402,0.78415,0.78445,0.20,1.90
2008.05.22 03:24:12.843,0.78415,0.78455,0.20,5.10
2008.05.22 03:24:12.931,0.78415,0.78455,0.20,2.20
2008.05.22 03:24:22.400,0.78415,0.7845,2.00,0.60
2008.05.22 03:24:28.316,0.78415,0.78455,2.00,2.20
2008.05.22 03:24:37.291,0.78415,0.78455,2.00,0.40
2008.05.22 03:24:37.408,0.78415,0.7847,2.00,0.90
2008.05.22 03:24:37.512,0.78415,0.78475,2.00,2.40
2008.05.22 03:24:37.947,0.78415,0.78475,2.20,2.20
2008.05.22 03:24:38.136,0.7842,0.78475,0.20,2.20
2008.05.22 03:24:40.808,0.7842,0.78475,0.20,5.10
2008.05.22 03:24:40.833,0.7842,0.7847,0.20,0.60
2008.05.22 03:24:41.325,0.7842,0.78465,0.20,0.40
2008.05.22 03:24:44.302,0.7842,0.78465,0.20,2.20
2008.05.22 03:24:44.381,0.7842,0.78465,0.20,5.10
2008.05.22 03:24:44.406,0.78415,0.7846,2.00,0.60
2008.05.22 03:24:44.878,0.78415,0.78455,2.00,0.40
2008.05.22 03:24:49.839,0.78415,0.78455,2.00,2.20
2008.05.22 03:24:49.940,0.78415,0.78455,2.00,5.10
2008.05.22 03:24:50.070,0.78415,0.7845,2.00,0.60
2008.05.22 03:25:04.385,0.78415,0.7845,0.20,0.60
2008.05.22 03:25:04.424,0.78415,0.7845,0.20,1.40
2008.05.22 03:25:04.735,0.78405,0.78445,2.00,0.40
2008.05.22 03:25:07.343,0.78405,0.78445,2.00,5.10
2008.05.22 03:25:07.448,0.78405,0.7844,2.00,0.60
2008.05.22 03:25:10.851,0.78405,0.7844,2.00,1.40
2008.05.22 03:25:10.955,0.78405,0.7844,0.20,1.40
2008.05.22 03:25:11.471,0.78395,0.78435,2.00,0.40
2008.05.22 03:25:14.336,0.78395,0.78435,2.00,2.20
2008.05.22 03:25:25.026,0.784,0.78435,1.40,2.20
2008.05.22 03:25:25.050,0.784,0.78435,1.40,0.40
2008.05.22 03:25:25.417,0.78405,0.78445,0.20,2.20
2008.05.22 03:25:33.935,0.78405,0.78445,2.00,2.20
2008.05.22 03:25:44.519,0.78405,0.78445,2.00,0.40
2008.05.22 03:25:44.584,0.7841,0.78445,0.60,0.40
2008.05.22 03:25:44.711,0.7841,0.78445,1.40,0.40
2008.05.22 03:25:45.088,0.78415,0.78455,0.20,2.20
2008.05.22 03:25:52.895,0.78415,0.78455,2.00,2.20
2008.05.22 03:25:55.966,0.78415,0.7845,2.00,0.60
2008.05.22 03:25:56.083,0.78415,0.7845,0.20,0.60
2008.05.22 03:26:00.474,0.7841,0.78435,0.20,0.40
2008.05.22 03:26:03.948,0.7841,0.7844,0.20,1.40
2008.05.22 03:26:03.985,0.7841,0.78445,0.20,2.20
2008.05.22 03:26:28.524,0.7841,0.78445,0.20,0.40
2008.05.22 03:26:28.559,0.78415,0.78455,0.20,2.20
2008.05.22 03:26:33.047,0.78415,0.78455,2.00,2.20
2008.05.22 03:26:37.984,0.78415,0.78455,4.90,0.40
2008.05.22 03:26:38.147,0.7842,0.78455,1.40,0.40
2008.05.22 03:26:38.562,0.78415,0.78455,2.00,0.40
2008.05.22 03:26:38.987,0.7842,0.78455,0.20,0.40
2008.05.22 03:26:40.072,0.78425,0.7846,0.20,0.60
2008.05.22 03:26:40.218,0.78425,0.78465,0.20,2.20
2008.05.22 03:26:41.079,0.78425,0.78465,2.00,2.20
2008.05.22 03:26:49.113,0.7843,0.78465,1.40,2.20
2008.05.22 03:26:49.207,0.7843,0.78465,1.40,0.40
2008.05.22 03:26:49.680,0.78435,0.78475,0.20,2.20
2008.05.22 03:26:51.534,0.7843,0.78465,1.50,2.20
2008.05.22 03:26:51.590,0.7843,0.7846,0.20,6.70
2008.05.22 03:26:52.149,0.7844,0.78465,0.90,0.40
2008.05.22 03:26:52.204,0.78445,0.78475,0.20,2.80
2008.05.22 03:26:52.424,0.78445,0.78475,0.20,1.90
2008.05.22 03:26:52.639,0.78425,0.7847,0.90,6.70
2008.05.22 03:26:52.706,0.78425,0.7847,0.90,6.80
2008.05.22 03:26:52.866,0.78415,0.7847,0.90,6.80
2008.05.22 03:26:53.251,0.7841,0.7847,0.60,6.80
2008.05.22 03:26:53.808,0.78415,0.7847,0.20,6.80
2008.05.22 03:26:55.107,0.7842,0.78465,0.60,1.90
2008.05.22 03:26:55.695,0.78425,0.78465,0.20,1.90
2008.05.22 03:26:56.061,0.78435,0.78465,0.20,1.90
2008.05.22 03:26:56.572,0.78425,0.78465,3.00,1.90
2008.05.22 03:26:56.665,0.78425,0.78465,0.20,1.90
2008.05.22 03:26:58.079,0.78435,0.7847,2.80,6.70
2008.05.22 03:26:58.144,0.7845,0.78475,0.90,2.20
2008.05.22 03:27:01.680,0.78435,0.78475,0.20,2.20
2008.05.22 03:27:07.131,0.7844,0.78475,0.60,2.20
2008.05.22 03:27:07.252,0.7844,0.78465,0.60,1.90
2008.05.22 03:27:07.717,0.78435,0.78465,0.20,1.90
2008.05.22 03:27:13.560,0.78435,0.78465,0.40,1.90
2008.05.22 03:27:13.658,0.78445,0.78475,0.20,1.90
2008.05.22 03:27:19.104,0.7845,0.78475,0.90,1.90
2008.05.22 03:27:21.625,0.7845,0.78475,1.40,1.90
2008.05.22 03:27:21.753,0.7845,0.78485,1.40,2.20
2008.05.22 03:27:21.838,0.78455,0.78485,0.20,1.90
2008.05.22 03:27:26.611,0.78455,0.78495,3.00,2.20
2008.05.22 03:27:26.678,0.78465,0.78495,0.20,1.90
2008.05.22 03:27:32.038,0.78475,0.78495,0.20,1.90
2008.05.22 03:27:33.689,0.7846,0.78495,3.80,1.90
2008.05.22 03:27:33.726,0.78455,0.78495,2.80,1.90
2008.05.22 03:27:33.782,0.78455,0.78495,0.90,1.90
2008.05.22 03:27:33.855,0.78445,0.78495,1.00,1.90
2008.05.22 03:27:34.158,0.78445,0.78495,0.20,1.90
2008.05.22 03:27:34.177,0.78445,0.78495,0.40,1.90
2008.05.22 03:27:36.598,0.7845,0.78495,0.60,1.90
2008.05.22 03:27:36.652,0.7845,0.78495,0.60,1.90
2008.05.22 03:27:37.243,0.78455,0.78495,0.20,1.90
2008.05.22 03:27:41.237,0.78455,0.78495,0.20,2.20
2008.05.22 03:27:42.192,0.78455,0.78485,0.20,1.90
2008.05.22 03:27:42.755,0.78465,0.78485,0.20,1.90
2008.05.22 03:27:45.287,0.78465,0.78495,0.20,1.90
2008.05.22 03:27:50.658,0.78465,0.78495,0.40,1.90
2008.05.22 03:27:50.746,0.78475,0.78505,0.20,1.90
2008.05.22 03:27:55.247,0.78485,0.78505,0.20,1.90
2008.05.22 03:27:56.297,0.78485,0.78515,0.20,1.90
2008.05.22 03:28:00.259,0.78495,0.78515,0.20,1.90
2008.05.22 03:28:03.750,0.78475,0.78515,1.00,1.90
2008.05.22 03:28:03.928,0.78475,0.78515,0.20,1.90
2008.05.22 03:28:04.251,0.78465,0.7851,0.20,6.70
2008.05.22 03:28:06.731,0.78465,0.7851,0.20,10.00
2008.05.22 03:28:06.771,0.78465,0.78505,0.20,1.90
2008.05.22 03:28:06.987,0.78465,0.78505,0.20,2.20
2008.05.22 03:28:10.313,0.7847,0.78505,1.40,2.20
2008.05.22 03:28:10.884,0.78475,0.78505,0.20,1.90
2008.05.22 03:28:11.768,0.78465,0.78505,0.20,2.20
2008.05.22 03:28:12.209,0.78465,0.785,0.20,6.70
2008.05.22 03:28:15.317,0.7845,0.78485,0.90,2.20
2008.05.22 03:28:15.432,0.78445,0.78485,0.20,2.20
2008.05.22 03:28:16.225,0.78445,0.78485,3.00,2.20
2008.05.22 03:28:16.255,0.7845,0.78485,0.60,2.20
2008.05.22 03:28:16.284,0.78455,0.78485,0.20,1.90
2008.05.22 03:28:16.798,0.7846,0.78495,1.40,2.20
2008.05.22 03:28:17.309,0.78455,0.78495,0.20,2.20
2008.05.22 03:28:18.177,0.78455,0.7849,0.20,6.70
2008.05.22 03:28:18.364,0.78455,0.78485,0.20,1.90
2008.05.22 03:28:20.746,0.78445,0.78485,3.00,1.90
2008.05.22 03:28:20.862,0.78445,0.78485,0.20,1.90
2008.05.22 03:28:22.774,0.78445,0.7848,0.20,6.70
2008.05.22 03:28:27.729,0.78455,0.78485,0.20,1.90
2008.05.22 03:28:32.260,0.7846,0.78485,0.90,1.90
2008.05.22 03:28:33.313,0.78455,0.78485,0.20,1.90
2008.05.22 03:28:40.337,0.7846,0.78485,0.90,1.90
2008.05.22 03:28:41.785,0.78455,0.78485,0.20,1.90
2008.05.22 03:28:44.849,0.78445,0.78485,0.20,2.20
2008.05.22 03:28:48.251,0.78445,0.78475,0.20,1.90
2008.05.22 03:28:53.906,0.7845,0.78475,1.40,1.90
2008.05.22 03:28:53.922,0.7845,0.78485,1.40,2.20
2008.05.22 03:28:54.344,0.78455,0.78485,0.20,1.90
2008.05.22 03:29:02.405,0.78455,0.78485,0.20,2.50
2008.05.22 03:29:02.434,0.78455,0.78475,0.20,1.90
2008.05.22 03:29:02.925,0.78445,0.78475,0.20,1.90
2008.05.22 03:29:09.848,0.78455,0.78475,0.20,1.90
2008.05.22 03:29:10.922,0.78445,0.78475,0.20,1.90
2008.05.22 03:29:14.968,0.78455,0.78475,0.20,1.90
2008.05.22 03:29:15.448,0.78445,0.78475,0.20,1.90
2008.05.22 03:29:18.848,0.78445,0.78485,3.20,2.80
2008.05.22 03:29:18.931,0.78455,0.78485,0.20,1.90
2008.05.22 03:29:36.404,0.78465,0.78485,0.20,1.90
2008.05.22 03:29:36.441,0.78465,0.78495,0.20,1.90
2008.05.22 03:29:52.931,0.78465,0.78485,0.20,1.90
2008.05.22 03:29:58.574,0.78455,0.78485,0.20,1.90
2008.05.22 03:29:59.978,0.78465,0.78485,0.20,1.90
2008.05.22 03:30:04.063,0.78455,0.78485,0.20,1.90
2008.05.22 03:30:04.943,0.78465,0.78485,0.20,1.90
2008.05.22 03:30:07.946,0.7845,0.78485,4.40,2.20
2008.05.22 03:30:07.986,0.7845,0.7848,0.20,6.70
2008.05.22 03:30:08.140,0.78445,0.7848,0.20,6.70
2008.05.22 03:30:22.479,0.78445,0.7848,0.20,7.20
2008.05.22 03:30:22.534,0.78445,0.78465,0.20,1.90
2008.05.22 03:30:22.572,0.78435,0.78465,0.20,1.90
2008.05.22 03:30:30.044,0.78445,0.78465,0.20,1.90
2008.05.22 03:30:50.027,0.78435,0.78465,0.20,1.90
2008.05.22 03:30:56.597,0.78445,0.78465,0.20,1.90
2008.05.22 03:31:13.047,0.78435,0.78465,0.20,1.90
2008.05.22 03:31:35.663,0.78435,0.78455,0.20,1.90
2008.05.22 03:31:35.735,0.78425,0.78455,0.20,1.90
2008.05.22 03:31:52.927,0.78425,0.78445,0.20,1.90
2008.05.22 03:31:56.149,0.78425,0.78455,0.20,1.90
2008.05.22 03:31:57.631,0.78425,0.7845,0.20,0.60
2008.05.22 03:31:58.236,0.78415,0.7845,0.20,0.60
2008.05.22 03:32:00.248,0.78415,0.78445,0.20,1.90
2008.05.22 03:32:00.745,0.7841,0.78445,0.90,1.90
2008.05.22 03:32:00.780,0.78405,0.78445,1.00,1.90
2008.05.22 03:32:00.880,0.78405,0.78445,0.20,1.90
2008.05.22 03:32:01.808,0.78405,0.78445,0.40,1.90
2008.05.22 03:32:03.610,0.78405,0.78445,3.20,1.90
2008.05.22 03:32:03.659,0.7841,0.78445,0.20,1.90
2008.05.22 03:32:03.735,0.7841,0.78445,0.60,1.90
2008.05.22 03:32:03.890,0.7841,0.78445,0.60,1.90
2008.05.22 03:32:04.267,0.78415,0.78445,0.20,1.90
2008.05.22 03:32:09.705,0.78405,0.78435,0.20,1.90
2008.05.22 03:32:23.293,0.78405,0.78435,0.40,1.90
2008.05.22 03:32:28.783,0.78405,0.78435,0.20,1.90
2008.05.22 03:32:30.161,0.78405,0.78435,0.40,1.90
2008.05.22 03:32:38.746,0.78405,0.78435,0.20,1.90
2008.05.22 03:32:39.717,0.78405,0.78435,0.40,1.90
2008.05.22 03:32:41.214,0.78405,0.78445,3.20,2.20
2008.05.22 03:32:41.267,0.7841,0.78445,0.20,2.20
2008.05.22 03:32:41.291,0.78415,0.78445,0.20,1.90
2008.05.22 03:32:41.847,0.78415,0.78455,0.20,1.90
2008.05.22 03:32:43.218,0.7841,0.78455,0.60,1.90
2008.05.22 03:32:43.270,0.78405,0.78455,1.30,1.90
2008.05.22 03:32:43.328,0.78405,0.78455,0.40,1.90
2008.05.22 03:32:49.745,0.78405,0.78455,3.20,1.90
2008.05.22 03:32:49.799,0.7841,0.78455,0.60,1.90
2008.05.22 03:32:49.813,0.7841,0.78455,0.60,1.90
2008.05.22 03:32:50.027,0.7841,0.78455,0.60,1.90
2008.05.22 03:32:50.292,0.78415,0.78455,0.20,1.90
2008.05.22 03:33:20.850,0.7842,0.78455,0.60,1.90
2008.05.22 03:33:21.390,0.78425,0.78455,0.20,1.90
2008.05.22 03:34:32.959,0.78425,0.7846,0.20,0.60
2008.05.22 03:34:34.198,0.7844,0.7846,4.30,0.60
2008.05.22 03:34:34.590,0.78455,0.7847,1.50,5.60
2008.05.22 03:34:34.655,0.78455,0.7847,1.50,0.60
2008.05.22 03:34:35.574,0.78455,0.7847,0.90,0.60
2008.05.22 03:34:40.101,0.78455,0.78475,0.90,3.40
2008.05.22 03:34:40.135,0.78455,0.78475,0.90,2.70
2008.05.22 03:34:41.470,0.78455,0.78475,0.90,3.20
2008.05.22 03:34:41.570,0.78455,0.78475,0.90,2.70
2008.05.22 03:34:41.669,0.78455,0.78475,0.90,2.20
2008.05.22 03:34:42.062,0.78455,0.78485,0.90,2.20
2008.05.22 03:34:47.055,0.78455,0.78485,0.90,2.70
2008.05.22 03:34:47.233,0.78455,0.7848,0.90,0.60
2008.05.22 03:34:51.596,0.78455,0.7848,0.90,0.90
2008.05.22 03:34:53.029,0.78455,0.7848,0.90,0.60
2008.05.22 03:34:53.116,0.78455,0.78485,0.90,2.20
2008.05.22 03:35:22.670,0.78455,0.78475,0.90,1.90
2008.05.22 03:35:50.585,0.78455,0.7847,0.90,0.70
2008.05.22 03:35:50.701,0.78455,0.78465,0.90,1.90
2008.05.22 03:35:53.404,0.78455,0.78475,0.90,1.90
2008.05.22 03:35:59.139,0.78455,0.78485,0.90,3.60
2008.05.22 03:35:59.208,0.78455,0.78485,1.00,3.20
2008.05.22 03:35:59.221,0.7846,0.78485,0.20,2.50
2008.05.22 03:35:59.321,0.7846,0.78485,0.20,1.90
2008.05.22 03:36:04.738,0.7847,0.78485,0.20,1.90
2008.05.22 03:36:05.188,0.7847,0.78495,0.20,2.20
2008.05.22 03:36:05.224,0.7847,0.78495,0.20,1.90
2008.05.22 03:36:13.284,0.7847,0.785,0.20,6.70
2008.05.22 03:36:13.320,0.7847,0.78505,0.20,2.20
2008.05.22 03:36:24.683,0.78465,0.78505,2.00,2.20
2008.05.22 03:36:27.848,0.7847,0.78505,1.40,0.40
2008.05.22 03:36:28.239,0.78475,0.7851,0.20,0.90
2008.05.22 03:36:30.835,0.78475,0.7851,0.20,0.60
2008.05.22 03:36:35.815,0.78475,0.7851,2.00,0.60
2008.05.22 03:36:35.825,0.78475,0.78515,2.00,2.20
2008.05.22 03:36:36.013,0.78475,0.78515,0.20,2.20
2008.05.22 03:36:36.201,0.78485,0.78515,0.20,2.20
2008.05.22 03:36:36.342,0.78485,0.78525,0.40,1.90
2008.05.22 03:36:37.020,0.785,0.78525,0.90,1.90
2008.05.22 03:36:37.770,0.785,0.7852,0.90,0.60
2008.05.22 03:36:39.787,0.785,0.78525,1.90,0.40
2008.05.22 03:36:39.832,0.78505,0.7853,0.20,0.60
2008.05.22 03:36:39.883,0.78505,0.78535,0.20,1.90
2008.05.22 03:36:40.120,0.78505,0.7854,0.20,0.60
2008.05.22 03:36:40.210,0.78505,0.7854,0.20,7.60
2008.05.22 03:36:40.224,0.78505,0.7854,0.20,7.20
2008.05.22 03:36:40.250,0.785,0.78535,0.90,0.40
2008.05.22 03:36:42.327,0.785,0.78535,0.90,2.20
2008.05.22 03:36:46.733,0.785,0.78535,0.90,0.40
2008.05.22 03:36:46.876,0.785,0.7854,0.90,0.60
2008.05.22 03:36:47.021,0.785,0.78555,0.90,2.40
2008.05.22 03:36:47.736,0.785,0.78545,0.90,2.80
2008.05.22 03:36:47.880,0.785,0.7854,0.90,11.00
2008.05.22 03:36:48.219,0.785,0.78535,0.90,0.40
2008.05.22 03:36:51.330,0.78505,0.7854,0.20,3.90
2008.05.22 03:36:51.430,0.78505,0.78545,0.20,2.20
2008.05.22 03:36:57.329,0.78505,0.78535,0.20,1.90
2008.05.22 03:36:57.797,0.7851,0.78535,0.60,1.90
2008.05.22 03:37:00.297,0.78505,0.78535,0.20,1.90
2008.05.22 03:37:04.976,0.78495,0.78535,0.20,2.20
2008.05.22 03:37:09.897,0.78495,0.7853,0.20,6.70
2008.05.22 03:37:09.921,0.78495,0.78525,0.20,1.90
2008.05.22 03:37:10.473,0.7849,0.78525,3.30,2.20
2008.05.22 03:37:10.940,0.7849,0.78525,0.60,2.20
2008.05.22 03:37:11.471,0.78485,0.78525,0.20,2.20
2008.05.22 03:37:11.526,0.78485,0.78515,0.20,1.90
2008.05.22 03:37:23.399,0.78485,0.78525,3.00,2.20
2008.05.22 03:37:23.561,0.78495,0.78525,0.20,1.90
2008.05.22 03:37:29.973,0.785,0.78535,1.40,2.20
2008.05.22 03:37:30.434,0.78505,0.78535,0.20,1.90
2008.05.22 03:37:34.909,0.78505,0.78535,0.40,1.90
2008.05.22 03:37:34.978,0.78505,0.78545,3.20,2.20
2008.05.22 03:37:35.027,0.7851,0.78545,0.60,2.20
2008.05.22 03:37:35.098,0.7851,0.78545,1.40,2.20
2008.05.22 03:37:35.461,0.78515,0.78545,0.20,1.90
2008.05.22 03:37:39.994,0.7851,0.78545,0.90,1.90
2008.05.22 03:37:40.040,0.78505,0.78545,0.20,1.90
2008.05.22 03:37:42.929,0.78505,0.78545,3.00,1.90
2008.05.22 03:37:43.057,0.7851,0.78545,3.30,1.90
2008.05.22 03:37:43.166,0.7851,0.78545,4.30,1.90
2008.05.22 03:37:43.548,0.78515,0.78545,0.20,1.90
2008.05.22 03:37:53.025,0.7852,0.78545,0.60,1.90
2008.05.22 03:37:53.105,0.78525,0.78545,0.20,0.90
2008.05.22 03:37:53.197,0.78525,0.78555,0.20,0.90
2008.05.22 03:37:53.353,0.78525,0.78555,0.20,1.90
2008.05.22 03:37:57.077,0.78525,0.78545,0.20,1.90
2008.05.22 03:37:57.487,0.78515,0.78545,0.20,1.90
2008.05.22 03:38:02.422,0.78515,0.7855,3.00,0.30
2008.05.22 03:38:02.467,0.7852,0.7855,1.40,0.30
2008.05.22 03:38:03.070,0.78525,0.7855,0.20,0.30
2008.05.22 03:38:03.703,0.78525,0.78555,0.20,1.90
2008.05.22 03:38:16.571,0.78515,0.78555,0.20,2.20
2008.05.22 03:38:16.906,0.78515,0.78555,0.20,3.20
2008.05.22 03:38:17.549,0.78525,0.78555,0.20,2.80
2008.05.22 03:38:17.666,0.78525,0.78555,0.20,1.90
2008.05.22 03:38:19.491,0.78525,0.7857,0.20,2.80
2008.05.22 03:38:19.560,0.78525,0.7857,0.40,2.80
2008.05.22 03:38:19.629,0.78525,0.78575,0.40,1.90
2008.05.22 03:38:20.551,0.78525,0.7857,0.40,6.70
2008.05.22 03:38:20.815,0.78525,0.7857,0.20,6.70
2008.05.22 03:38:23.145,0.78525,0.78565,0.20,1.90
2008.05.22 03:38:26.476,0.7853,0.78575,6.70,0.40
2008.05.22 03:38:26.510,0.78545,0.78575,0.20,0.40
2008.05.22 03:38:26.564,0.78555,0.7858,0.20,3.40
2008.05.22 03:38:26.572,0.78555,0.7858,0.20,0.20
2008.05.22 03:38:26.706,0.78555,0.78585,0.20,1.90
2008.05.22 03:38:27.029,0.78555,0.7858,0.20,6.70
2008.05.22 03:38:27.117,0.7854,0.7858,4.80,6.70
2008.05.22 03:38:27.333,0.78525,0.7858,0.40,6.70
2008.05.22 03:38:27.549,0.78525,0.78585,0.40,1.90
2008.05.22 03:38:28.071,0.78525,0.7858,0.40,6.70
2008.05.22 03:38:29.540,0.78535,0.78575,2.80,1.90
2008.05.22 03:38:29.566,0.7854,0.78575,0.60,1.90
2008.05.22 03:38:30.057,0.7854,0.78585,0.60,2.20
2008.05.22 03:38:30.157,0.78545,0.78585,0.20,1.90
2008.05.22 03:38:33.999,0.7855,0.78585,0.20,1.90
2008.05.22 03:38:34.119,0.78555,0.78585,0.20,1.90
2008.05.22 03:38:38.035,0.7855,0.78585,4.30,2.20
2008.05.22 03:38:40.136,0.78555,0.78585,0.20,1.90
2008.05.22 03:38:44.131,0.7855,0.78585,4.30,2.20
2008.05.22 03:38:44.247,0.7855,0.7858,4.30,1.90
2008.05.22 03:38:44.542,0.7855,0.7858,4.40,1.90
2008.05.22 03:38:44.567,0.78555,0.78585,0.20,1.90
2008.05.22 03:38:45.577,0.78555,0.7857,0.20,1.90
2008.05.22 03:38:45.657,0.7854,0.7857,6.20,1.90
2008.05.22 03:38:45.962,0.7854,0.7857,1.40,1.90
2008.05.22 03:38:48.620,0.78535,0.7857,0.20,1.90
2008.05.22 03:38:52.453,0.78535,0.7857,2.00,1.90
2008.05.22 03:38:53.600,0.78535,0.7856,2.00,1.90
2008.05.22 03:38:53.656,0.78535,0.7856,1.90,1.90
2008.05.22 03:38:54.706,0.78525,0.7856,2.00,1.90
2008.05.22 03:38:56.570,0.78525,0.7855,2.00,1.90
2008.05.22 03:38:56.632,0.78525,0.7855,1.90,1.90
2008.05.22 03:39:00.050,0.78525,0.78555,1.90,0.40
2008.05.22 03:39:00.173,0.78525,0.7856,2.00,1.90
2008.05.22 03:39:04.554,0.7853,0.7856,6.80,1.90
2008.05.22 03:39:04.592,0.78535,0.7856,0.20,1.90
2008.05.22 03:39:04.616,0.78535,0.7857,3.00,4.80
2008.05.22 03:39:04.645,0.7854,0.7857,1.40,1.90
2008.05.22 03:39:06.877,0.7854,0.78575,1.40,2.20
2008.05.22 03:39:06.964,0.78545,0.78575,0.20,1.90
2008.05.22 03:39:07.051,0.78555,0.78575,0.20,1.90
2008.05.22 03:39:07.095,0.78555,0.7859,0.20,4.40
2008.05.22 03:39:07.140,0.78555,0.7859,0.20,0.20
2008.05.22 03:39:07.314,0.78555,0.78595,0.20,4.20
2008.05.22 03:39:10.678,0.78555,0.7859,0.20,0.60
2008.05.22 03:39:10.800,0.78555,0.7859,0.20,5.40
2008.05.22 03:39:11.201,0.78545,0.78575,2.00,1.90
2008.05.22 03:39:12.676,0.78545,0.78575,0.20,1.90
2008.05.22 03:39:18.091,0.78545,0.78585,3.00,2.20
2008.05.22 03:39:18.190,0.78555,0.78585,0.20,1.90
2008.05.22 03:39:19.142,0.78555,0.78595,0.20,4.20
2008.05.22 03:39:20.647,0.7855,0.78585,4.30,0.40
2008.05.22 03:39:20.688,0.78545,0.78585,5.80,0.40
2008.05.22 03:39:20.794,0.78545,0.78575,1.00,1.90
2008.05.22 03:39:20.901,0.78545,0.78575,0.20,1.90
2008.05.22 03:39:21.103,0.78545,0.78585,3.00,2.20
2008.05.22 03:39:21.185,0.78555,0.78585,0.20,1.90
2008.05.22 03:39:24.707,0.78545,0.7858,0.20,6.70
2008.05.22 03:39:34.646,0.78545,0.78575,0.20,1.90
2008.05.22 03:39:42.624,0.78545,0.78575,0.40,1.90
2008.05.22 03:39:42.765,0.78545,0.78585,3.20,2.20
2008.05.22 03:39:42.821,0.7855,0.78585,1.40,2.20
2008.05.22 03:39:43.276,0.78555,0.78585,0.20,1.90
2008.05.22 03:39:43.622,0.78575,0.78585,0.20,1.90
2008.05.22 03:39:43.641,0.7859,0.78595,0.90,0.40
2008.05.22 03:39:43.686,0.7859,0.786,0.90,11.00
2008.05.22 03:39:43.730,0.7859,0.78605,0.90,0.20
2008.05.22 03:39:43.860,0.7859,0.78615,0.90,1.90
2008.05.22 03:39:44.258,0.7859,0.78605,0.90,0.40
2008.05.22 03:39:44.690,0.7859,0.786,0.90,6.70
2008.05.22 03:39:44.891,0.78565,0.786,0.20,6.70
2008.05.22 03:39:45.223,0.78565,0.78605,0.20,3.20
2008.05.22 03:39:45.389,0.78565,0.78605,0.20,2.20
2008.05.22 03:39:46.782,0.78565,0.78595,0.20,1.90
2008.05.22 03:39:47.212,0.78565,0.78605,0.20,2.20
2008.05.22 03:39:47.329,0.78565,0.78605,0.40,2.20
2008.05.22 03:39:47.400,0.7857,0.78605,0.90,2.20
2008.05.22 03:39:47.778,0.78565,0.78605,0.20,2.20
2008.05.22 03:39:48.629,0.78565,0.78595,0.20,1.90
2008.05.22 03:39:49.202,0.7856,0.78595,0.90,2.20
2008.05.22 03:39:49.297,0.78555,0.78595,0.20,2.20
2008.05.22 03:39:51.717,0.7856,0.78595,0.60,2.20
2008.05.22 03:39:51.857,0.7856,0.78595,1.40,2.20
2008.05.22 03:39:52.010,0.78565,0.78595,0.20,1.90
2008.05.22 03:39:55.674,0.7856,0.78595,1.40,2.20
2008.05.22 03:39:55.702,0.7856,0.78595,1.40,0.40
2008.05.22 03:39:55.760,0.7856,0.7859,0.90,0.90
2008.05.22 03:39:56.296,0.78555,0.78595,0.20,0.40
2008.05.22 03:39:56.312,0.78555,0.78595,0.20,2.20
2008.05.22 03:39:56.374,0.78555,0.78595,0.20,3.20
2008.05.22 03:39:57.185,0.78555,0.78595,0.20,2.80
2008.05.22 03:39:57.411,0.78555,0.78595,0.20,1.90
2008.05.22 03:39:59.641,0.7855,0.78595,0.60,1.90
2008.05.22 03:39:59.745,0.78545,0.78595,0.20,1.90
2008.05.22 03:40:01.132,0.78545,0.78595,0.20,4.80
2008.05.22 03:40:01.220,0.78545,0.7859,0.20,7.20
2008.05.22 03:40:01.768,0.78545,0.7859,0.20,10.00
2008.05.22 03:40:01.799,0.78545,0.78585,0.20,0.40
2008.05.22 03:40:13.686,0.78545,0.78575,0.20,1.90
2008.05.22 03:40:25.417,0.78545,0.78575,0.20,2.80
2008.05.22 03:40:30.750,0.78535,0.78575,0.20,3.20
2008.05.22 03:40:30.807,0.78535,0.7857,0.20,0.60
2008.05.22 03:40:35.827,0.7854,0.78575,2.80,2.20
2008.05.22 03:40:36.332,0.78545,0.78575,0.20,1.90
2008.05.22 03:40:38.411,0.78535,0.78575,0.20,3.20
2008.05.22 03:40:38.867,0.78535,0.78575,0.20,2.20
2008.05.22 03:40:39.803,0.78535,0.78575,0.20,3.20
2008.05.22 03:40:39.882,0.78535,0.78575,0.20,4.20
2008.05.22 03:40:42.345,0.78535,0.7857,0.20,0.60
2008.05.22 03:40:42.762,0.78535,0.78565,0.20,0.90
2008.05.22 03:40:42.832,0.78535,0.78565,0.20,1.90
2008.05.22 03:40:43.368,0.78525,0.78565,2.00,2.20
2008.05.22 03:40:44.383,0.78525,0.7856,2.00,0.90
2008.05.22 03:40:44.761,0.78525,0.78565,2.00,3.20
2008.05.22 03:40:44.906,0.78525,0.78565,2.00,2.20
2008.05.22 03:40:47.827,0.78525,0.7856,2.00,2.40
2008.05.22 03:40:47.877,0.78525,0.7856,0.20,4.30
2008.05.22 03:40:48.261,0.7853,0.7856,1.90,2.40
2008.05.22 03:40:48.358,0.7853,0.78565,3.30,0.40
2008.05.22 03:40:48.408,0.78535,0.78575,0.20,3.30
2008.05.22 03:40:48.554,0.78535,0.78575,0.20,3.20
2008.05.22 03:40:48.698,0.78535,0.78575,0.20,4.20
2008.05.22 03:40:51.280,0.78535,0.7857,0.20,0.60
2008.05.22 03:40:52.245,0.78525,0.78565,2.00,0.40
2008.05.22 03:40:52.317,0.78525,0.7856,2.00,0.60
2008.05.22 03:40:52.356,0.78525,0.7856,0.20,0.60
2008.05.22 03:40:53.271,0.78525,0.78565,0.20,7.00
2008.05.22 03:40:53.454,0.78525,0.78565,0.20,3.20
2008.05.22 03:40:57.291,0.7852,0.78555,3.30,0.40
2008.05.22 03:40:57.383,0.78515,0.78555,2.00,1.30
2008.05.22 03:40:58.381,0.78515,0.78555,2.00,0.40
2008.05.22 03:40:58.465,0.78515,0.78555,2.00,2.20
2008.05.22 03:40:58.834,0.7852,0.78555,2.40,2.20
2008.05.22 03:40:58.869,0.7852,0.78555,2.40,0.40
2008.05.22 03:40:59.351,0.78525,0.78565,0.20,3.20
2008.05.22 03:41:00.295,0.78525,0.7856,0.20,0.60
2008.05.22 03:41:02.312,0.78525,0.78565,0.20,3.20
2008.05.22 03:41:02.851,0.78525,0.7856,0.20,0.60
2008.05.22 03:41:05.342,0.78525,0.78565,0.20,3.20
2008.05.22 03:41:16.833,0.78525,0.78565,2.00,3.20
2008.05.22 03:41:16.863,0.78525,0.78565,2.00,2.20
2008.05.22 03:41:21.108,0.78525,0.78565,2.00,3.20
2008.05.22 03:41:23.924,0.78525,0.78565,2.00,2.20
2008.05.22 03:41:25.148,0.78525,0.78565,2.00,3.20
2008.05.22 03:41:27.396,0.78525,0.78565,2.00,2.20
2008.05.22 03:41:31.518,0.7853,0.78565,5.20,2.20
2008.05.22 03:41:31.703,0.7853,0.78565,5.20,0.40
2008.05.22 03:41:31.888,0.78535,0.78575,0.20,4.20
2008.05.22 03:41:33.753,0.78535,0.78575,2.00,4.20
2008.05.22 03:41:35.987,0.78535,0.78575,2.00,3.20
2008.05.22 03:41:36.217,0.78535,0.78575,2.00,2.20
2008.05.22 03:41:36.425,0.78535,0.78575,2.20,2.20
2008.05.22 03:41:36.837,0.78535,0.78575,5.10,0.40
2008.05.22 03:41:36.941,0.7854,0.78575,1.50,0.40
2008.05.22 03:41:37.046,0.7854,0.78575,2.50,0.40
2008.05.22 03:41:37.150,0.7854,0.78575,2.40,0.40
2008.05.22 03:41:37.469,0.78545,0.78585,0.20,4.20
2008.05.22 03:41:38.948,0.78535,0.78575,2.00,1.30
2008.05.22 03:41:39.205,0.78535,0.78575,2.00,2.20
2008.05.22 03:41:40.669,0.78535,0.7857,2.00,0.90
2008.05.22 03:41:41.163,0.78535,0.78575,2.00,2.20
2008.05.22 03:41:43.917,0.78535,0.78575,1.90,2.20
2008.05.22 03:41:44.030,0.78525,0.78575,2.00,2.20
2008.05.22 03:41:45.873,0.78525,0.78575,4.90,2.20
2008.05.22 03:41:45.893,0.7853,0.78575,0.60,2.20
2008.05.22 03:41:46.469,0.78535,0.78575,0.20,2.20
2008.05.22 03:41:49.069,0.78535,0.78575,2.00,3.20
2008.05.22 03:41:49.114,0.78535,0.7857,2.00,0.90
2008.05.22 03:41:53.446,0.78535,0.7857,0.20,0.90
2008.05.22 03:41:53.520,0.78535,0.7857,0.20,1.40
2008.05.22 03:42:03.449,0.78535,0.7857,0.20,0.90
2008.05.22 03:42:12.033,0.78535,0.7857,0.20,1.40
2008.05.22 03:42:14.647,0.78535,0.7857,0.20,0.60
2008.05.22 03:42:19.652,0.78535,0.7857,0.20,1.40
2008.05.22 03:42:21.992,0.78535,0.7857,0.20,4.30
2008.05.22 03:42:22.056,0.78535,0.78565,0.20,2.80
2008.05.22 03:42:22.120,0.78535,0.7856,0.20,0.90
2008.05.22 03:42:22.539,0.78525,0.7856,2.00,0.90
2008.05.22 03:42:35.996,0.78525,0.7856,0.20,0.90
2008.05.22 03:42:36.076,0.78525,0.7856,0.20,1.40
2008.05.22 03:42:40.525,0.78525,0.7856,0.20,0.90
2008.05.22 03:42:42.005,0.78525,0.7856,0.20,1.40
2008.05.22 03:42:42.054,0.78525,0.78555,0.20,0.90
2008.05.22 03:42:42.103,0.78525,0.7855,0.20,0.90
2008.05.22 03:42:58.072,0.78515,0.7855,2.00,0.90
2008.05.22 03:42:58.086,0.78515,0.7855,0.20,1.40
2008.05.22 03:43:00.540,0.78515,0.7855,0.20,7.20
2008.05.22 03:43:00.674,0.78515,0.7854,0.20,0.90
2008.05.22 03:43:01.074,0.78505,0.7854,2.00,0.90
2008.05.22 03:43:02.513,0.78505,0.7854,2.20,0.90
2008.05.22 03:43:02.580,0.78505,0.78545,2.20,4.20
2008.05.22 03:43:02.615,0.7851,0.78545,2.40,1.30
2008.05.22 03:43:02.649,0.78515,0.78545,0.20,0.90
2008.05.22 03:43:02.913,0.78515,0.7855,0.20,0.90
2008.05.22 03:43:04.124,0.78515,0.7855,0.20,1.40
2008.05.22 03:43:08.045,0.78515,0.78545,0.20,1.90
2008.05.22 03:43:08.085,0.78505,0.78545,2.00,1.90
2008.05.22 03:43:09.998,0.78515,0.78545,0.20,1.90
2008.05.22 03:43:10.524,0.78515,0.78545,0.20,2.80
2008.05.22 03:43:10.639,0.78515,0.7854,0.20,0.90
2008.05.22 03:43:11.107,0.78505,0.7854,2.00,0.90
2008.05.22 03:43:12.068,0.78505,0.7854,2.00,1.40
2008.05.22 03:43:12.160,0.78505,0.7854,0.20,1.40
2008.05.22 03:43:14.004,0.78505,0.78535,0.20,0.90
2008.05.22 03:43:14.082,0.78505,0.7853,0.20,0.90
2008.05.22 03:43:14.160,0.78495,0.7853,2.00,0.90
2008.05.22 03:43:14.589,0.78495,0.7853,2.00,1.40
2008.05.22 03:43:14.628,0.78495,0.7853,0.20,1.40
2008.05.22 03:43:17.583,0.78495,0.7853,0.20,0.90
2008.05.22 03:43:18.086,0.78495,0.78535,0.20,4.20
2008.05.22 03:43:19.048,0.78495,0.78535,0.20,3.20
2008.05.22 03:43:19.122,0.78495,0.78535,0.20,2.20
2008.05.22 03:43:19.175,0.78495,0.78535,2.00,2.20
2008.05.22 03:43:21.520,0.78495,0.78535,2.00,3.20
2008.05.22 03:43:21.637,0.78495,0.78535,2.00,4.20
2008.05.22 03:43:23.590,0.78505,0.78535,0.20,1.90
2008.05.22 03:43:23.699,0.78505,0.78535,0.20,0.90
2008.05.22 03:43:23.900,0.78505,0.7854,0.20,0.90
2008.05.22 03:43:25.969,0.78515,0.78545,0.20,1.90
2008.05.22 03:43:27.622,0.78505,0.78545,2.00,1.90
2008.05.22 03:43:28.621,0.78505,0.78535,0.20,0.90
2008.05.22 03:43:28.888,0.78505,0.78535,0.20,1.90
2008.05.22 03:43:29.107,0.78495,0.78535,2.00,2.20
2008.05.22 03:43:30.560,0.78495,0.78535,4.90,1.30
2008.05.22 03:43:30.640,0.78505,0.7854,0.20,1.90
2008.05.22 03:43:30.719,0.78505,0.7854,0.20,0.90
2008.05.22 03:43:30.876,0.78505,0.78545,0.20,4.20
2008.05.22 03:43:31.113,0.78505,0.78545,0.20,7.00
2008.05.22 03:43:31.191,0.785,0.78535,0.90,1.30
2008.05.22 03:43:31.259,0.78495,0.78535,2.00,1.30
2008.05.22 03:43:31.358,0.78495,0.78535,2.00,2.20
2008.05.22 03:43:33.141,0.785,0.78535,1.40,1.30
2008.05.22 03:43:33.175,0.78505,0.7854,0.20,1.90
2008.05.22 03:43:33.209,0.78505,0.7854,0.20,0.90
2008.05.22 03:43:33.243,0.78505,0.78545,0.20,3.20
2008.05.22 03:43:33.343,0.78505,0.78545,0.20,4.20
2008.05.22 03:43:49.604,0.78515,0.78545,0.20,0.90
2008.05.22 03:43:49.944,0.78515,0.78555,0.20,4.20
2008.05.22 03:43:51.893,0.78515,0.7855,0.20,0.90
2008.05.22 03:43:53.296,0.78515,0.7855,2.00,0.90
2008.05.22 03:43:56.122,0.78515,0.7855,0.20,0.90
2008.05.22 03:43:56.219,0.78515,0.7855,0.20,1.40
2008.05.22 03:44:06.065,0.78515,0.78545,0.20,1.90
2008.05.22 03:44:10.803,0.78515,0.78545,0.20,2.80
2008.05.22 03:44:10.842,0.78515,0.7854,0.20,0.90
2008.05.22 03:44:11.267,0.78505,0.7854,2.00,0.90
2008.05.22 03:44:17.197,0.78505,0.7854,0.20,1.90
2008.05.22 03:44:17.317,0.78495,0.78535,2.00,1.30
2008.05.22 03:44:17.394,0.78495,0.7853,2.00,0.90
2008.05.22 03:44:18.943,0.78495,0.78535,2.00,2.20
2008.05.22 03:44:19.235,0.785,0.78535,0.90,0.40
2008.05.22 03:44:19.375,0.785,0.78535,2.40,0.40
2008.05.22 03:44:19.825,0.78505,0.7854,0.20,0.90
2008.05.22 03:44:23.352,0.78505,0.7854,2.00,0.90
2008.05.22 03:44:24.722,0.78505,0.7854,0.20,1.40
2008.05.22 03:44:26.175,0.78505,0.7854,0.20,0.90
2008.05.22 03:44:27.800,0.78505,0.7854,0.20,1.40
2008.05.22 03:44:31.707,0.78505,0.7854,0.20,0.90
2008.05.22 03:44:34.093,0.78505,0.7854,2.00,0.90
2008.05.22 03:44:34.808,0.78505,0.7854,0.20,1.40
2008.05.22 03:44:36.282,0.78505,0.7854,0.20,0.90
2008.05.22 03:44:36.382,0.78505,0.78545,0.20,2.20
2008.05.22 03:44:38.748,0.78505,0.78545,2.00,2.20
2008.05.22 03:44:44.806,0.78505,0.78545,2.00,3.20
2008.05.22 03:44:44.911,0.78505,0.7854,2.00,0.90
2008.05.22 03:44:48.793,0.78505,0.7854,0.20,0.90
2008.05.22 03:44:48.843,0.78505,0.7854,0.20,1.40
2008.05.22 03:44:53.248,0.78505,0.78535,0.20,1.90
2008.05.22 03:44:54.264,0.78495,0.78535,2.00,2.20
2008.05.22 03:45:00.810,0.78505,0.78535,0.20,1.90
2008.05.22 03:45:00.904,0.78505,0.7854,0.20,0.60
2008.05.22 03:45:03.469,0.78505,0.7854,2.00,0.60
2008.05.22 03:45:07.383,0.78505,0.7855,2.00,0.90
2008.05.22 03:45:07.634,0.78505,0.78555,2.00,2.20
2008.05.22 03:45:07.829,0.78505,0.7854,0.20,0.60
2008.05.22 03:45:10.394,0.78505,0.78555,0.20,2.20
2008.05.22 03:45:16.888,0.7851,0.78555,6.20,2.20
2008.05.22 03:45:17.499,0.78515,0.78555,0.20,2.20
2008.05.22 03:45:20.429,0.78515,0.7855,0.20,6.70
2008.05.22 03:45:20.578,0.78505,0.7855,1.00,6.70
2008.05.22 03:45:20.711,0.78505,0.7855,0.20,6.70
2008.05.22 03:45:22.880,0.7851,0.78545,0.60,1.90
2008.05.22 03:45:23.421,0.78515,0.78545,0.20,1.90
2008.05.22 03:46:04.673,0.7851,0.78545,0.60,2.20
2008.05.22 03:46:06.427,0.78505,0.78545,0.20,2.20
2008.05.22 03:46:07.019,0.7851,0.78545,0.60,2.20
2008.05.22 03:46:08.317,0.7851,0.78535,0.60,1.90
2008.05.22 03:46:12.936,0.78505,0.78535,3.00,1.90
2008.05.22 03:46:12.991,0.7851,0.78535,0.60,1.90
2008.05.22 03:46:13.391,0.78505,0.78535,3.00,1.90
2008.05.22 03:46:13.410,0.78505,0.78535,0.20,1.90
2008.05.22 03:46:28.524,0.7852,0.78535,5.70,1.90
2008.05.22 03:46:31.198,0.7852,0.78535,4.80,1.90
2008.05.22 03:46:35.912,0.7852,0.78545,4.80,2.20
2008.05.22 03:46:39.987,0.7852,0.78545,4.80,1.90
2008.05.22 03:46:42.377,0.78515,0.78545,0.20,1.90
2008.05.22 03:46:43.042,0.7851,0.78545,3.30,1.90
2008.05.22 03:46:43.998,0.78505,0.78545,3.00,1.90
2008.05.22 03:46:44.097,0.78505,0.78545,0.20,1.90
2008.05.22 03:46:44.592,0.78505,0.78545,0.20,2.20
2008.05.22 03:46:47.992,0.78505,0.78535,0.20,1.90
2008.05.22 03:46:50.004,0.785,0.78535,3.80,2.20
2008.05.22 03:46:50.119,0.78495,0.78535,0.20,2.20
2008.05.22 03:46:50.926,0.785,0.78535,0.60,2.20
2008.05.22 03:46:51.021,0.785,0.78535,0.60,1.90
2008.05.22 03:46:55.500,0.78505,0.78535,0.20,1.90
2008.05.22 03:47:03.592,0.785,0.78535,0.60,2.20
2008.05.22 03:47:05.950,0.78495,0.78535,3.00,2.20
2008.05.22 03:47:06.034,0.78495,0.78535,0.20,2.20
2008.05.22 03:47:07.987,0.78495,0.78535,0.40,2.20
2008.05.22 03:47:08.002,0.785,0.78535,1.90,2.20
2008.05.22 03:47:08.016,0.785,0.78535,1.90,1.90
2008.05.22 03:47:08.113,0.785,0.78535,3.30,1.90
2008.05.22 03:47:09.639,0.785,0.78535,4.30,1.90
2008.05.22 03:47:10.510,0.785,0.78535,0.90,2.20
2008.05.22 03:47:10.600,0.7849,0.78535,11.10,2.20
2008.05.22 03:47:10.709,0.7849,0.78535,6.30,2.20
2008.05.22 03:47:12.633,0.7849,0.78535,5.40,2.20
2008.05.22 03:47:16.487,0.7849,0.78525,5.40,1.90
2008.05.22 03:47:16.547,0.7849,0.78525,4.40,1.90
2008.05.22 03:47:16.607,0.7849,0.78525,3.40,2.20
2008.05.22 03:47:16.665,0.7849,0.78525,3.30,2.20
2008.05.22 03:47:20.009,0.78485,0.78525,1.00,2.20
2008.05.22 03:47:22.037,0.78485,0.78525,3.90,2.20
2008.05.22 03:47:22.072,0.7849,0.78525,3.30,1.90
2008.05.22 03:47:24.090,0.7849,0.78525,2.40,1.90
2008.05.22 03:47:26.030,0.7849,0.78525,0.90,2.20
2008.05.22 03:47:26.167,0.78485,0.7852,0.90,1.90
2008.05.22 03:47:38.553,0.78485,0.7852,0.90,9.10
2008.05.22 03:47:38.629,0.78485,0.78515,0.90,2.20
2008.05.22 03:47:41.049,0.7849,0.78515,5.20,1.90
2008.05.22 03:47:41.164,0.7849,0.78525,5.20,3.20
2008.05.22 03:47:41.383,0.7849,0.78525,5.20,2.20
2008.05.22 03:47:41.604,0.7849,0.78525,5.20,1.90
2008.05.22 03:47:46.572,0.78495,0.78525,0.20,1.90
2008.05.22 03:48:17.614,0.78495,0.7853,3.20,0.90
2008.05.22 03:48:17.754,0.785,0.7853,3.30,0.90
2008.05.22 03:48:17.877,0.785,0.78535,3.30,2.20
2008.05.22 03:48:18.248,0.78505,0.78535,0.20,1.90
2008.05.22 03:48:21.451,0.78505,0.7854,0.20,1.90
2008.05.22 03:48:23.660,0.78505,0.7854,0.20,0.90
2008.05.22 03:48:23.805,0.78505,0.78545,2.00,2.20
2008.05.22 03:48:34.731,0.7851,0.78545,2.40,2.20
2008.05.22 03:48:34.820,0.7851,0.78545,2.40,0.40
2008.05.22 03:48:35.249,0.78515,0.7855,0.20,1.90
2008.05.22 03:48:52.186,0.78515,0.7855,0.20,2.40
2008.05.22 03:48:53.444,0.78515,0.78545,0.20,1.90
2008.05.22 03:48:58.740,0.78515,0.7855,0.20,1.90
2008.05.22 03:49:23.446,0.78515,0.7855,2.00,1.90
2008.05.22 03:49:23.724,0.78515,0.7855,2.00,0.90
2008.05.22 03:49:23.910,0.78515,0.78555,2.00,2.20
2008.05.22 03:49:24.426,0.78515,0.7855,2.00,1.30
2008.05.22 03:49:53.447,0.78525,0.7855,1.90,1.30
2008.05.22 03:50:00.891,0.78525,0.7855,1.90,1.80
2008.05.22 03:50:03.295,0.78525,0.7855,1.90,1.30
2008.05.22 03:50:03.334,0.78525,0.7855,1.90,0.70
2008.05.22 03:50:03.410,0.78525,0.78555,1.90,0.40
2008.05.22 03:50:23.410,0.78535,0.78555,1.90,0.40
2008.05.22 03:50:47.854,0.78525,0.78555,1.90,0.40
2008.05.22 03:51:29.604,0.78515,0.78555,2.00,0.40
2008.05.22 03:51:35.511,0.78515,0.7855,2.00,0.60
2008.05.22 03:51:35.611,0.78515,0.7855,2.00,1.80
2008.05.22 03:51:43.007,0.78515,0.7855,2.00,4.60
2008.05.22 03:51:43.040,0.78515,0.7855,0.20,4.60
2008.05.22 03:51:43.074,0.78505,0.78545,2.00,0.40
2008.05.22 03:51:52.570,0.78515,0.78545,0.60,0.40
2008.05.22 03:51:53.412,0.78515,0.78545,2.40,0.40
2008.05.22 03:51:59.024,0.78515,0.7855,2.50,1.80
2008.05.22 03:51:59.168,0.78515,0.78555,2.50,2.20
2008.05.22 03:52:00.043,0.7852,0.78555,0.90,2.20
2008.05.22 03:52:00.167,0.7852,0.78555,2.40,0.40
2008.05.22 03:52:00.639,0.78525,0.7856,0.20,1.30
2008.05.22 03:52:02.589,0.7852,0.78555,1.40,0.40
2008.05.22 03:52:02.676,0.78515,0.78555,2.50,0.40
2008.05.22 03:52:07.086,0.78515,0.7855,2.50,0.70
2008.05.22 03:52:07.111,0.78515,0.7855,2.50,1.30
2008.05.22 03:52:10.157,0.78515,0.7855,2.50,0.60
2008.05.22 03:52:10.410,0.78515,0.78555,2.50,0.40
2008.05.22 03:52:14.082,0.78515,0.7855,2.50,0.70
2008.05.22 03:52:14.298,0.78515,0.7855,2.50,1.30
2008.05.22 03:52:16.676,0.78515,0.7855,2.50,1.80
2008.05.22 03:52:22.638,0.78515,0.7855,2.50,1.30
2008.05.22 03:52:27.182,0.78515,0.7855,2.50,1.80
2008.05.22 03:52:30.102,0.7852,0.7855,4.80,0.70
2008.05.22 03:52:30.128,0.7852,0.78555,4.80,1.00
2008.05.22 03:52:30.301,0.7852,0.78555,4.80,1.60
2008.05.22 03:52:33.568,0.7852,0.78555,4.90,1.60
2008.05.22 03:52:33.724,0.7852,0.78555,5.40,1.60
2008.05.22 03:52:33.758,0.78525,0.78555,1.90,0.90
2008.05.22 03:52:33.890,0.78525,0.78555,1.90,0.40
2008.05.22 03:52:34.059,0.78525,0.7856,2.00,1.30
2008.05.22 03:52:35.096,0.7853,0.7856,0.20,1.30
2008.05.22 03:52:36.210,0.7853,0.7856,0.20,0.60
2008.05.22 03:52:36.324,0.7853,0.78565,0.20,0.40
2008.05.22 03:52:37.128,0.7853,0.78565,2.00,0.40
2008.05.22 03:52:37.240,0.7853,0.78565,3.40,0.40
2008.05.22 03:52:37.273,0.78535,0.78565,1.90,0.40
2008.05.22 03:52:37.603,0.78535,0.7857,2.00,1.30
2008.05.22 03:52:40.320,0.7854,0.78575,0.20,0.40
2008.05.22 03:52:41.267,0.7854,0.78575,2.50,0.40
2008.05.22 03:52:41.634,0.78545,0.78585,0.20,2.20
2008.05.22 03:52:42.065,0.78545,0.78585,2.00,2.20
2008.05.22 03:52:42.213,0.78545,0.78585,2.00,0.40
2008.05.22 03:52:43.646,0.7855,0.78585,0.90,0.40
2008.05.22 03:52:43.729,0.78555,0.78585,1.90,0.40
2008.05.22 03:52:43.830,0.78565,0.78585,0.60,0.40
2008.05.22 03:52:44.159,0.78565,0.78595,0.60,2.20
2008.05.22 03:52:45.581,0.78565,0.78595,0.60,2.70
2008.05.22 03:52:45.615,0.78565,0.7859,0.60,0.60
2008.05.22 03:52:45.804,0.78565,0.78595,0.60,2.20
2008.05.22 03:52:46.090,0.78565,0.78595,0.60,0.40
2008.05.22 03:52:46.175,0.78565,0.786,0.60,3.30
2008.05.22 03:52:46.240,0.78565,0.78605,0.60,2.40
2008.05.22 03:52:46.266,0.78565,0.78605,0.60,2.20
2008.05.22 03:52:46.757,0.78565,0.78605,0.60,2.40
2008.05.22 03:52:47.228,0.7855,0.78605,0.20,0.70
2008.05.22 03:52:51.132,0.7855,0.78605,0.40,0.70
2008.05.22 03:52:51.188,0.7856,0.78605,14.40,0.70
2008.05.22 03:52:51.252,0.7856,0.78605,14.50,0.40
2008.05.22 03:52:51.677,0.78565,0.78605,0.20,0.40
2008.05.22 03:52:52.219,0.7857,0.78605,0.20,0.40
2008.05.22 03:52:52.314,0.7857,0.78605,0.40,0.40
2008.05.22 03:52:52.780,0.78575,0.78615,0.20,2.20
2008.05.22 03:52:53.248,0.78575,0.7862,0.20,3.30
2008.05.22 03:52:53.293,0.78575,0.78625,0.20,0.60
2008.05.22 03:52:53.379,0.78575,0.78635,0.40,2.20
2008.05.22 03:52:54.120,0.78585,0.78635,0.20,2.20
2008.05.22 03:52:54.336,0.78595,0.78635,0.20,2.20
2008.05.22 03:52:54.689,0.7858,0.78615,0.90,0.40
2008.05.22 03:52:55.209,0.78565,0.78615,1.90,0.40
2008.05.22 03:52:55.724,0.78565,0.78615,2.00,0.40
2008.05.22 03:52:55.828,0.7857,0.78615,0.20,0.40
2008.05.22 03:52:58.643,0.7857,0.78615,0.20,0.70
2008.05.22 03:52:58.742,0.7857,0.78615,0.20,2.40
2008.05.22 03:52:58.842,0.7857,0.78615,0.20,2.20
2008.05.22 03:53:01.550,0.7857,0.78615,0.60,2.20
2008.05.22 03:53:03.735,0.7857,0.7861,0.20,0.60
2008.05.22 03:53:04.176,0.78575,0.78615,1.90,2.20
2008.05.22 03:53:04.263,0.78575,0.78615,2.00,2.20
2008.05.22 03:53:05.699,0.78575,0.78615,2.00,1.90
2008.05.22 03:53:05.817,0.78575,0.7863,2.00,6.70
2008.05.22 03:53:05.934,0.78575,0.78635,2.00,2.40
2008.05.22 03:53:06.802,0.78575,0.78635,2.20,2.40
2008.05.22 03:53:08.178,0.78575,0.7863,2.20,0.60
2008.05.22 03:53:08.242,0.78575,0.7863,2.00,0.60
2008.05.22 03:53:08.317,0.78575,0.7863,2.00,0.60
2008.05.22 03:53:08.827,0.78575,0.78625,2.00,0.40
2008.05.22 03:53:11.687,0.78575,0.78625,2.00,5.10
2008.05.22 03:53:11.827,0.78575,0.7862,2.00,3.30
2008.05.22 03:53:12.379,0.78575,0.78615,2.00,0.40
2008.05.22 03:53:13.221,0.7857,0.78615,0.60,2.20
2008.05.22 03:53:13.392,0.78565,0.78615,2.00,2.20
2008.05.22 03:53:15.772,0.78565,0.7861,2.00,3.30
2008.05.22 03:53:16.201,0.78565,0.78605,2.00,0.40
2008.05.22 03:53:26.254,0.78565,0.786,2.00,0.60
2008.05.22 03:53:31.218,0.78575,0.786,1.90,0.60
2008.05.22 03:53:31.377,0.78575,0.78605,1.90,0.40
2008.05.22 03:53:35.661,0.78585,0.78605,1.90,0.40
2008.05.22 03:53:35.730,0.78585,0.7861,1.90,0.60
2008.05.22 03:53:35.803,0.78585,0.78615,1.90,0.40
2008.05.22 03:53:44.117,0.7859,0.78615,4.80,0.40
2008.05.22 03:53:46.780,0.7859,0.78625,4.80,0.40
2008.05.22 03:53:48.343,0.7859,0.78615,4.80,0.40
2008.05.22 03:53:49.743,0.7859,0.7862,4.80,3.30
2008.05.22 03:53:49.837,0.7859,0.7862,4.80,0.60
2008.05.22 03:53:50.794,0.7859,0.7862,4.80,2.40
2008.05.22 03:53:51.379,0.7859,0.78615,4.80,0.40
2008.05.22 03:53:53.793,0.78595,0.78615,1.90,0.40
2008.05.22 03:53:53.960,0.786,0.78615,4.80,0.40
2008.05.22 03:53:54.330,0.786,0.78625,4.80,0.40
2008.05.22 03:53:56.834,0.786,0.7863,4.80,1.40
2008.05.22 03:53:56.939,0.786,0.7863,4.80,0.60
2008.05.22 03:53:59.338,0.786,0.78635,4.80,0.40
2008.05.22 03:54:01.311,0.786,0.78635,11.50,0.40
2008.05.22 03:54:01.395,0.7861,0.78635,4.80,0.40
2008.05.22 03:54:04.645,0.78605,0.78635,1.90,0.40
2008.05.22 03:54:11.793,0.78605,0.7864,2.00,0.60
2008.05.22 03:54:11.889,0.78615,0.78645,1.90,0.40
2008.05.22 03:54:13.326,0.78615,0.78645,1.90,3.20
2008.05.22 03:54:13.476,0.78615,0.7864,1.90,0.60
2008.05.22 03:54:14.789,0.78615,0.78645,1.90,0.40
2008.05.22 03:54:15.836,0.78615,0.7864,1.90,0.60
2008.05.22 03:54:17.449,0.78615,0.78645,1.90,0.40
2008.05.22 03:54:20.377,0.78615,0.78645,1.90,3.20
2008.05.22 03:54:20.421,0.78615,0.7864,1.90,0.60
2008.05.22 03:54:21.330,0.78615,0.78645,1.90,0.40
2008.05.22 03:54:23.859,0.78615,0.7864,1.90,0.60
2008.05.22 03:54:24.362,0.78615,0.78645,1.90,3.20
2008.05.22 03:54:24.427,0.78615,0.78645,1.90,0.40
2008.05.22 03:54:26.383,0.78615,0.7865,1.90,0.20
2008.05.22 03:54:26.874,0.78615,0.7865,4.80,0.20
2008.05.22 03:54:26.941,0.78625,0.7866,0.20,0.20
2008.05.22 03:54:27.048,0.78625,0.78665,0.20,0.40
2008.05.22 03:54:28.278,0.78625,0.78665,0.20,3.20
2008.05.22 03:54:28.348,0.7862,0.78655,0.90,0.40
2008.05.22 03:54:28.418,0.78615,0.78655,1.90,0.40
2008.05.22 03:54:28.826,0.78615,0.78655,1.90,3.20
2008.05.22 03:54:28.857,0.78615,0.7865,1.90,3.30
2008.05.22 03:54:29.191,0.78615,0.78645,1.90,0.40
2008.05.22 03:54:34.790,0.78625,0.78645,1.90,0.40
2008.05.22 03:54:35.270,0.78615,0.78645,1.90,0.40
2008.05.22 03:54:35.894,0.78615,0.7864,1.90,1.90
2008.05.22 03:54:37.431,0.78615,0.78645,1.90,0.40
2008.05.22 03:54:39.473,0.78625,0.78645,1.90,0.40
2008.05.22 03:54:39.713,0.78625,0.7865,1.90,1.90
2008.05.22 03:54:41.419,0.78625,0.78655,1.90,0.40
2008.05.22 03:54:44.859,0.7865,0.7867,6.70,0.90
2008.05.22 03:54:44.955,0.7865,0.7868,6.70,0.90
2008.05.22 03:54:45.049,0.78655,0.7868,0.20,0.90
2008.05.22 03:54:45.237,0.78655,0.7869,0.20,0.60
2008.05.22 03:54:45.425,0.7864,0.78665,6.70,0.40
2008.05.22 03:54:45.520,0.78645,0.78665,1.90,0.40
2008.05.22 03:54:45.614,0.7863,0.78665,7.60,0.40
2008.05.22 03:54:45.708,0.7863,0.78665,2.80,0.40
2008.05.22 03:54:45.884,0.7863,0.78665,6.70,0.40
2008.05.22 03:54:45.943,0.78635,0.7868,0.20,0.20
2008.05.22 03:54:46.118,0.78635,0.78685,0.20,0.40
2008.05.22 03:54:47.964,0.78635,0.7867,0.20,3.30
2008.05.22 03:54:48.452,0.78635,0.7867,0.20,0.60
2008.05.22 03:54:48.697,0.78635,0.78685,0.20,2.20
2008.05.22 03:54:48.942,0.78635,0.7868,0.20,0.60
2008.05.22 03:54:49.352,0.78645,0.7868,0.20,0.60
2008.05.22 03:54:49.958,0.78645,0.78685,0.20,2.20
2008.05.22 03:54:50.909,0.78645,0.78685,0.20,0.40
2008.05.22 03:54:51.203,0.78655,0.7869,0.20,0.60
2008.05.22 03:54:51.998,0.78655,0.78695,0.20,5.10
2008.05.22 03:54:52.053,0.78655,0.78695,0.20,2.20
2008.05.22 03:54:52.379,0.7866,0.78695,1.90,2.20
2008.05.22 03:54:52.922,0.78655,0.78695,0.20,2.20
2008.05.22 03:54:53.032,0.78655,0.7868,0.20,1.90
2008.05.22 03:54:53.508,0.78655,0.7868,2.00,1.90
2008.05.22 03:54:53.918,0.7865,0.78685,0.90,0.40
2008.05.22 03:54:54.056,0.78645,0.78685,2.00,0.40
2008.05.22 03:54:56.026,0.78645,0.7868,2.00,0.60
2008.05.22 03:54:56.445,0.78645,0.78675,1.90,0.40
2008.05.22 03:54:57.976,0.78645,0.78685,2.00,0.40
2008.05.22 03:54:58.437,0.7865,0.78685,2.80,0.40
2008.05.22 03:54:59.895,0.78655,0.78695,0.20,5.10
2008.05.22 03:55:00.176,0.78655,0.7868,2.00,1.90
2008.05.22 03:55:02.837,0.78655,0.78685,2.00,1.90
2008.05.22 03:55:02.951,0.78655,0.78695,2.00,2.20
2008.05.22 03:55:03.959,0.7866,0.78695,0.90,2.20
2008.05.22 03:55:04.048,0.78665,0.78695,0.20,1.90
2008.05.22 03:55:05.390,0.78665,0.78685,0.20,1.90
2008.05.22 03:55:05.459,0.78655,0.78685,2.00,1.90
2008.05.22 03:55:06.017,0.78655,0.78695,2.00,2.20
2008.05.22 03:55:07.050,0.78655,0.78695,2.00,4.20
2008.05.22 03:55:07.548,0.78655,0.78685,2.00,1.90
2008.05.22 03:55:10.889,0.78655,0.78695,2.00,4.20
2008.05.22 03:55:11.013,0.78655,0.7869,2.00,1.90
2008.05.22 03:55:11.034,0.78655,0.78685,1.90,0.40
2008.05.22 03:55:12.971,0.78655,0.7868,1.90,1.90
2008.05.22 03:55:14.933,0.78655,0.78685,1.90,0.40
2008.05.22 03:55:17.089,0.78655,0.7868,1.90,1.90
2008.05.22 03:55:18.402,0.78655,0.78685,1.90,0.40
2008.05.22 03:55:19.511,0.78655,0.7868,1.90,1.90
2008.05.22 03:55:20.440,0.78655,0.78685,1.90,0.40
2008.05.22 03:55:21.701,0.78655,0.7868,1.90,1.90
2008.05.22 03:55:25.967,0.78655,0.78675,1.90,0.40
2008.05.22 03:55:34.438,0.78645,0.78675,1.90,0.40
2008.05.22 03:55:41.408,0.78645,0.7867,1.90,1.90
2008.05.22 03:55:48.938,0.78645,0.78665,1.90,0.40
2008.05.22 03:55:49.944,0.78635,0.78665,1.90,0.40
2008.05.22 03:55:50.468,0.78635,0.7866,1.90,1.90
2008.05.22 03:55:54.072,0.78635,0.78665,1.90,0.40
2008.05.22 03:55:54.469,0.78635,0.7866,1.90,1.90
2008.05.22 03:55:55.630,0.78635,0.78665,1.90,0.40
2008.05.22 03:55:58.550,0.78635,0.78675,4.90,0.40
2008.05.22 03:55:58.598,0.7864,0.78675,0.60,0.40
2008.05.22 03:56:03.035,0.78645,0.78675,1.90,0.40
2008.05.22 03:56:04.670,0.78645,0.7867,1.90,1.90
2008.05.22 03:56:10.446,0.78645,0.7867,2.00,1.90
2008.05.22 03:56:10.545,0.7866,0.7867,1.40,1.90
2008.05.22 03:56:10.612,0.7866,0.7869,1.40,3.70
2008.05.22 03:56:10.681,0.7866,0.7869,2.40,1.90
2008.05.22 03:56:10.914,0.78665,0.7869,0.20,1.90
2008.05.22 03:56:11.046,0.7866,0.78685,1.40,0.40
2008.05.22 03:56:11.114,0.7865,0.7868,5.60,1.90
2008.05.22 03:56:11.408,0.78645,0.7868,2.00,1.90
2008.05.22 03:56:13.599,0.78645,0.7868,2.00,2.40
2008.05.22 03:56:14.062,0.78645,0.78675,1.90,0.40
2008.05.22 03:56:14.150,0.78645,0.7867,1.90,1.90
2008.05.22 03:56:15.583,0.78635,0.7867,0.20,10.00
2008.05.22 03:56:15.754,0.78625,0.7865,2.00,1.90
2008.05.22 03:56:16.562,0.78625,0.7865,1.60,1.90
2008.05.22 03:56:16.586,0.78655,0.7867,0.20,0.20
2008.05.22 03:56:16.707,0.78655,0.7868,0.20,1.90
2008.05.22 03:56:16.807,0.78655,0.78685,0.20,1.90
2008.05.22 03:56:17.535,0.7865,0.78685,0.90,2.20
2008.05.22 03:56:17.635,0.7864,0.78685,4.80,2.20
2008.05.22 03:56:17.760,0.78635,0.78685,3.00,2.20
2008.05.22 03:56:17.888,0.78635,0.78685,2.00,2.20
2008.05.22 03:56:18.534,0.78635,0.7868,2.00,2.80
2008.05.22 03:56:18.662,0.78635,0.7868,2.00,3.30
2008.05.22 03:56:19.157,0.78635,0.78675,2.00,2.20
2008.05.22 03:56:21.010,0.78635,0.78675,2.00,5.10
2008.05.22 03:56:21.066,0.78635,0.7867,2.00,6.20
2008.05.22 03:56:21.095,0.78635,0.7867,0.20,6.20
2008.05.22 03:56:21.578,0.78625,0.78665,2.00,0.40
2008.05.22 03:56:21.607,0.78625,0.78655,2.00,1.90
2008.05.22 03:56:24.120,0.78625,0.78645,0.20,1.90
2008.05.22 03:56:24.276,0.78615,0.78645,2.00,1.90
2008.05.22 03:56:26.076,0.78615,0.78655,2.00,4.20
2008.05.22 03:56:26.546,0.78615,0.78635,0.20,1.90
2008.05.22 03:56:26.609,0.78605,0.78635,0.90,2.20
