2017.10.18 08:00:02.010,0.7129,0.71298,1.87,1.00
2017.10.18 08:00:02.267,0.71284,0.71293,1.50,2.62
2017.10.18 08:00:02.370,0.71285,0.71295,1.00,3.00
2017.10.18 08:00:02.694,0.71288,0.71297,1.00,1.00
2017.10.18 08:00:03.461,0.71288,0.71296,1.50,1.00
2017.10.18 08:00:04.008,0.71288,0.71297,1.50,2.63
2017.10.18 08:00:05.909,0.71288,0.71296,1.50,1.00
2017.10.18 08:00:06.618,0.71288,0.71297,1.50,2.25
2017.10.18 08:00:07.890,0.71288,0.71296,1.50,1.00
2017.10.18 08:00:09.087,0.71288,0.71297,1.50,1.50
2017.10.18 08:00:10.185,0.71289,0.71297,1.00,1.00
2017.10.18 08:00:12.850,0.71289,0.71296,1.00,1.00
2017.10.18 08:00:13.415,0.71289,0.71297,1.00,1.50
2017.10.18 08:00:14.594,0.71289,0.71298,1.00,2.63
2017.10.18 08:00:15.119,0.71289,0.71297,1.50,1.50
2017.10.18 08:00:16.020,0.71289,0.71298,1.50,3.37
2017.10.18 08:00:16.657,0.71289,0.71298,1.00,4.50
2017.10.18 08:00:17.244,0.7129,0.71298,1.00,1.00
2017.10.18 08:00:17.409,0.71291,0.713,1.00,2.81
2017.10.18 08:00:17.769,0.71293,0.71301,1.13,1.50
2017.10.18 08:00:17.923,0.71297,0.71306,1.50,2.06
2017.10.18 08:00:18.025,0.71297,0.71304,1.00,1.00
2017.10.18 08:00:18.379,0.71297,0.71306,1.50,2.06
2017.10.18 08:00:18.890,0.71297,0.71306,1.50,1.50
2017.10.18 08:00:19.196,0.71296,0.71303,1.00,1.00
2017.10.18 08:00:19.504,0.71296,0.71305,1.50,1.31
2017.10.18 08:00:19.607,0.71296,0.71304,1.00,1.87
2017.10.18 08:00:19.915,0.71296,0.71305,1.50,1.00
2017.10.18 08:00:20.170,0.71295,0.71303,1.00,1.69
2017.10.18 08:00:20.590,0.71292,0.71299,1.00,2.63
2017.10.18 08:00:20.745,0.71292,0.713,1.00,1.25
2017.10.18 08:00:21.885,0.71292,0.71301,1.00,4.31
2017.10.18 08:00:22.298,0.71292,0.71299,1.00,1.00
2017.10.18 08:00:22.491,0.71292,0.71301,1.00,7.69
2017.10.18 08:00:23.011,0.71292,0.713,1.00,1.00
2017.10.18 08:00:23.280,0.71293,0.71302,1.50,1.25
2017.10.18 08:00:23.904,0.71294,0.71303,1.00,2.06
2017.10.18 08:00:24.362,0.71292,0.71301,1.95,1.69
2017.10.18 08:00:24.711,0.71294,0.71301,1.50,1.00
2017.10.18 08:00:25.225,0.71293,0.713,1.00,1.00
2017.10.18 08:00:25.276,0.71291,0.713,1.57,1.50
2017.10.18 08:00:25.430,0.71293,0.71301,1.00,2.25
2017.10.18 08:00:25.980,0.71294,0.713,1.00,1.00
2017.10.18 08:00:26.032,0.71292,0.71301,1.00,2.25
2017.10.18 08:00:27.276,0.71292,0.713,1.00,1.00
2017.10.18 08:00:28.144,0.71294,0.71301,1.50,1.00
2017.10.18 08:00:28.196,0.71294,0.71303,1.50,2.06
2017.10.18 08:00:28.247,0.71294,0.71301,1.00,1.00
2017.10.18 08:00:28.758,0.71294,0.71303,1.50,2.44
2017.10.18 08:00:29.192,0.71294,0.71302,1.50,1.44
2017.10.18 08:00:29.708,0.71294,0.71302,1.50,1.25
2017.10.18 08:00:30.319,0.71294,0.71303,1.00,2.81
2017.10.18 08:00:30.626,0.71293,0.71301,1.00,1.00
2017.10.18 08:00:31.299,0.71292,0.71301,1.50,1.69
2017.10.18 08:00:31.810,0.71292,0.713,1.00,1.25
2017.10.18 08:00:32.643,0.71292,0.71299,1.00,1.00
2017.10.18 08:00:33.102,0.7129,0.71299,1.00,2.63
2017.10.18 08:00:33.613,0.7129,0.71299,1.50,1.69
2017.10.18 08:00:34.164,0.7129,0.71298,1.50,1.88
2017.10.18 08:00:35.526,0.71289,0.71297,1.00,1.00
2017.10.18 08:00:36.125,0.71289,0.71298,1.00,2.25
2017.10.18 08:00:36.634,0.71288,0.71295,1.00,1.00
2017.10.18 08:00:37.145,0.71288,0.71296,1.00,1.00
2017.10.18 08:00:37.696,0.71289,0.71298,1.00,1.88
2017.10.18 08:00:38.220,0.7129,0.71298,1.50,1.25
2017.10.18 08:00:40.022,0.7129,0.71298,1.00,1.31
2017.10.18 08:00:40.125,0.7129,0.71299,1.50,2.81
2017.10.18 08:00:40.641,0.7129,0.71298,1.50,1.00
2017.10.18 08:00:41.145,0.7129,0.71299,1.50,2.81
2017.10.18 08:00:41.604,0.7129,0.71297,1.00,1.00
2017.10.18 08:00:41.808,0.7129,0.71299,1.00,3.38
2017.10.18 08:00:42.376,0.7129,0.71298,1.00,1.00
2017.10.18 08:00:42.938,0.7129,0.71299,1.00,2.44
2017.10.18 08:00:44.176,0.7129,0.71298,1.00,1.00
2017.10.18 08:00:45.274,0.7129,0.71299,1.00,2.63
2017.10.18 08:00:45.830,0.7129,0.71299,1.00,3.94
2017.10.18 08:00:46.563,0.7129,0.71299,1.00,2.44
2017.10.18 08:00:46.869,0.71293,0.713,1.00,1.12
2017.10.18 08:00:46.971,0.71293,0.71302,1.00,1.50
2017.10.18 08:00:47.353,0.71296,0.71305,1.00,2.25
2017.10.18 08:00:47.408,0.71296,0.71306,1.50,2.06
2017.10.18 08:00:47.460,0.71298,0.71306,1.00,1.87
2017.10.18 08:00:48.727,0.71298,0.71307,1.50,1.31
2017.10.18 08:00:49.232,0.71299,0.71308,1.50,1.69
2017.10.18 08:00:51.114,0.71299,0.71309,1.50,4.87
2017.10.18 08:00:51.723,0.71299,0.71309,1.50,5.25
2017.10.18 08:00:52.257,0.71299,0.71308,1.50,1.38
2017.10.18 08:00:52.925,0.71299,0.71308,1.50,1.69
2017.10.18 08:00:53.445,0.71299,0.71307,1.50,1.13
2017.10.18 08:00:53.955,0.71299,0.71306,1.50,1.00
2017.10.18 08:00:54.523,0.71297,0.71307,1.87,1.69
2017.10.18 08:00:55.725,0.71299,0.71308,1.00,3.00
2017.10.18 08:00:56.233,0.71299,0.71306,1.00,1.00
2017.10.18 08:00:56.737,0.71299,0.71307,1.00,1.50
2017.10.18 08:00:57.086,0.71299,0.71305,1.00,1.00
2017.10.18 08:00:57.255,0.71299,0.71307,1.00,1.50
2017.10.18 08:00:57.634,0.71299,0.71305,1.00,1.00
2017.10.18 08:00:57.743,0.71299,0.71307,1.00,2.25
2017.10.18 08:00:58.268,0.71299,0.71306,1.00,1.00
2017.10.18 08:00:58.838,0.71298,0.71307,1.00,4.13
2017.10.18 08:00:59.397,0.71298,0.71307,1.00,1.87
2017.10.18 08:00:59.772,0.71297,0.71305,1.50,1.31
2017.10.18 08:01:00.093,0.71294,0.71303,2.25,1.00
2017.10.18 08:01:00.350,0.71294,0.71304,1.50,1.88
2017.10.18 08:01:00.503,0.71295,0.71302,1.50,1.00
2017.10.18 08:01:01.011,0.71295,0.71303,1.50,1.00
2017.10.18 08:01:01.113,0.71296,0.71305,1.50,1.25
2017.10.18 08:01:01.319,0.71297,0.71304,1.37,1.00
2017.10.18 08:01:01.568,0.713,0.71307,1.00,1.00
2017.10.18 08:01:03.616,0.713,0.71308,1.00,1.25
2017.10.18 08:01:04.031,0.71299,0.71306,1.50,1.25
2017.10.18 08:01:04.082,0.71299,0.71308,1.87,2.62
2017.10.18 08:01:04.594,0.713,0.71309,1.50,1.00
2017.10.18 08:01:05.120,0.71302,0.71309,1.00,1.00
2017.10.18 08:01:05.538,0.713,0.71309,1.50,1.12
2017.10.18 08:01:05.793,0.71302,0.71311,1.00,3.38
2017.10.18 08:01:06.765,0.71302,0.71311,1.00,3.19
2017.10.18 08:01:07.363,0.71302,0.7131,1.00,2.25
2017.10.18 08:01:07.791,0.71301,0.7131,1.50,3.75
2017.10.18 08:01:08.325,0.71301,0.7131,1.50,2.25
2017.10.18 08:01:08.876,0.71301,0.7131,1.50,2.25
2017.10.18 08:01:09.406,0.71301,0.71309,1.50,1.12
2017.10.18 08:01:09.935,0.71301,0.7131,1.50,3.00
2017.10.18 08:01:10.483,0.71301,0.71309,1.00,1.12
2017.10.18 08:01:12.532,0.71301,0.7131,1.87,1.69
2017.10.18 08:01:13.124,0.71301,0.7131,1.87,3.00
2017.10.18 08:01:13.766,0.71301,0.7131,1.50,1.87
2017.10.18 08:01:14.582,0.71301,0.7131,1.50,2.25
2017.10.18 08:01:15.184,0.71301,0.7131,1.87,1.87
2017.10.18 08:01:16.064,0.71301,0.7131,2.06,1.87
2017.10.18 08:01:16.586,0.71301,0.7131,2.06,1.50
2017.10.18 08:01:17.528,0.71304,0.7131,1.00,1.00
2017.10.18 08:01:17.834,0.71307,0.71313,1.50,1.50
2017.10.18 08:01:18.055,0.71307,0.71316,2.25,3.08
2017.10.18 08:01:18.106,0.71308,0.71317,2.25,1.69
2017.10.18 08:01:18.617,0.71309,0.71317,1.00,2.25
2017.10.18 08:01:18.978,0.71309,0.71318,1.00,2.25
2017.10.18 08:01:19.863,0.71309,0.71317,1.00,1.00
2017.10.18 08:01:20.670,0.71309,0.71318,1.00,3.94
2017.10.18 08:01:21.176,0.71309,0.71317,1.00,1.88
2017.10.18 08:01:21.726,0.71309,0.71318,1.00,4.31
2017.10.18 08:01:22.395,0.71308,0.71317,1.00,1.50
2017.10.18 08:01:23.369,0.71308,0.71317,1.00,3.00
2017.10.18 08:01:23.874,0.71308,0.71317,1.00,1.12
2017.10.18 08:01:24.183,0.71311,0.71319,1.00,2.32
2017.10.18 08:01:24.525,0.71316,0.71323,1.12,3.75
2017.10.18 08:01:24.627,0.71317,0.71325,1.50,1.12
2017.10.18 08:01:24.883,0.71317,0.71324,1.00,1.88
2017.10.18 08:01:25.190,0.71318,0.71325,1.00,1.25
2017.10.18 08:01:25.292,0.71315,0.71323,1.12,1.00
2017.10.18 08:01:25.819,0.71314,0.71323,2.25,1.69
2017.10.18 08:01:26.180,0.71313,0.71321,1.37,1.50
2017.10.18 08:01:26.232,0.71312,0.71321,1.12,2.44
2017.10.18 08:01:26.827,0.71312,0.7132,1.00,1.00
2017.10.18 08:01:27.975,0.71312,0.71321,1.00,2.44
2017.10.18 08:01:28.479,0.71312,0.71321,1.00,2.25
2017.10.18 08:01:29.518,0.71313,0.71322,1.50,1.95
2017.10.18 08:01:29.569,0.71316,0.71322,1.00,1.48
2017.10.18 08:01:29.722,0.71318,0.71326,1.00,2.32
2017.10.18 08:01:29.774,0.7132,0.71326,1.00,2.25
2017.10.18 08:01:29.876,0.7132,0.71327,1.00,1.50
2017.10.18 08:01:30.402,0.7132,0.71328,1.00,1.69
2017.10.18 08:01:30.912,0.71321,0.71328,1.00,1.25
2017.10.18 08:01:31.447,0.71322,0.71329,1.00,1.50
2017.10.18 08:01:32.744,0.71322,0.71328,1.00,1.25
2017.10.18 08:01:33.494,0.71322,0.71329,1.00,1.69
2017.10.18 08:01:33.648,0.7132,0.71328,1.00,1.00
2017.10.18 08:01:34.137,0.71318,0.71327,2.25,1.88
2017.10.18 08:01:34.646,0.71318,0.71327,1.87,1.25
2017.10.18 08:01:35.023,0.71318,0.71325,1.00,1.25
2017.10.18 08:01:35.743,0.71311,0.7132,3.07,1.12
2017.10.18 08:01:35.794,0.71311,0.7132,2.62,3.75
2017.10.18 08:01:35.897,0.71311,0.7132,1.87,1.31
2017.10.18 08:01:36.503,0.71311,0.7132,1.12,1.37
2017.10.18 08:01:36.554,0.71313,0.71322,1.50,3.19
2017.10.18 08:01:37.056,0.71314,0.71322,1.00,1.25
2017.10.18 08:01:37.566,0.71314,0.71323,1.00,1.25
2017.10.18 08:01:38.198,0.71314,0.71323,1.00,1.69
2017.10.18 08:01:40.266,0.71314,0.71323,1.00,1.25
2017.10.18 08:01:40.834,0.71314,0.71323,1.00,1.50
2017.10.18 08:01:41.149,0.71316,0.71325,1.00,1.25
2017.10.18 08:01:41.404,0.71317,0.71326,1.00,1.00
2017.10.18 08:01:42.093,0.71317,0.71327,1.00,1.88
2017.10.18 08:01:42.600,0.71318,0.71327,1.50,1.69
2017.10.18 08:01:43.520,0.71319,0.71328,1.00,2.44
2017.10.18 08:01:44.183,0.71319,0.71327,1.00,1.00
2017.10.18 08:01:44.726,0.7132,0.71328,1.00,1.25
2017.10.18 08:01:45.272,0.71319,0.71328,1.00,3.08
2017.10.18 08:01:45.779,0.71319,0.71328,1.00,1.95
2017.10.18 08:01:47.849,0.71319,0.71328,1.00,3.00
2017.10.18 08:01:48.506,0.71319,0.71328,1.00,2.82
2017.10.18 08:01:49.206,0.71319,0.71327,1.00,1.01
2017.10.18 08:01:49.810,0.71319,0.71326,1.00,1.00
2017.10.18 08:01:50.241,0.71317,0.71327,1.00,2.26
2017.10.18 08:01:50.673,0.71315,0.71321,1.00,1.00
2017.10.18 08:01:50.906,0.71313,0.71321,1.12,1.00
2017.10.18 08:01:51.549,0.71312,0.71321,1.00,2.25
2017.10.18 08:01:52.462,0.71315,0.71322,1.00,1.95
2017.10.18 08:01:52.668,0.71316,0.71325,1.00,1.62
2017.10.18 08:01:53.885,0.71316,0.71325,1.00,1.31
2017.10.18 08:01:54.341,0.71314,0.71324,1.50,1.50
2017.10.18 08:01:54.876,0.71314,0.71322,1.00,1.00
2017.10.18 08:01:55.385,0.71314,0.71321,1.00,1.00
2017.10.18 08:01:55.714,0.71312,0.7132,1.00,1.38
2017.10.18 08:01:55.904,0.71314,0.71322,1.00,1.50
2017.10.18 08:01:56.672,0.71314,0.71323,1.00,4.31
2017.10.18 08:01:57.241,0.71314,0.71322,1.00,1.00
2017.10.18 08:01:57.869,0.71314,0.71321,1.00,1.50
2017.10.18 08:02:01.096,0.71313,0.7132,1.00,1.00
2017.10.18 08:02:02.519,0.71314,0.71322,1.00,1.59
2017.10.18 08:02:03.078,0.71314,0.71323,1.00,1.27
2017.10.18 08:02:03.287,0.71316,0.71325,1.00,3.84
2017.10.18 08:02:03.391,0.71316,0.71325,1.00,1.87
2017.10.18 08:02:03.921,0.71316,0.71325,1.00,2.62
2017.10.18 08:02:04.625,0.71318,0.71327,1.50,3.82
2017.10.18 08:02:04.779,0.71318,0.71328,1.50,1.95
2017.10.18 08:02:05.283,0.71318,0.71328,1.50,1.57
2017.10.18 08:02:05.923,0.71318,0.71327,1.50,1.00
2017.10.18 08:02:06.165,0.71319,0.71329,1.00,3.07
2017.10.18 08:02:06.217,0.71321,0.71328,1.00,1.00
2017.10.18 08:02:06.735,0.71321,0.71329,1.00,1.87
2017.10.18 08:02:07.455,0.71323,0.71329,1.00,1.12
2017.10.18 08:02:08.206,0.71322,0.71329,1.00,1.50
2017.10.18 08:02:09.653,0.71322,0.7133,1.00,2.44
2017.10.18 08:02:09.807,0.71324,0.71334,2.62,2.06
2017.10.18 08:02:10.602,0.71324,0.71331,1.50,1.00
2017.10.18 08:02:10.733,0.71322,0.71329,1.50,1.00
2017.10.18 08:02:10.835,0.71322,0.71327,1.50,1.00
2017.10.18 08:02:11.678,0.71322,0.71328,1.00,1.00
2017.10.18 08:02:12.827,0.71322,0.71328,1.87,1.00
2017.10.18 08:02:13.519,0.71322,0.71329,1.50,1.00
2017.10.18 08:02:15.300,0.71324,0.71331,1.00,1.00
2017.10.18 08:02:15.438,0.71327,0.71333,1.00,1.12
2017.10.18 08:02:15.988,0.71326,0.71334,1.00,1.00
2017.10.18 08:02:16.289,0.71324,0.71331,1.00,1.00
2017.10.18 08:02:16.595,0.71324,0.71329,1.00,1.00
2017.10.18 08:02:17.156,0.71323,0.71329,1.00,1.00
2017.10.18 08:02:17.209,0.71321,0.71329,1.00,1.87
2017.10.18 08:02:18.225,0.71321,0.71329,1.11,1.73
2017.10.18 08:02:18.936,0.71321,0.71329,1.00,1.17
2017.10.18 08:02:20.087,0.71321,0.71329,1.12,1.73
2017.10.18 08:02:21.844,0.71321,0.71329,1.00,1.17
2017.10.18 08:02:23.575,0.71321,0.71329,1.12,2.29
2017.10.18 08:02:24.191,0.71321,0.71329,1.00,1.17
2017.10.18 08:02:24.722,0.71322,0.71328,1.00,1.00
2017.10.18 08:02:25.955,0.7132,0.71328,1.00,1.00
2017.10.18 08:02:26.476,0.71319,0.71328,1.12,2.10
2017.10.18 08:02:26.842,0.71319,0.71326,1.12,1.00
2017.10.18 08:02:27.409,0.71319,0.71325,1.00,1.00
2017.10.18 08:02:27.931,0.71319,0.71326,1.00,1.00
2017.10.18 08:02:28.521,0.71319,0.71325,1.00,1.00
2017.10.18 08:02:28.572,0.71315,0.71322,1.50,1.25
2017.10.18 08:02:28.675,0.71313,0.7132,1.50,1.69
2017.10.18 08:02:29.184,0.71313,0.71319,1.00,1.00
2017.10.18 08:02:29.744,0.71314,0.71322,1.00,1.87
2017.10.18 08:02:30.256,0.71315,0.71322,1.00,1.00
2017.10.18 08:02:30.894,0.71315,0.71323,1.50,1.00
2017.10.18 08:02:30.996,0.71318,0.71323,1.00,1.00
2017.10.18 08:02:31.504,0.71318,0.71324,1.00,1.00
2017.10.18 08:02:33.220,0.71318,0.71325,1.00,1.00
2017.10.18 08:02:34.127,0.71317,0.71325,1.00,1.00
2017.10.18 08:02:34.532,0.71316,0.71323,1.37,2.06
2017.10.18 08:02:34.583,0.71314,0.71323,1.57,1.88
2017.10.18 08:02:35.092,0.71314,0.71322,1.00,1.00
2017.10.18 08:02:36.602,0.71312,0.71319,1.00,1.50
2017.10.18 08:02:37.689,0.71314,0.7132,1.00,1.00
2017.10.18 08:02:38.195,0.71314,0.71321,1.00,1.00
2017.10.18 08:02:40.228,0.71312,0.7132,1.50,1.00
2017.10.18 08:02:40.280,0.71312,0.71318,1.00,2.25
2017.10.18 08:02:40.331,0.7131,0.71318,1.20,1.00
2017.10.18 08:02:40.484,0.71308,0.71316,2.25,1.00
2017.10.18 08:02:41.028,0.71308,0.71316,1.00,1.00
2017.10.18 08:02:41.557,0.71307,0.71315,1.00,1.00
2017.10.18 08:02:41.872,0.71309,0.71315,1.00,1.00
2017.10.18 08:02:45.619,0.71309,0.71316,1.00,1.87
2017.10.18 08:02:46.168,0.71309,0.71315,1.00,1.00
2017.10.18 08:02:48.945,0.71312,0.71317,1.00,1.39
2017.10.18 08:02:49.251,0.71314,0.71322,1.00,1.00
2017.10.18 08:02:49.684,0.7131,0.71319,1.87,1.00
2017.10.18 08:02:49.992,0.71313,0.71319,1.00,1.00
2017.10.18 08:02:50.505,0.71313,0.71318,1.00,1.00
2017.10.18 08:02:51.713,0.71311,0.71318,1.00,1.00
2017.10.18 08:02:52.535,0.71311,0.71318,1.37,1.00
2017.10.18 08:02:52.638,0.71313,0.7132,1.00,1.12
2017.10.18 08:02:53.170,0.71314,0.7132,1.00,1.00
2017.10.18 08:02:54.192,0.71311,0.7132,1.12,2.25
2017.10.18 08:02:54.355,0.7131,0.71317,1.50,1.00
2017.10.18 08:02:56.016,0.7131,0.71316,1.00,1.00
2017.10.18 08:02:56.120,0.71308,0.71315,1.00,1.00
2017.10.18 08:02:56.779,0.71308,0.71314,1.00,1.00
2017.10.18 08:02:57.277,0.71304,0.71312,1.12,1.50
2017.10.18 08:02:57.329,0.71304,0.7131,1.12,1.00
2017.10.18 08:02:57.836,0.71304,0.71309,1.00,1.00
2017.10.18 08:02:58.612,0.71302,0.71309,1.00,1.00
2017.10.18 08:03:00.441,0.71301,0.71309,1.00,1.00
2017.10.18 08:03:00.976,0.71301,0.71308,1.00,1.25
2017.10.18 08:03:01.436,0.71303,0.7131,1.00,1.12
2017.10.18 08:03:01.947,0.71304,0.71311,1.00,1.00
2017.10.18 08:03:02.514,0.71303,0.71311,1.00,1.00
2017.10.18 08:03:02.823,0.71305,0.71314,1.00,1.12
2017.10.18 08:03:03.810,0.71305,0.71313,1.50,1.00
2017.10.18 08:03:04.723,0.71302,0.71311,1.50,3.19
2017.10.18 08:03:04.826,0.71301,0.71309,1.00,1.25
2017.10.18 08:03:05.335,0.71302,0.71309,1.00,1.00
2017.10.18 08:03:05.613,0.71303,0.71311,1.00,1.00
2017.10.18 08:03:06.840,0.71301,0.71309,1.12,1.25
2017.10.18 08:03:07.150,0.71303,0.7131,1.00,1.00
2017.10.18 08:03:07.661,0.71303,0.71311,1.00,1.50
2017.10.18 08:03:08.114,0.71301,0.71308,1.00,1.00
2017.10.18 08:03:09.151,0.71302,0.71308,1.00,1.00
2017.10.18 08:03:09.940,0.71303,0.7131,1.00,1.00
2017.10.18 08:03:10.286,0.71302,0.7131,1.00,2.63
2017.10.18 08:03:10.541,0.71302,0.7131,1.00,1.13
2017.10.18 08:03:12.305,0.71301,0.7131,1.00,1.88
2017.10.18 08:03:13.810,0.713,0.71308,1.95,1.12
2017.10.18 08:03:14.713,0.71301,0.71308,1.00,1.00
2017.10.18 08:03:16.692,0.71301,0.71308,1.00,2.63
2017.10.18 08:03:16.744,0.71301,0.71308,1.00,2.06
2017.10.18 08:03:17.255,0.713,0.71308,1.00,1.00
2017.10.18 08:03:17.407,0.71302,0.71308,1.00,1.88
2017.10.18 08:03:17.918,0.71302,0.71308,1.00,1.13
2017.10.18 08:03:18.445,0.71302,0.71308,1.00,1.00
2017.10.18 08:03:21.067,0.71302,0.71309,1.00,1.12
2017.10.18 08:03:21.169,0.71303,0.71311,1.00,1.25
2017.10.18 08:03:21.723,0.71305,0.71311,1.00,1.00
2017.10.18 08:03:22.236,0.71305,0.71312,1.00,1.88
2017.10.18 08:03:22.755,0.71305,0.71312,1.00,2.06
2017.10.18 08:03:24.358,0.71305,0.71312,1.00,1.88
2017.10.18 08:03:24.687,0.71301,0.71309,1.10,1.00
2017.10.18 08:03:25.225,0.71301,0.71308,1.00,1.00
2017.10.18 08:03:28.704,0.71302,0.71308,1.00,1.00
2017.10.18 08:03:30.074,0.71303,0.7131,1.00,1.12
2017.10.18 08:03:30.229,0.71304,0.71312,1.00,1.25
2017.10.18 08:03:30.904,0.71304,0.71313,1.10,2.06
2017.10.18 08:03:31.446,0.71304,0.71313,1.10,3.19
2017.10.18 08:03:31.996,0.71304,0.71313,1.10,2.06
2017.10.18 08:03:32.555,0.71304,0.71313,1.10,3.19
2017.10.18 08:03:32.910,0.71306,0.71314,1.00,1.00
2017.10.18 08:03:33.215,0.71308,0.71316,1.00,1.00
2017.10.18 08:03:33.785,0.71308,0.71317,1.00,1.13
2017.10.18 08:03:34.408,0.71308,0.71317,1.00,1.63
2017.10.18 08:03:35.148,0.71308,0.71317,1.00,1.13
2017.10.18 08:03:35.464,0.7131,0.71317,1.00,1.00
2017.10.18 08:03:40.239,0.7131,0.71317,1.00,1.44
2017.10.18 08:03:40.807,0.7131,0.71317,1.00,1.88
2017.10.18 08:03:41.411,0.7131,0.71317,1.00,1.63
2017.10.18 08:03:42.166,0.7131,0.71317,1.00,1.88
2017.10.18 08:03:42.716,0.7131,0.71317,1.00,2.06
2017.10.18 08:03:43.264,0.7131,0.71317,1.00,1.13
2017.10.18 08:03:44.644,0.7131,0.71317,1.00,1.44
2017.10.18 08:03:45.186,0.7131,0.71317,1.00,1.13
2017.10.18 08:03:45.729,0.7131,0.71317,1.00,2.06
2017.10.18 08:03:46.361,0.7131,0.71315,1.00,1.00
2017.10.18 08:03:48.447,0.7131,0.71317,1.00,1.31
2017.10.18 08:03:50.516,0.7131,0.71317,1.00,1.31
2017.10.18 08:03:51.302,0.7131,0.71317,1.00,2.06
2017.10.18 08:03:52.491,0.7131,0.71317,1.00,2.06
2017.10.18 08:03:53.807,0.7131,0.71316,1.00,1.31
2017.10.18 08:03:54.363,0.7131,0.71316,1.00,1.25
2017.10.18 08:03:56.855,0.7131,0.71316,1.00,1.44
2017.10.18 08:03:56.907,0.71309,0.71316,1.00,1.38
2017.10.18 08:03:57.165,0.71304,0.71311,1.37,2.25
2017.10.18 08:03:57.620,0.71304,0.71312,1.00,1.13
2017.10.18 08:03:58.571,0.71304,0.71312,1.00,1.44
2017.10.18 08:03:59.081,0.71305,0.71312,1.00,1.00
2017.10.18 08:03:59.830,0.71305,0.71312,1.00,1.38
2017.10.18 08:03:59.992,0.71303,0.71311,1.00,1.13
2017.10.18 08:04:00.546,0.71303,0.71311,1.00,1.38
2017.10.18 08:04:01.091,0.71303,0.71311,1.00,1.13
2017.10.18 08:04:03.196,0.71303,0.71311,1.00,1.44
2017.10.18 08:04:03.784,0.71303,0.71311,1.00,1.31
2017.10.18 08:04:04.306,0.71303,0.71311,1.00,1.44
2017.10.18 08:04:04.987,0.71303,0.71311,1.00,1.25
2017.10.18 08:04:07.204,0.71304,0.71311,1.00,1.00
2017.10.18 08:04:07.663,0.71307,0.71314,1.00,1.00
2017.10.18 08:04:08.205,0.71308,0.71315,1.00,1.00
2017.10.18 08:04:08.755,0.71309,0.71317,1.00,1.00
2017.10.18 08:04:09.305,0.71309,0.71317,1.00,1.44
2017.10.18 08:04:11.048,0.71309,0.71317,1.00,1.00
2017.10.18 08:04:11.341,0.71309,0.71317,1.00,2.06
2017.10.18 08:04:11.823,0.71309,0.71317,1.00,1.25
2017.10.18 08:04:13.756,0.7131,0.71317,1.00,1.25
2017.10.18 08:04:16.542,0.71309,0.71317,1.00,1.13
2017.10.18 08:04:17.083,0.71309,0.71316,1.00,1.31
2017.10.18 08:04:17.784,0.71309,0.71316,1.00,2.63
2017.10.18 08:04:18.306,0.71309,0.71316,1.00,2.06
2017.10.18 08:04:18.815,0.71308,0.71315,1.00,1.31
2017.10.18 08:04:20.474,0.71308,0.71317,1.00,3.38
2017.10.18 08:04:20.729,0.71309,0.71317,1.00,1.00
2017.10.18 08:04:21.242,0.71309,0.71317,1.00,1.44
2017.10.18 08:04:21.997,0.71307,0.71316,1.50,2.44
2017.10.18 08:04:22.195,0.71307,0.71315,1.00,1.69
2017.10.18 08:04:22.707,0.71306,0.71314,1.12,2.06
2017.10.18 08:04:24.875,0.71305,0.71314,1.00,2.81
2017.10.18 08:04:25.592,0.71305,0.71314,1.00,2.81
2017.10.18 08:04:26.285,0.71305,0.71314,1.00,2.81
2017.10.18 08:04:27.401,0.71305,0.71314,1.00,1.88
2017.10.18 08:04:28.025,0.71305,0.71314,1.12,1.44
2017.10.18 08:04:28.332,0.7131,0.71318,1.00,2.63
2017.10.18 08:04:28.640,0.71306,0.71315,2.70,3.00
2017.10.18 08:04:28.830,0.71305,0.71314,1.12,1.38
2017.10.18 08:04:29.340,0.71303,0.71312,1.50,2.25
2017.10.18 08:04:29.871,0.71304,0.71312,1.00,1.13
2017.10.18 08:04:30.475,0.71303,0.71312,1.95,1.13
2017.10.18 08:04:31.209,0.71303,0.71312,1.57,2.44
2017.10.18 08:04:31.723,0.71303,0.7131,1.00,1.13
2017.10.18 08:04:32.273,0.71302,0.71311,1.00,4.88
2017.10.18 08:04:33.554,0.71302,0.7131,1.00,2.06
2017.10.18 08:04:34.084,0.71302,0.71311,1.00,4.31
2017.10.18 08:04:35.776,0.71302,0.7131,1.00,2.06
2017.10.18 08:04:36.327,0.71302,0.71311,1.00,4.69
2017.10.18 08:04:36.920,0.71302,0.7131,1.00,2.44
2017.10.18 08:04:37.534,0.71302,0.71311,1.00,3.19
2017.10.18 08:04:38.476,0.71303,0.7131,1.00,2.25
2017.10.18 08:04:38.579,0.71306,0.71312,1.00,1.12
2017.10.18 08:04:39.109,0.71306,0.71313,1.00,1.13
2017.10.18 08:04:40.025,0.71304,0.7131,1.00,1.88
2017.10.18 08:04:42.394,0.71304,0.7131,1.00,1.37
2017.10.18 08:04:42.631,0.71301,0.7131,1.50,3.19
2017.10.18 08:04:43.245,0.71301,0.71309,1.50,1.25
2017.10.18 08:04:43.778,0.71301,0.71309,1.00,3.94
2017.10.18 08:04:44.308,0.71301,0.71309,1.00,2.44
2017.10.18 08:04:45.105,0.71301,0.71308,1.00,1.00
2017.10.18 08:04:46.119,0.71301,0.71308,1.00,3.75
2017.10.18 08:04:46.663,0.71301,0.71307,1.00,1.25
2017.10.18 08:04:47.316,0.71301,0.71308,1.00,2.63
2017.10.18 08:04:48.009,0.71301,0.71309,1.00,1.12
2017.10.18 08:04:48.591,0.71301,0.71308,1.00,1.00
2017.10.18 08:04:49.127,0.71301,0.71309,1.00,1.00
2017.10.18 08:04:49.851,0.71304,0.71308,1.00,1.00
2017.10.18 08:04:49.903,0.71304,0.71311,1.00,1.87
2017.10.18 08:04:50.138,0.71304,0.71313,1.00,3.38
2017.10.18 08:04:50.702,0.71304,0.71313,1.00,2.63
2017.10.18 08:04:52.234,0.71304,0.71312,1.00,1.00
2017.10.18 08:04:52.770,0.71304,0.71313,1.00,2.44
2017.10.18 08:04:53.094,0.71306,0.71313,1.00,1.87
2017.10.18 08:04:53.350,0.71309,0.71317,1.50,1.12
2017.10.18 08:04:53.884,0.7131,0.71318,1.00,3.00
2017.10.18 08:04:55.144,0.7131,0.71317,1.00,1.44
2017.10.18 08:04:55.665,0.7131,0.71318,1.00,2.44
2017.10.18 08:04:57.257,0.7131,0.71317,1.00,1.12
2017.10.18 08:04:58.904,0.7131,0.71317,1.00,1.44
2017.10.18 08:05:00.114,0.7131,0.71318,1.00,1.87
2017.10.18 08:05:01.206,0.7131,0.71317,1.00,1.00
2017.10.18 08:05:01.724,0.7131,0.71318,1.00,2.06
2017.10.18 08:05:02.497,0.7131,0.71317,1.00,1.00
2017.10.18 08:05:03.050,0.7131,0.71318,1.00,2.25
2017.10.18 08:05:04.228,0.7131,0.71318,1.00,2.62
2017.10.18 08:05:05.294,0.7131,0.71318,1.00,1.31
2017.10.18 08:05:05.930,0.7131,0.71318,1.00,2.25
2017.10.18 08:05:08.565,0.7131,0.71318,1.00,1.12
2017.10.18 08:05:09.530,0.7131,0.71318,1.00,2.25
2017.10.18 08:05:10.222,0.7131,0.71318,1.00,1.12
2017.10.18 08:05:10.886,0.7131,0.71318,1.00,2.25
2017.10.18 08:05:11.655,0.7131,0.71318,1.00,2.25
2017.10.18 08:05:12.203,0.7131,0.71318,1.00,2.25
2017.10.18 08:05:13.673,0.7131,0.71318,1.00,1.12
2017.10.18 08:05:14.750,0.7131,0.71317,1.00,1.25
2017.10.18 08:05:14.916,0.71307,0.71312,1.00,1.69
2017.10.18 08:05:14.968,0.71305,0.71311,1.00,1.50
2017.10.18 08:05:15.121,0.71302,0.7131,2.25,3.00
2017.10.18 08:05:15.669,0.71302,0.71309,1.00,1.31
2017.10.18 08:05:17.284,0.71303,0.71311,1.50,1.63
2017.10.18 08:05:17.841,0.71303,0.71312,1.50,2.63
2017.10.18 08:05:18.607,0.71303,0.71309,1.00,1.00
2017.10.18 08:05:19.015,0.71303,0.71312,1.50,2.62
2017.10.18 08:05:19.144,0.71306,0.71312,1.00,1.00
2017.10.18 08:05:19.298,0.71304,0.71312,1.50,1.25
2017.10.18 08:05:19.810,0.71305,0.71313,1.00,2.81
2017.10.18 08:05:20.405,0.71305,0.71314,1.50,3.19
2017.10.18 08:05:20.938,0.71305,0.71314,1.50,2.44
2017.10.18 08:05:21.497,0.71305,0.71314,1.50,1.25
2017.10.18 08:05:22.165,0.71305,0.71313,1.50,2.25
2017.10.18 08:05:24.314,0.71305,0.71313,1.50,1.38
2017.10.18 08:05:24.825,0.71305,0.71314,1.50,1.88
2017.10.18 08:05:25.343,0.71305,0.71314,1.50,2.25
2017.10.18 08:05:25.394,0.71305,0.71314,1.50,2.25
2017.10.18 08:05:25.938,0.71305,0.71314,1.50,1.50
2017.10.18 08:05:26.494,0.71305,0.71314,1.50,1.69
2017.10.18 08:05:26.870,0.71307,0.71316,1.50,1.00
2017.10.18 08:05:27.193,0.71309,0.71318,1.00,2.63
2017.10.18 08:05:27.964,0.71309,0.71317,1.00,1.44
2017.10.18 08:05:28.657,0.71309,0.71318,1.00,2.25
2017.10.18 08:05:29.408,0.7131,0.71317,1.50,1.13
2017.10.18 08:05:29.931,0.7131,0.71318,1.50,1.69
2017.10.18 08:05:30.606,0.7131,0.71317,1.50,1.25
2017.10.18 08:05:31.209,0.7131,0.71318,1.50,1.69
2017.10.18 08:05:31.996,0.7131,0.71318,1.50,2.63
2017.10.18 08:05:32.619,0.7131,0.71318,1.50,1.13
2017.10.18 08:05:33.364,0.7131,0.71318,1.50,1.88
2017.10.18 08:05:33.893,0.7131,0.71318,1.50,1.88
2017.10.18 08:05:34.923,0.7131,0.71317,1.50,1.00
2017.10.18 08:05:35.434,0.7131,0.71318,1.50,1.88
2017.10.18 08:05:36.796,0.7131,0.71318,1.50,2.63
2017.10.18 08:05:37.334,0.7131,0.71318,1.50,2.63
2017.10.18 08:05:38.925,0.7131,0.71317,1.50,1.00
2017.10.18 08:05:39.451,0.7131,0.71318,1.50,1.85
2017.10.18 08:05:39.975,0.7131,0.71317,1.50,1.00
2017.10.18 08:05:40.774,0.7131,0.71318,1.50,1.88
2017.10.18 08:05:41.808,0.7131,0.71317,1.00,1.13
2017.10.18 08:05:42.318,0.7131,0.71318,1.50,2.63
2017.10.18 08:05:43.938,0.71311,0.71318,1.00,3.00
2017.10.18 08:05:44.984,0.71311,0.71317,1.00,1.12
2017.10.18 08:05:45.981,0.71311,0.71318,1.00,3.00
2017.10.18 08:05:46.482,0.71311,0.71316,1.00,1.00
2017.10.18 08:05:46.534,0.71307,0.71315,1.50,1.00
2017.10.18 08:05:46.585,0.71309,0.71316,1.00,1.29
2017.10.18 08:05:46.739,0.7131,0.71317,1.00,3.75
2017.10.18 08:05:46.994,0.71308,0.71316,1.50,1.31
2017.10.18 08:05:47.497,0.71309,0.71317,1.00,1.01
2017.10.18 08:05:48.165,0.71309,0.71318,1.50,2.51
2017.10.18 08:05:48.918,0.71309,0.71317,1.50,1.00
2017.10.18 08:05:49.480,0.7131,0.71318,1.00,1.25
2017.10.18 08:05:50.481,0.7131,0.71317,1.00,1.00
2017.10.18 08:05:50.987,0.7131,0.71318,1.50,1.25
2017.10.18 08:05:51.598,0.7131,0.71317,1.50,1.00
2017.10.18 08:05:52.109,0.7131,0.71318,1.50,1.12
2017.10.18 08:05:52.781,0.7131,0.71317,1.50,1.00
2017.10.18 08:05:55.826,0.7131,0.71318,1.50,1.12
2017.10.18 08:05:57.527,0.7131,0.71318,1.50,2.06
2017.10.18 08:05:58.172,0.7131,0.71318,1.50,1.13
2017.10.18 08:05:58.688,0.71311,0.71318,1.00,1.00
2017.10.18 08:05:59.407,0.71311,0.71317,1.00,1.00
2017.10.18 08:05:59.998,0.71311,0.71318,1.00,1.25
2017.10.18 08:06:00.959,0.71311,0.71317,1.00,1.00
2017.10.18 08:06:01.567,0.71311,0.71318,1.00,1.12
2017.10.18 08:06:02.547,0.71311,0.71317,1.00,1.00
2017.10.18 08:06:03.056,0.71311,0.71318,1.00,1.12
2017.10.18 08:06:03.640,0.71311,0.71317,1.00,1.00
2017.10.18 08:06:04.263,0.71311,0.71318,1.00,1.12
2017.10.18 08:06:05.486,0.71311,0.71317,1.00,1.00
2017.10.18 08:06:06.029,0.71311,0.71318,1.00,1.00
2017.10.18 08:06:06.534,0.71311,0.71317,1.00,1.00
2017.10.18 08:06:07.062,0.7131,0.71318,1.50,1.12
2017.10.18 08:06:07.670,0.7131,0.71318,1.50,1.62
2017.10.18 08:06:08.219,0.7131,0.71318,1.50,1.25
2017.10.18 08:06:08.821,0.7131,0.71318,1.50,2.06
2017.10.18 08:06:09.373,0.7131,0.71318,1.50,1.31
2017.10.18 08:06:09.916,0.7131,0.71318,1.50,2.06
2017.10.18 08:06:10.466,0.7131,0.71318,1.50,1.31
2017.10.18 08:06:11.535,0.7131,0.71317,1.50,1.00
2017.10.18 08:06:13.817,0.7131,0.71318,1.50,1.13
2017.10.18 08:06:14.770,0.7131,0.71317,1.50,1.00
2017.10.18 08:06:15.337,0.7131,0.71318,1.50,1.25
2017.10.18 08:06:16.032,0.7131,0.71317,1.50,1.00
2017.10.18 08:06:16.556,0.7131,0.71318,1.50,1.00
2017.10.18 08:06:18.919,0.7131,0.71318,1.50,1.39
2017.10.18 08:06:20.669,0.7131,0.71318,1.50,1.39
2017.10.18 08:06:21.300,0.7131,0.71314,1.00,1.00
2017.10.18 08:06:21.607,0.71308,0.71312,1.00,1.00
2017.10.18 08:06:21.894,0.71305,0.71311,1.69,1.00
2017.10.18 08:06:28.044,0.71306,0.71312,1.50,1.00
2017.10.18 08:06:30.139,0.71307,0.71312,1.00,1.00
2017.10.18 08:06:30.644,0.71306,0.71312,1.57,1.00
2017.10.18 08:06:31.714,0.71307,0.71312,1.00,1.00
2017.10.18 08:06:32.256,0.71306,0.71312,2.51,1.00
2017.10.18 08:06:32.996,0.71307,0.71312,1.00,1.00
2017.10.18 08:06:33.727,0.71306,0.71312,2.32,1.00
2017.10.18 08:06:34.514,0.71307,0.71312,1.00,1.00
2017.10.18 08:06:35.102,0.71306,0.71312,1.57,1.00
2017.10.18 08:06:36.240,0.71307,0.71312,1.00,1.00
2017.10.18 08:06:36.759,0.71306,0.71312,1.95,1.00
2017.10.18 08:06:37.504,0.71307,0.71312,1.00,1.00
2017.10.18 08:06:38.076,0.71306,0.71312,2.14,1.00
2017.10.18 08:06:38.950,0.71307,0.71312,1.00,1.00
2017.10.18 08:06:39.490,0.71306,0.71312,1.95,1.00
2017.10.18 08:06:41.047,0.71307,0.71312,1.00,1.00
2017.10.18 08:06:47.839,0.71307,0.71313,1.00,1.00
2017.10.18 08:06:48.403,0.71307,0.71313,1.30,1.00
2017.10.18 08:06:50.676,0.71306,0.71313,3.26,1.00
2017.10.18 08:06:51.987,0.71305,0.71312,4.20,1.00
2017.10.18 08:06:55.162,0.71306,0.71313,2.89,1.00
2017.10.18 08:07:03.993,0.71307,0.71312,1.12,1.00
2017.10.18 08:07:04.576,0.71306,0.71312,1.31,1.00
2017.10.18 08:07:05.666,0.71305,0.71312,2.51,1.00
2017.10.18 08:07:06.650,0.71305,0.71312,3.07,1.00
2017.10.18 08:07:07.175,0.71305,0.71312,3.26,1.00
2017.10.18 08:07:07.776,0.71306,0.71312,1.00,1.00
2017.10.18 08:07:13.475,0.71303,0.71308,1.50,1.00
2017.10.18 08:07:13.899,0.71299,0.71305,1.00,1.00
2017.10.18 08:07:14.219,0.71298,0.71303,1.87,1.00
2017.10.18 08:07:14.811,0.71299,0.71303,1.00,1.00
2017.10.18 08:07:15.351,0.71298,0.71303,1.88,1.00
2017.10.18 08:07:15.923,0.71299,0.71303,1.00,1.00
2017.10.18 08:07:17.575,0.71298,0.71303,1.87,1.00
2017.10.18 08:07:22.257,0.71299,0.71303,1.00,1.00
2017.10.18 08:07:22.596,0.71298,0.71305,1.87,1.00
2017.10.18 08:07:22.726,0.71299,0.71305,1.69,1.00
2017.10.18 08:07:23.262,0.713,0.71306,2.25,1.00
2017.10.18 08:07:23.672,0.71302,0.71306,1.00,1.00
2017.10.18 08:07:24.231,0.71301,0.71306,1.13,1.00
2017.10.18 08:07:24.885,0.713,0.71307,4.20,1.00
2017.10.18 08:07:25.452,0.71302,0.71307,1.12,1.00
2017.10.18 08:07:26.101,0.71301,0.71307,1.31,1.00
2017.10.18 08:07:27.023,0.71302,0.71307,1.00,1.00
2017.10.18 08:07:27.553,0.71301,0.71307,1.25,1.00
2017.10.18 08:07:30.107,0.71302,0.71307,1.00,1.00
2017.10.18 08:07:30.745,0.71301,0.71307,1.87,1.00
2017.10.18 08:07:31.939,0.71302,0.71307,1.00,1.00
2017.10.18 08:07:33.175,0.71301,0.71307,2.06,1.00
2017.10.18 08:07:34.294,0.71302,0.71307,1.00,1.00
2017.10.18 08:07:35.336,0.71301,0.71307,1.87,1.00
2017.10.18 08:07:37.205,0.71302,0.71307,1.00,1.00
2017.10.18 08:07:38.696,0.71301,0.71307,2.06,1.00
2017.10.18 08:07:39.762,0.71302,0.71307,1.00,1.00
2017.10.18 08:07:40.675,0.71301,0.71307,2.06,1.00
2017.10.18 08:07:41.949,0.71301,0.71308,2.25,1.00
2017.10.18 08:07:42.613,0.71301,0.71308,2.14,1.00
2017.10.18 08:07:43.137,0.71301,0.71308,1.87,1.00
2017.10.18 08:07:43.744,0.71302,0.71308,1.00,1.00
2017.10.18 08:07:44.479,0.71301,0.71308,1.87,1.00
2017.10.18 08:07:46.818,0.71302,0.71308,1.00,1.00
2017.10.18 08:07:46.929,0.713,0.71306,2.70,1.00
2017.10.18 08:07:47.438,0.71301,0.71307,1.50,1.00
2017.10.18 08:07:47.990,0.71301,0.71308,1.37,1.00
2017.10.18 08:07:48.554,0.71301,0.71308,1.00,1.00
2017.10.18 08:07:52.368,0.71301,0.71308,1.50,1.00
2017.10.18 08:07:52.890,0.71301,0.71308,2.06,1.00
2017.10.18 08:07:53.676,0.71301,0.71308,3.19,1.00
2017.10.18 08:07:54.225,0.71301,0.71308,3.19,1.00
2017.10.18 08:07:54.908,0.71302,0.71308,1.00,1.00
2017.10.18 08:07:55.568,0.71301,0.71308,2.81,1.00
2017.10.18 08:07:56.184,0.71302,0.71308,1.25,1.00
2017.10.18 08:07:59.037,0.71301,0.71308,2.06,1.00
2017.10.18 08:08:01.942,0.71301,0.71308,4.76,1.00
2017.10.18 08:08:02.115,0.71304,0.71311,1.00,1.00
2017.10.18 08:08:03.440,0.71306,0.71312,1.37,1.00
2017.10.18 08:08:04.490,0.71305,0.71311,1.00,1.00
2017.10.18 08:08:05.096,0.71306,0.71311,1.00,1.00
2017.10.18 08:08:05.728,0.71305,0.71311,1.50,1.00
2017.10.18 08:08:06.307,0.71304,0.71311,2.25,1.00
2017.10.18 08:08:07.346,0.71305,0.71311,1.25,1.00
2017.10.18 08:08:07.901,0.71304,0.71311,2.25,1.00
2017.10.18 08:08:10.478,0.71304,0.71311,2.25,1.00
2017.10.18 08:08:11.044,0.71304,0.71311,2.06,1.00
2017.10.18 08:08:13.044,0.71305,0.71311,1.00,1.00
2017.10.18 08:08:13.593,0.71304,0.71311,2.81,1.00
2017.10.18 08:08:14.825,0.71305,0.71311,1.00,1.00
2017.10.18 08:08:17.835,0.71308,0.71312,2.44,1.00
2017.10.18 08:08:17.886,0.7131,0.71314,1.25,1.00
2017.10.18 08:08:17.988,0.71312,0.71316,1.50,1.12
2017.10.18 08:08:18.091,0.71312,0.71318,1.95,1.00
2017.10.18 08:08:18.358,0.71315,0.7132,1.20,1.00
2017.10.18 08:08:18.409,0.71315,0.71322,1.95,1.00
2017.10.18 08:08:18.936,0.71316,0.71322,1.01,1.00
2017.10.18 08:08:19.500,0.71317,0.71322,1.25,1.00
2017.10.18 08:08:19.552,0.71317,0.71324,1.31,1.00
2017.10.18 08:08:20.078,0.71317,0.71324,1.62,1.00
2017.10.18 08:08:20.588,0.71319,0.71324,1.00,1.00
2017.10.18 08:08:21.125,0.71318,0.71324,1.25,1.00
2017.10.18 08:08:22.875,0.71319,0.71324,1.00,1.00
2017.10.18 08:08:23.544,0.71318,0.71324,1.12,1.00
2017.10.18 08:08:24.256,0.71319,0.71324,1.00,1.00
2017.10.18 08:08:29.748,0.71318,0.71324,1.13,1.00
2017.10.18 08:08:30.647,0.71319,0.71324,1.00,1.00
2017.10.18 08:08:31.188,0.71318,0.71324,1.25,1.00
2017.10.18 08:08:32.741,0.71319,0.71324,1.00,1.00
2017.10.18 08:08:33.278,0.71318,0.71324,1.00,1.00
2017.10.18 08:08:38.264,0.71319,0.71324,1.00,1.00
2017.10.18 08:08:39.078,0.71318,0.71324,1.00,1.00
2017.10.18 08:08:39.895,0.71319,0.71324,1.25,1.00
2017.10.18 08:08:40.434,0.71318,0.71324,1.00,1.00
2017.10.18 08:08:42.492,0.71319,0.71324,1.00,1.00
2017.10.18 08:08:43.058,0.71319,0.71323,1.00,1.00
2017.10.18 08:08:43.556,0.71317,0.71323,1.50,1.00
2017.10.18 08:08:44.126,0.71318,0.71323,1.00,1.00
2017.10.18 08:08:44.672,0.71317,0.71323,1.12,1.00
2017.10.18 08:08:45.254,0.71316,0.71322,2.44,1.00
2017.10.18 08:08:45.912,0.71316,0.71322,2.25,1.00
2017.10.18 08:08:46.644,0.71317,0.71322,1.00,1.00
2017.10.18 08:08:47.443,0.71316,0.71322,2.44,1.00
2017.10.18 08:08:49.034,0.71317,0.71322,1.00,1.00
2017.10.18 08:08:49.558,0.71316,0.71322,1.50,1.00
2017.10.18 08:08:50.217,0.71317,0.71322,1.00,1.00
2017.10.18 08:08:50.794,0.71316,0.71322,1.50,1.00
2017.10.18 08:08:51.580,0.71317,0.71322,1.00,1.00
2017.10.18 08:08:52.238,0.71316,0.71322,1.50,1.00
2017.10.18 08:08:54.089,0.71317,0.71322,1.00,1.00
2017.10.18 08:08:54.612,0.71318,0.71323,1.25,1.00
2017.10.18 08:08:55.311,0.71316,0.71323,2.81,1.00
2017.10.18 08:08:55.623,0.71317,0.71323,2.06,1.00
2017.10.18 08:08:55.674,0.71317,0.71323,1.25,1.00
2017.10.18 08:08:56.367,0.71317,0.71323,2.44,1.00
2017.10.18 08:08:56.972,0.71317,0.71323,1.12,1.00
2017.10.18 08:08:58.254,0.71318,0.71323,1.00,1.00
2017.10.18 08:08:58.871,0.71317,0.71323,1.25,1.00
2017.10.18 08:08:59.386,0.71318,0.71323,1.00,1.00
2017.10.18 08:08:59.539,0.71316,0.71321,3.64,1.00
2017.10.18 08:09:00.435,0.71318,0.71322,1.00,1.00
2017.10.18 08:09:00.990,0.71317,0.71322,1.12,1.00
2017.10.18 08:09:01.499,0.71316,0.71321,2.70,1.00
2017.10.18 08:09:02.033,0.71316,0.71321,1.87,1.00
2017.10.18 08:09:04.223,0.71315,0.71321,2.70,1.00
2017.10.18 08:09:04.748,0.71315,0.7132,1.20,1.00
2017.10.18 08:09:08.277,0.71315,0.71322,4.01,1.00
2017.10.18 08:09:08.838,0.71315,0.71322,5.32,1.00
2017.10.18 08:09:09.388,0.71316,0.71323,2.50,1.00
2017.10.18 08:09:09.686,0.71318,0.71323,1.00,1.00
2017.10.18 08:09:10.246,0.71317,0.71323,1.12,1.00
2017.10.18 08:09:10.937,0.71321,0.71328,1.87,1.37
2017.10.18 08:09:11.039,0.71322,0.71329,1.12,1.00
2017.10.18 08:09:11.548,0.71322,0.71328,1.20,1.00
2017.10.18 08:09:14.046,0.71321,0.71328,2.70,1.00
2017.10.18 08:09:14.241,0.71321,0.71331,2.70,1.87
2017.10.18 08:09:14.750,0.71322,0.71331,1.57,1.00
2017.10.18 08:09:15.195,0.71326,0.71332,1.00,1.25
2017.10.18 08:09:15.536,0.71331,0.71337,1.00,1.50
2017.10.18 08:09:15.587,0.71331,0.71337,1.00,1.12
2017.10.18 08:09:22.444,0.71331,0.71338,1.00,1.31
2017.10.18 08:09:23.206,0.71331,0.71337,1.00,1.00
2017.10.18 08:09:23.787,0.71331,0.71338,1.00,1.31
2017.10.18 08:09:25.385,0.71331,0.71337,1.00,1.00
2017.10.18 08:09:25.918,0.71331,0.71338,1.00,1.69
2017.10.18 08:09:26.577,0.71331,0.71337,1.00,1.31
2017.10.18 08:09:31.201,0.71329,0.71336,1.00,3.00
2017.10.18 08:09:31.748,0.7133,0.71336,1.00,1.00
2017.10.18 08:09:36.230,0.71332,0.71336,1.00,1.00
2017.10.18 08:09:36.889,0.71332,0.71337,1.00,1.25
2017.10.18 08:09:37.508,0.71332,0.71338,1.00,1.25
2017.10.18 08:09:38.439,0.71332,0.71338,1.00,1.89
2017.10.18 08:09:39.124,0.71332,0.71338,1.00,1.02
2017.10.18 08:09:39.471,0.71339,0.71347,1.00,2.06
2017.10.18 08:09:39.777,0.71341,0.71347,1.00,1.00
2017.10.18 08:09:40.328,0.71341,0.71349,1.00,2.25
2017.10.18 08:09:40.847,0.71342,0.71349,1.00,2.06
2017.10.18 08:09:41.379,0.71342,0.71349,1.00,1.25
2017.10.18 08:09:41.888,0.71342,0.71349,1.00,2.06
2017.10.18 08:09:42.429,0.71342,0.71349,1.00,1.13
2017.10.18 08:09:42.963,0.71341,0.71349,1.00,2.06
2017.10.18 08:09:43.551,0.71341,0.71349,1.00,1.88
2017.10.18 08:09:45.009,0.71341,0.71348,1.00,1.13
2017.10.18 08:09:45.540,0.71339,0.71347,1.00,1.00
2017.10.18 08:09:45.592,0.71337,0.71341,1.12,1.00
2017.10.18 08:09:45.744,0.71335,0.71343,1.00,2.25
2017.10.18 08:09:46.358,0.71335,0.71344,1.00,2.25
2017.10.18 08:09:46.925,0.71335,0.71344,1.00,2.81
2017.10.18 08:09:47.360,0.71336,0.71344,3.75,1.00
2017.10.18 08:09:47.413,0.7134,0.71345,1.00,1.00
2017.10.18 08:09:47.465,0.7134,0.71347,1.00,2.25
2017.10.18 08:09:47.517,0.7134,0.7135,1.50,4.13
2017.10.18 08:09:48.004,0.7134,0.71349,1.50,2.06
2017.10.18 08:09:48.552,0.7134,0.71349,1.50,2.25
2017.10.18 08:09:48.990,0.7134,0.7135,1.50,3.00
2017.10.18 08:09:49.491,0.7134,0.71349,1.50,1.12
2017.10.18 08:09:50.326,0.7134,0.7135,1.50,4.12
2017.10.18 08:09:50.906,0.7134,0.71349,1.50,1.87
2017.10.18 08:09:51.469,0.7134,0.7135,1.50,3.37
2017.10.18 08:09:52.084,0.7134,0.71349,1.50,1.12
2017.10.18 08:09:52.595,0.7134,0.7135,1.50,3.75
2017.10.18 08:09:52.747,0.7134,0.7135,1.50,3.45
2017.10.18 08:09:53.684,0.71341,0.71349,1.00,1.57
2017.10.18 08:10:00.314,0.7134,0.7135,1.00,3.07
2017.10.18 08:10:10.592,0.71339,0.7135,1.00,6.28
2017.10.18 08:10:14.510,0.7134,0.71349,1.00,1.22
2017.10.18 08:10:18.306,0.7134,0.71349,1.00,1.61
2017.10.18 08:10:18.863,0.7134,0.71349,1.00,1.23
2017.10.18 08:10:20.220,0.7134,0.71349,1.00,4.98
2017.10.18 08:10:20.733,0.7134,0.71349,1.00,4.61
2017.10.18 08:10:22.298,0.7134,0.71348,1.00,1.13
2017.10.18 08:10:23.062,0.7134,0.71348,1.00,1.14
2017.10.18 08:10:23.613,0.7134,0.71348,1.00,1.13
2017.10.18 08:10:28.302,0.7134,0.71348,1.00,1.15
2017.10.18 08:10:29.522,0.71341,0.71346,1.00,1.06
2017.10.18 08:10:33.955,0.71341,0.71347,1.00,1.00
2017.10.18 08:10:37.591,0.7134,0.71347,1.00,1.00
2017.10.18 08:10:38.895,0.7134,0.71348,1.12,1.00
2017.10.18 08:10:39.439,0.71341,0.71348,1.12,1.00
2017.10.18 08:10:40.032,0.71345,0.71349,1.00,1.00
2017.10.18 08:10:40.186,0.71346,0.71353,1.00,1.00
2017.10.18 08:10:40.545,0.71344,0.71351,1.95,1.00
2017.10.18 08:10:41.062,0.71345,0.71351,1.00,1.00
2017.10.18 08:10:41.625,0.71346,0.71352,1.00,1.00
2017.10.18 08:10:42.170,0.71347,0.71353,1.00,1.00
2017.10.18 08:10:43.711,0.71347,0.71354,1.00,1.12
2017.10.18 08:10:44.216,0.71347,0.71355,1.00,1.00
2017.10.18 08:10:45.304,0.71347,0.71353,1.00,1.00
2017.10.18 08:10:51.964,0.71344,0.7135,1.00,1.12
2017.10.18 08:10:52.170,0.71341,0.71349,1.00,1.50
2017.10.18 08:10:52.684,0.7134,0.71348,1.37,1.00
2017.10.18 08:10:52.876,0.71339,0.71346,1.00,1.00
2017.10.18 08:10:53.416,0.71339,0.71347,1.00,1.50
2017.10.18 08:10:54.394,0.71339,0.71346,1.00,1.00
2017.10.18 08:10:54.995,0.71338,0.71345,1.00,1.00
2017.10.18 08:10:57.629,0.71338,0.71346,1.00,1.00
2017.10.18 08:10:59.516,0.7134,0.71346,1.00,1.00
2017.10.18 08:10:59.669,0.71338,0.71347,1.00,1.10
2017.10.18 08:11:01.223,0.71339,0.71347,1.00,1.50
2017.10.18 08:11:07.651,0.71338,0.71347,1.00,1.00
2017.10.18 08:11:08.303,0.71339,0.71347,1.00,2.25
2017.10.18 08:11:14.181,0.71339,0.71348,1.00,1.12
2017.10.18 08:11:20.098,0.71339,0.71346,1.00,1.00
2017.10.18 08:11:20.366,0.71339,0.71348,1.00,1.20
2017.10.18 08:11:20.872,0.71339,0.71348,1.00,1.57
2017.10.18 08:11:24.774,0.71339,0.71348,1.00,1.10
2017.10.18 08:11:26.837,0.71339,0.71347,1.00,1.00
2017.10.18 08:11:29.148,0.7134,0.71348,1.00,1.12
2017.10.18 08:11:29.676,0.71341,0.71348,1.00,1.00
2017.10.18 08:11:30.584,0.71341,0.71347,1.00,1.00
2017.10.18 08:11:30.686,0.71339,0.71347,1.00,1.00
2017.10.18 08:11:34.430,0.71339,0.71346,1.00,1.00
2017.10.18 08:11:43.398,0.71339,0.71345,1.00,1.00
2017.10.18 08:11:44.850,0.71339,0.71346,1.00,1.00
2017.10.18 08:11:50.274,0.71339,0.71346,1.00,1.56
2017.10.18 08:11:50.814,0.71339,0.71346,1.00,1.50
2017.10.18 08:11:51.361,0.71339,0.71345,1.00,1.00
2017.10.18 08:11:59.667,0.71339,0.71347,1.50,1.00
2017.10.18 08:12:04.837,0.7134,0.71348,1.00,1.47
2017.10.18 08:12:05.438,0.7134,0.71348,1.50,1.00
2017.10.18 08:12:10.188,0.7134,0.71347,1.00,1.25
2017.10.18 08:12:10.542,0.71335,0.71342,1.95,1.13
2017.10.18 08:12:12.255,0.71338,0.71342,1.00,1.00
2017.10.18 08:12:12.306,0.71336,0.71342,1.00,1.00
2017.10.18 08:12:12.569,0.71337,0.71344,1.00,1.00
2017.10.18 08:12:14.715,0.71338,0.71344,1.00,1.00
2017.10.18 08:12:16.632,0.71338,0.71346,1.00,1.00
2017.10.18 08:12:18.024,0.71338,0.71346,1.00,1.31
2017.10.18 08:12:18.554,0.71338,0.71346,1.00,1.13
2017.10.18 08:12:23.974,0.71338,0.71345,1.00,1.00
2017.10.18 08:12:27.958,0.71339,0.71348,1.00,1.39
2017.10.18 08:12:28.111,0.71339,0.71349,1.69,1.20
2017.10.18 08:12:28.265,0.71339,0.71348,1.69,1.57
2017.10.18 08:12:28.774,0.71339,0.71348,1.69,1.57
2017.10.18 08:12:30.597,0.71339,0.71349,1.50,3.07
2017.10.18 08:12:31.406,0.71339,0.71349,1.50,1.95
2017.10.18 08:12:32.083,0.71339,0.71349,1.50,2.89
2017.10.18 08:12:32.799,0.71339,0.71349,1.50,3.07
2017.10.18 08:12:36.306,0.71339,0.71348,1.50,1.95
2017.10.18 08:12:37.629,0.71339,0.71349,1.50,2.32
2017.10.18 08:12:38.842,0.71339,0.71348,1.50,2.32
2017.10.18 08:12:39.713,0.7134,0.71346,1.00,1.00
2017.10.18 08:12:40.224,0.71339,0.71347,1.00,2.44
2017.10.18 08:12:41.362,0.71337,0.71345,1.50,1.87
2017.10.18 08:12:41.618,0.71339,0.71346,1.00,1.01
2017.10.18 08:12:41.925,0.71338,0.71348,1.50,5.51
2017.10.18 08:12:43.958,0.71338,0.71349,1.50,3.82
2017.10.18 08:12:44.800,0.71339,0.71349,1.00,3.82
2017.10.18 08:12:45.413,0.71339,0.71348,1.00,1.57
2017.10.18 08:12:46.934,0.71339,0.71348,1.00,1.10
2017.10.18 08:12:49.957,0.7134,0.71348,1.00,1.31
2017.10.18 08:12:53.688,0.7134,0.7135,1.50,4.01
2017.10.18 08:12:54.745,0.7134,0.7135,1.50,2.32
2017.10.18 08:12:56.640,0.7134,0.71349,1.50,1.00
2017.10.18 08:12:57.212,0.7134,0.7135,1.50,2.32
2017.10.18 08:12:58.392,0.71341,0.7135,1.00,1.95
2017.10.18 08:12:58.444,0.71343,0.71351,1.00,1.57
2017.10.18 08:12:58.983,0.71343,0.71352,1.00,1.50
2017.10.18 08:12:59.365,0.71347,0.71354,1.00,3.26
2017.10.18 08:12:59.624,0.71351,0.71359,1.00,3.07
2017.10.18 08:13:01.014,0.7135,0.71359,2.25,1.76
2017.10.18 08:13:01.539,0.7135,0.71358,1.00,1.12
2017.10.18 08:13:05.405,0.7135,0.71358,1.00,1.44
2017.10.18 08:13:05.791,0.7135,0.71359,1.00,1.50
2017.10.18 08:13:06.314,0.71351,0.71359,1.00,1.50
2017.10.18 08:13:12.009,0.71351,0.71359,1.00,1.50
2017.10.18 08:13:14.938,0.71351,0.71359,1.00,1.20
2017.10.18 08:13:15.460,0.71351,0.71359,1.00,1.20
2017.10.18 08:13:16.082,0.71351,0.71359,1.00,1.01
2017.10.18 08:13:17.521,0.71351,0.71359,1.00,1.20
2017.10.18 08:13:18.062,0.71351,0.71359,1.00,1.76
2017.10.18 08:13:26.363,0.71351,0.71358,1.00,1.00
2017.10.18 08:13:26.941,0.71351,0.71359,1.00,2.70
2017.10.18 08:13:27.846,0.71351,0.71359,1.00,1.44
2017.10.18 08:13:28.532,0.71351,0.71359,1.00,2.44
2017.10.18 08:13:29.865,0.7135,0.71359,1.50,1.39
2017.10.18 08:13:31.606,0.7135,0.71359,1.50,3.26
2017.10.18 08:13:32.762,0.7135,0.71359,1.50,1.39
2017.10.18 08:13:42.522,0.7135,0.71359,1.50,2.70
2017.10.18 08:13:43.195,0.7135,0.71359,1.50,1.57
2017.10.18 08:13:44.083,0.71351,0.7136,1.25,4.39
2017.10.18 08:13:44.136,0.71354,0.71361,1.00,5.32
2017.10.18 08:13:44.454,0.71359,0.71363,1.00,1.00
2017.10.18 08:13:44.505,0.71359,0.71365,1.00,1.00
2017.10.18 08:13:45.022,0.71359,0.71366,1.00,1.25
2017.10.18 08:13:45.124,0.71357,0.71366,1.00,1.00
2017.10.18 08:13:45.279,0.71357,0.71362,1.00,1.50
2017.10.18 08:13:45.456,0.71352,0.71361,1.00,4.76
2017.10.18 08:13:45.866,0.71351,0.7136,1.00,6.07
2017.10.18 08:13:46.123,0.71351,0.7136,1.00,5.51
2017.10.18 08:13:46.370,0.71351,0.7136,1.00,3.45
2017.10.18 08:13:48.259,0.71351,0.7136,1.00,3.45
2017.10.18 08:13:50.230,0.71349,0.71357,1.00,1.25
2017.10.18 08:13:51.516,0.71349,0.71358,1.00,1.88
2017.10.18 08:13:52.040,0.7135,0.71358,1.00,1.02
2017.10.18 08:13:52.387,0.71349,0.71356,1.00,1.31
2017.10.18 08:13:52.933,0.71349,0.71358,1.00,2.25
2017.10.18 08:13:53.537,0.71349,0.71358,1.00,1.69
2017.10.18 08:13:54.172,0.71349,0.71358,1.00,2.33
2017.10.18 08:13:54.724,0.71349,0.71358,1.00,1.13
2017.10.18 08:13:55.361,0.7135,0.7136,1.00,6.45
2017.10.18 08:13:56.848,0.7135,0.71359,1.00,1.32
2017.10.18 08:13:57.498,0.7135,0.71359,1.00,1.13
2017.10.18 08:13:58.502,0.7135,0.71359,1.00,1.09
2017.10.18 08:13:59.078,0.7135,0.71359,1.00,1.34
2017.10.18 08:13:59.592,0.7135,0.71359,1.00,1.34
2017.10.18 08:14:00.274,0.7135,0.71359,1.00,1.34
2017.10.18 08:14:01.548,0.7135,0.71359,1.00,1.09
2017.10.18 08:14:02.299,0.7135,0.71359,1.00,1.53
2017.10.18 08:14:02.846,0.7135,0.71359,1.00,1.22
2017.10.18 08:14:04.657,0.71349,0.71356,1.00,1.00
2017.10.18 08:14:04.939,0.71342,0.71351,1.69,5.14
2017.10.18 08:14:05.221,0.71344,0.71352,1.50,1.85
2017.10.18 08:14:05.429,0.71349,0.71358,1.00,2.16
2017.10.18 08:14:06.096,0.71349,0.71356,1.00,1.00
2017.10.18 08:14:06.147,0.71346,0.71351,1.12,1.50
2017.10.18 08:14:06.249,0.71348,0.71356,1.00,2.62
2017.10.18 08:14:06.796,0.71349,0.71358,1.00,7.41
2017.10.18 08:14:07.839,0.71349,0.71358,1.00,1.21
2017.10.18 08:14:08.221,0.71349,0.71359,1.00,4.01
2017.10.18 08:14:08.272,0.71349,0.71359,1.00,4.03
2017.10.18 08:14:10.091,0.71349,0.71358,1.00,1.27
2017.10.18 08:14:10.621,0.71349,0.71359,1.00,3.28
2017.10.18 08:14:11.476,0.71349,0.71358,1.00,1.26
2017.10.18 08:14:11.995,0.71349,0.71358,1.00,1.01
2017.10.18 08:14:14.397,0.71349,0.71358,1.00,1.26
2017.10.18 08:14:14.932,0.71349,0.71359,1.00,3.28
2017.10.18 08:14:15.575,0.7135,0.71359,1.00,4.96
2017.10.18 08:14:16.823,0.7135,0.71359,1.00,3.28
2017.10.18 08:14:18.160,0.7135,0.71359,1.00,3.45
2017.10.18 08:14:18.262,0.7135,0.71359,1.00,3.45
2017.10.18 08:14:20.252,0.7135,0.71359,1.00,3.45
2017.10.18 08:14:20.863,0.7135,0.71359,1.00,3.82
2017.10.18 08:14:21.376,0.7135,0.71358,1.00,1.00
2017.10.18 08:14:22.202,0.7135,0.71359,1.00,3.64
2017.10.18 08:14:23.152,0.7135,0.71359,1.00,6.45
2017.10.18 08:14:23.802,0.7135,0.71359,1.00,3.64
2017.10.18 08:14:24.528,0.7135,0.71358,1.00,1.00
2017.10.18 08:14:25.220,0.7135,0.71359,1.00,3.64
2017.10.18 08:14:27.289,0.7135,0.71359,1.00,6.45
2017.10.18 08:14:28.259,0.7135,0.71359,1.00,1.95
2017.10.18 08:14:28.890,0.71351,0.7136,1.50,7.39
2017.10.18 08:14:29.579,0.71351,0.7136,1.50,6.64
2017.10.18 08:14:33.874,0.71351,0.7136,1.00,6.26
2017.10.18 08:14:34.502,0.71351,0.7136,1.00,6.45
2017.10.18 08:14:34.758,0.71351,0.71359,1.00,3.07
2017.10.18 08:14:34.913,0.71342,0.7135,2.44,1.12
2017.10.18 08:14:35.119,0.71345,0.71352,1.00,1.57
2017.10.18 08:14:35.171,0.71346,0.71355,1.00,1.95
2017.10.18 08:14:35.309,0.71349,0.71358,1.00,1.76
2017.10.18 08:14:36.989,0.71345,0.71351,1.12,1.50
2017.10.18 08:14:37.093,0.71342,0.71351,2.44,3.56
2017.10.18 08:14:38.663,0.71342,0.7135,3.19,1.69
2017.10.18 08:14:39.208,0.71343,0.71351,1.00,2.44
2017.10.18 08:14:40.143,0.71346,0.71353,1.00,2.25
2017.10.18 08:14:40.347,0.7135,0.71358,1.00,1.00
2017.10.18 08:14:40.860,0.71351,0.71359,1.00,1.57
2017.10.18 08:14:41.595,0.71352,0.71359,1.00,1.95
2017.10.18 08:14:42.284,0.71352,0.71359,1.00,1.95
2017.10.18 08:14:42.791,0.71352,0.71357,1.00,1.00
2017.10.18 08:14:44.445,0.71351,0.71358,1.00,1.69
2017.10.18 08:14:44.651,0.71354,0.7136,1.00,1.57
2017.10.18 08:14:45.869,0.71355,0.7136,1.00,1.00
2017.10.18 08:14:46.048,0.7136,0.71366,1.00,1.76
2017.10.18 08:14:46.099,0.71361,0.71368,1.00,1.39
2017.10.18 08:14:46.604,0.71362,0.7137,1.00,5.14
2017.10.18 08:14:47.115,0.71363,0.7137,1.00,3.45
2017.10.18 08:14:47.702,0.71363,0.7137,1.00,4.95
2017.10.18 08:14:48.216,0.71363,0.7137,1.00,3.64
2017.10.18 08:14:48.921,0.71363,0.71369,1.00,1.44
2017.10.18 08:14:49.431,0.71363,0.7137,1.00,3.45
2017.10.18 08:14:49.990,0.71363,0.7137,1.00,2.63
2017.10.18 08:14:50.508,0.71363,0.7137,1.00,4.31
2017.10.18 08:14:51.453,0.71363,0.7137,1.00,2.44
2017.10.18 08:14:52.196,0.71363,0.71369,1.00,1.25
2017.10.18 08:14:52.853,0.71363,0.7137,1.00,1.69
2017.10.18 08:14:54.027,0.71363,0.7137,1.00,4.13
2017.10.18 08:14:54.821,0.71363,0.7137,1.00,2.63
2017.10.18 08:14:55.498,0.71363,0.7137,1.00,4.13
2017.10.18 08:14:56.079,0.71362,0.71369,1.00,3.08
2017.10.18 08:14:58.365,0.71362,0.71368,1.00,1.88
2017.10.18 08:14:58.899,0.71362,0.71368,1.00,1.13
2017.10.18 08:14:59.960,0.71361,0.71368,1.00,1.38
2017.10.18 08:15:00.485,0.71363,0.71369,1.00,2.06
2017.10.18 08:15:04.537,0.71363,0.71368,1.00,1.19
2017.10.18 08:15:04.977,0.71361,0.71368,1.50,1.00
2017.10.18 08:15:05.029,0.71357,0.7136,2.25,1.00
2017.10.18 08:15:05.185,0.71353,0.71361,1.00,4.20
2017.10.18 08:15:05.237,0.71354,0.71362,1.00,1.00
2017.10.18 08:15:05.340,0.71357,0.71364,1.50,1.37
2017.10.18 08:15:05.391,0.71354,0.71362,2.25,1.00
2017.10.18 08:15:05.494,0.71352,0.7136,4.12,1.88
2017.10.18 08:15:05.545,0.71352,0.7136,1.50,3.00
2017.10.18 08:15:05.739,0.71352,0.71361,1.50,5.63
2017.10.18 08:15:06.285,0.71352,0.7136,1.87,2.25
2017.10.18 08:15:06.558,0.71352,0.71361,1.87,3.94
2017.10.18 08:15:07.072,0.71352,0.7136,1.00,2.25
2017.10.18 08:15:07.783,0.71352,0.7136,1.00,1.13
2017.10.18 08:15:08.187,0.71351,0.71359,1.00,1.39
2017.10.18 08:15:08.727,0.71351,0.7136,1.00,5.89
2017.10.18 08:15:09.277,0.71351,0.7136,1.00,4.39
2017.10.18 08:15:09.791,0.71351,0.71359,1.00,1.39
2017.10.18 08:15:10.324,0.71351,0.7136,1.00,3.64
2017.10.18 08:15:12.936,0.71351,0.7136,1.00,2.89
2017.10.18 08:15:13.439,0.71351,0.7136,1.00,3.08
2017.10.18 08:15:14.578,0.71351,0.7136,1.00,4.58
2017.10.18 08:15:14.630,0.71351,0.7136,1.69,4.58
2017.10.18 08:15:14.732,0.71353,0.71361,1.00,1.31
2017.10.18 08:15:15.130,0.71352,0.71361,1.50,4.20
2017.10.18 08:15:15.588,0.71353,0.71361,1.00,4.76
2017.10.18 08:15:16.101,0.71353,0.71361,1.00,4.95
2017.10.18 08:15:16.632,0.71352,0.7136,1.00,1.08
2017.10.18 08:15:19.374,0.7135,0.71358,1.00,1.13
2017.10.18 08:15:19.425,0.71348,0.71357,2.25,2.62
2017.10.18 08:15:19.733,0.71351,0.71358,1.00,1.01
2017.10.18 08:15:20.310,0.71351,0.71359,1.00,4.39
2017.10.18 08:15:23.990,0.71352,0.7136,1.00,1.25
2017.10.18 08:15:24.540,0.71353,0.7136,1.00,1.25
2017.10.18 08:15:29.326,0.71353,0.7136,1.00,2.63
2017.10.18 08:15:30.120,0.71353,0.7136,1.00,1.13
2017.10.18 08:15:30.696,0.71353,0.7136,1.00,3.00
2017.10.18 08:15:32.787,0.71353,0.7136,1.00,2.25
2017.10.18 08:15:34.184,0.71353,0.7136,1.50,1.88
2017.10.18 08:15:34.495,0.71358,0.71365,1.00,1.12
2017.10.18 08:15:35.041,0.71358,0.71367,1.00,4.20
2017.10.18 08:15:35.621,0.71358,0.71368,1.00,3.26
2017.10.18 08:15:35.764,0.7136,0.71368,1.00,1.39
2017.10.18 08:15:36.273,0.7136,0.71369,1.00,4.39
2017.10.18 08:15:36.903,0.71353,0.71361,2.25,2.63
2017.10.18 08:15:37.005,0.71353,0.71361,1.50,1.88
2017.10.18 08:15:37.667,0.71353,0.7136,1.00,1.88
2017.10.18 08:15:38.207,0.71353,0.7136,1.50,1.88
2017.10.18 08:15:38.512,0.71353,0.7136,1.50,2.26
2017.10.18 08:15:38.775,0.71353,0.7136,1.50,1.25
2017.10.18 08:15:39.333,0.71353,0.71361,1.50,2.70
2017.10.18 08:15:41.264,0.71353,0.71361,1.50,4.20
2017.10.18 08:15:41.773,0.71353,0.71361,1.50,3.45
2017.10.18 08:15:43.589,0.71353,0.7136,1.50,2.63
2017.10.18 08:15:44.039,0.71353,0.71361,1.50,2.44
2017.10.18 08:15:44.245,0.71357,0.71362,1.00,1.12
2017.10.18 08:15:44.554,0.71361,0.71369,1.00,5.33
2017.10.18 08:15:45.063,0.7136,0.71366,1.00,1.00
2017.10.18 08:15:47.326,0.71359,0.71366,1.00,1.00
2017.10.18 08:15:47.963,0.71358,0.71366,1.00,1.20
2017.10.18 08:15:50.758,0.71359,0.71366,1.00,1.20
2017.10.18 08:15:55.894,0.71359,0.71366,1.00,1.20
2017.10.18 08:15:56.499,0.71359,0.71366,1.00,1.20
2017.10.18 08:16:00.166,0.7136,0.71366,1.00,1.20
2017.10.18 08:16:02.940,0.7136,0.71366,1.00,1.45
2017.10.18 08:16:09.093,0.71361,0.71369,1.50,2.32
2017.10.18 08:16:09.195,0.71363,0.71369,1.00,1.57
2017.10.18 08:16:14.555,0.71365,0.7137,1.00,1.95
2017.10.18 08:16:15.196,0.71365,0.71371,1.00,1.20
2017.10.18 08:16:15.865,0.71364,0.71371,1.00,1.20
2017.10.18 08:16:17.567,0.71365,0.71371,1.00,1.10
2017.10.18 08:16:18.729,0.71366,0.71373,1.00,1.20
2017.10.18 08:16:18.832,0.71368,0.71374,1.00,1.12
2017.10.18 08:16:19.495,0.71365,0.7137,1.00,1.00
2017.10.18 08:16:19.894,0.71362,0.71369,1.00,1.20
2017.10.18 08:16:20.503,0.71362,0.71368,1.00,1.00
2017.10.18 08:16:20.997,0.71361,0.71366,1.00,1.00
2017.10.18 08:16:26.794,0.71361,0.71367,1.00,1.00
2017.10.18 08:16:30.338,0.71364,0.71369,1.00,1.95
2017.10.18 08:16:30.389,0.71364,0.71369,1.00,1.57
2017.10.18 08:16:31.413,0.71365,0.7137,1.00,1.00
2017.10.18 08:16:31.821,0.71368,0.71374,1.00,1.00
2017.10.18 08:16:32.184,0.71368,0.71376,1.00,1.10
2017.10.18 08:16:32.967,0.71368,0.71376,1.00,1.20
2017.10.18 08:16:33.323,0.7137,0.71376,1.00,1.10
2017.10.18 08:16:33.903,0.7137,0.71377,1.50,1.00
2017.10.18 08:16:38.470,0.71364,0.71372,1.37,1.95
2017.10.18 08:16:38.572,0.71364,0.71371,1.50,1.12
2017.10.18 08:16:38.878,0.71367,0.71372,1.00,1.20
2017.10.18 08:16:39.388,0.71367,0.71373,1.00,1.00
2017.10.18 08:16:39.697,0.71369,0.71374,1.00,1.00
2017.10.18 08:16:40.194,0.71369,0.71376,1.00,1.20
2017.10.18 08:16:46.928,0.71372,0.71378,1.00,2.33
2017.10.18 08:16:47.445,0.71373,0.71378,1.00,2.14
2017.10.18 08:16:47.972,0.71372,0.71378,1.00,2.14
2017.10.18 08:16:49.668,0.71373,0.71379,1.00,1.39
2017.10.18 08:16:50.378,0.71374,0.71378,1.00,1.20
2017.10.18 08:16:53.510,0.71374,0.71378,1.00,1.10
2017.10.18 08:16:55.996,0.71369,0.71373,1.00,1.87
2017.10.18 08:16:56.048,0.71366,0.71371,2.25,1.50
2017.10.18 08:16:56.253,0.71368,0.71373,1.00,1.20
2017.10.18 08:16:56.594,0.71373,0.71378,1.00,1.76
2017.10.18 08:16:57.103,0.71373,0.71378,1.00,1.10
2017.10.18 08:16:59.364,0.71374,0.71379,1.00,2.25
2017.10.18 08:17:00.046,0.71375,0.71379,1.00,1.12
2017.10.18 08:17:03.621,0.71372,0.71379,2.25,1.00
2017.10.18 08:17:04.170,0.71372,0.71379,1.50,1.50
2017.10.18 08:17:04.946,0.71372,0.71379,1.00,1.50
2017.10.18 08:17:06.948,0.71372,0.71379,1.00,1.50
2017.10.18 08:17:07.502,0.71372,0.71379,1.00,1.88
2017.10.18 08:17:08.283,0.71372,0.71379,1.00,1.88
2017.10.18 08:17:12.472,0.71372,0.71379,1.00,2.35
2017.10.18 08:17:12.983,0.71372,0.71379,1.00,2.35
2017.10.18 08:17:16.360,0.71372,0.71379,1.00,2.72
2017.10.18 08:17:16.970,0.71372,0.71379,1.00,2.35
2017.10.18 08:17:17.631,0.71372,0.71379,1.00,3.10
2017.10.18 08:17:18.289,0.71372,0.71379,1.00,2.36
2017.10.18 08:17:18.608,0.71372,0.71379,1.00,3.11
2017.10.18 08:17:19.282,0.71372,0.71379,1.00,2.55
2017.10.18 08:17:19.892,0.71372,0.71379,1.00,3.11
2017.10.18 08:17:20.575,0.71372,0.71379,1.00,1.99
2017.10.18 08:17:22.953,0.71372,0.71379,1.00,3.00
2017.10.18 08:17:23.504,0.71372,0.71379,1.00,2.25
2017.10.18 08:17:24.017,0.71371,0.71378,1.50,1.42
2017.10.18 08:17:24.561,0.71371,0.71378,1.50,1.42
2017.10.18 08:17:25.066,0.71371,0.71378,1.50,1.61
2017.10.18 08:17:27.429,0.71371,0.71378,1.50,1.05
2017.10.18 08:17:27.931,0.71371,0.71378,1.50,2.06
2017.10.18 08:17:29.406,0.71371,0.71378,1.50,1.49
2017.10.18 08:17:30.374,0.71371,0.71378,1.50,1.68
2017.10.18 08:17:32.109,0.71371,0.71378,1.50,2.05
2017.10.18 08:17:32.813,0.71371,0.71378,1.50,2.05
2017.10.18 08:17:33.304,0.71371,0.71378,1.50,4.49
2017.10.18 08:17:35.315,0.71371,0.71377,1.00,1.12
2017.10.18 08:17:37.416,0.71371,0.71378,1.00,1.67
2017.10.18 08:17:38.064,0.71371,0.71378,1.00,1.65
2017.10.18 08:17:39.613,0.71371,0.71377,1.00,1.80
2017.10.18 08:17:39.861,0.71366,0.71372,1.00,1.03
2017.10.18 08:17:40.175,0.71365,0.71372,1.00,1.78
2017.10.18 08:17:40.746,0.71365,0.71372,1.00,2.44
2017.10.18 08:17:41.319,0.71364,0.71373,1.00,2.90
2017.10.18 08:17:44.292,0.71362,0.71371,1.50,2.70
2017.10.18 08:17:44.445,0.71362,0.7137,1.00,1.50
2017.10.18 08:17:44.946,0.71361,0.7137,1.12,3.37
2017.10.18 08:17:45.503,0.71361,0.71367,1.00,1.00
2017.10.18 08:17:46.027,0.71361,0.7137,1.00,4.76
2017.10.18 08:17:50.648,0.7136,0.71367,1.50,1.50
2017.10.18 08:17:50.801,0.71358,0.71366,1.00,2.25
2017.10.18 08:17:51.313,0.71358,0.71366,1.00,4.87
2017.10.18 08:17:52.268,0.71361,0.71365,1.00,1.12
2017.10.18 08:17:52.422,0.71361,0.71366,1.00,1.12
2017.10.18 08:17:53.876,0.71361,0.71366,1.00,1.37
2017.10.18 08:17:55.467,0.71358,0.71365,1.00,1.12
2017.10.18 08:17:56.110,0.71358,0.71364,1.00,1.00
2017.10.18 08:17:57.119,0.71358,0.71365,1.00,1.50
2017.10.18 08:18:04.574,0.71359,0.71365,1.00,1.12
2017.10.18 08:18:05.087,0.7136,0.71365,1.00,1.00
2017.10.18 08:18:05.627,0.71359,0.71365,1.00,1.01
2017.10.18 08:18:08.360,0.71359,0.71365,1.00,1.52
2017.10.18 08:18:08.875,0.71358,0.71365,1.00,1.37
2017.10.18 08:18:10.274,0.71359,0.71366,1.00,5.25
2017.10.18 08:18:10.325,0.71359,0.71366,1.00,1.50
2017.10.18 08:18:18.827,0.71361,0.71366,1.00,1.12
2017.10.18 08:18:19.377,0.71361,0.71367,1.00,1.40
2017.10.18 08:18:21.503,0.71361,0.71367,1.00,1.37
2017.10.18 08:18:22.099,0.71361,0.71367,1.00,1.31
2017.10.18 08:18:30.551,0.71358,0.71367,1.25,1.50
2017.10.18 08:18:31.445,0.71358,0.71367,1.00,1.37
2017.10.18 08:18:31.547,0.71358,0.71367,1.00,1.78
2017.10.18 08:18:36.318,0.71358,0.71367,1.44,1.69
2017.10.18 08:18:36.830,0.71357,0.71367,1.00,1.37
2017.10.18 08:18:37.539,0.71358,0.71367,1.00,1.50
2017.10.18 08:18:38.049,0.71358,0.71367,1.00,1.12
2017.10.18 08:18:38.600,0.71358,0.71367,1.00,1.40
2017.10.18 08:18:39.126,0.71358,0.71367,1.00,1.40
2017.10.18 08:18:39.835,0.71358,0.71367,1.00,2.15
2017.10.18 08:18:40.540,0.71358,0.71367,1.00,2.53
2017.10.18 08:18:41.098,0.71358,0.71367,1.00,2.53
2017.10.18 08:18:41.658,0.71358,0.71367,1.00,2.72
2017.10.18 08:18:43.119,0.71358,0.71367,1.00,2.71
2017.10.18 08:18:43.653,0.71358,0.71367,1.00,2.53
2017.10.18 08:18:44.175,0.71358,0.71367,1.00,2.53
2017.10.18 08:18:44.685,0.71358,0.71367,1.00,2.53
2017.10.18 08:18:45.493,0.71358,0.71367,1.00,2.90
2017.10.18 08:18:46.430,0.71358,0.71367,1.00,2.90
2017.10.18 08:18:49.254,0.71358,0.71367,1.00,3.28
2017.10.18 08:18:50.679,0.71358,0.71367,1.00,2.90
2017.10.18 08:18:51.143,0.71356,0.71365,3.08,1.00
2017.10.18 08:18:51.939,0.71356,0.71365,2.06,1.00
2017.10.18 08:18:52.636,0.71356,0.71365,3.07,1.03
2017.10.18 08:18:53.153,0.71356,0.71365,1.95,1.00
2017.10.18 08:19:06.892,0.71356,0.71365,2.70,1.00
2017.10.18 08:19:07.219,0.71356,0.71365,1.95,1.00
2017.10.18 08:19:07.732,0.71356,0.71365,2.33,1.00
2017.10.18 08:19:11.949,0.71356,0.71365,1.57,1.00
2017.10.18 08:19:20.427,0.71356,0.71364,1.50,1.00
2017.10.18 08:19:23.366,0.71356,0.71364,1.88,1.00
2017.10.18 08:19:24.043,0.71356,0.71364,1.69,1.00
2017.10.18 08:19:37.459,0.71356,0.71364,2.06,1.00
2017.10.18 08:19:37.978,0.71356,0.71364,1.50,1.00
2017.10.18 08:19:38.482,0.71355,0.71364,4.95,1.00
2017.10.18 08:19:39.102,0.71356,0.71364,1.31,1.00
2017.10.18 08:19:41.264,0.71356,0.71364,1.69,1.00
2017.10.18 08:19:43.598,0.71356,0.71364,1.69,1.00
2017.10.18 08:19:45.092,0.71356,0.71364,1.31,1.00
2017.10.18 08:19:45.724,0.71356,0.71364,1.44,1.12
2017.10.18 08:19:45.776,0.71355,0.71364,2.06,1.12
2017.10.18 08:19:47.507,0.71356,0.71364,1.44,1.12
2017.10.18 08:19:48.224,0.71355,0.71364,1.88,1.12
2017.10.18 08:19:49.639,0.71355,0.71364,1.88,1.12
2017.10.18 08:19:51.743,0.71356,0.71364,1.25,1.00
2017.10.18 08:19:52.247,0.71355,0.71364,1.69,1.12
2017.10.18 08:19:52.962,0.71355,0.71364,1.95,1.12
2017.10.18 08:19:53.905,0.71355,0.71364,1.48,1.12
2017.10.18 08:19:54.555,0.71355,0.71364,2.51,1.12
2017.10.18 08:19:55.061,0.71356,0.71364,1.38,1.12
2017.10.18 08:19:55.248,0.71356,0.71364,1.00,1.00
2017.10.18 08:19:55.835,0.71357,0.71364,1.00,1.12
2017.10.18 08:19:57.438,0.71357,0.71364,1.44,1.12
2017.10.18 08:19:57.943,0.71357,0.71364,1.00,1.12
2017.10.18 08:19:59.065,0.71355,0.71364,3.08,1.12
2017.10.18 08:19:59.572,0.71355,0.71364,1.76,1.12
2017.10.18 08:20:00.667,0.71355,0.71364,1.95,1.12
2017.10.18 08:20:01.184,0.71355,0.71364,1.57,1.87
2017.10.18 08:20:07.472,0.71355,0.71364,1.95,1.87
2017.10.18 08:20:08.754,0.71355,0.71364,2.70,1.87
2017.10.18 08:20:14.709,0.71355,0.71364,3.08,1.12
2017.10.18 08:20:15.375,0.71355,0.71364,4.58,1.00
2017.10.18 08:20:15.923,0.71358,0.71364,1.00,1.00
2017.10.18 08:20:17.306,0.71358,0.71365,1.00,1.00
2017.10.18 08:20:21.198,0.71358,0.71364,1.00,1.00
2017.10.18 08:20:38.306,0.71358,0.71363,1.00,1.00
2017.10.18 08:20:46.095,0.71358,0.71364,1.00,1.00
2017.10.18 08:20:55.856,0.71358,0.71363,1.00,1.00
2017.10.18 08:21:04.987,0.71356,0.71363,1.31,1.00
2017.10.18 08:21:05.585,0.71356,0.71363,1.63,1.00
2017.10.18 08:21:06.097,0.71356,0.71363,1.00,1.00
2017.10.18 08:21:06.543,0.71354,0.71359,1.50,2.44
2017.10.18 08:21:06.802,0.71347,0.71355,1.00,1.50
2017.10.18 08:21:07.312,0.71346,0.71355,1.50,1.12
2017.10.18 08:21:10.275,0.71346,0.71355,1.69,1.76
2017.10.18 08:21:10.785,0.71346,0.71355,2.62,1.00
2017.10.18 08:21:11.502,0.71346,0.71355,2.63,1.12
2017.10.18 08:21:12.048,0.71346,0.71355,1.12,2.51
2017.10.18 08:21:12.601,0.71346,0.71355,1.12,2.51
2017.10.18 08:21:14.108,0.71346,0.71355,1.12,1.39
2017.10.18 08:21:14.210,0.71344,0.71354,1.87,3.19
2017.10.18 08:21:14.261,0.71344,0.71352,1.12,1.69
2017.10.18 08:21:14.567,0.71341,0.71349,1.00,1.95
2017.10.18 08:21:14.618,0.71339,0.71349,2.25,2.33
2017.10.18 08:21:15.333,0.71339,0.71349,1.69,3.07
2017.10.18 08:21:15.741,0.71339,0.71349,1.50,4.20
2017.10.18 08:21:16.253,0.71337,0.71348,3.94,3.64
2017.10.18 08:21:16.773,0.71337,0.71348,2.06,3.64
2017.10.18 08:21:18.021,0.71337,0.71346,3.19,1.10
2017.10.18 08:21:18.737,0.71337,0.71348,2.06,3.64
2017.10.18 08:21:19.777,0.71337,0.71347,1.88,1.89
2017.10.18 08:21:20.329,0.71337,0.71347,1.00,1.58
2017.10.18 08:21:21.142,0.71336,0.71347,3.38,2.51
2017.10.18 08:21:21.710,0.71336,0.71347,3.37,2.51
2017.10.18 08:21:22.280,0.71336,0.71347,3.37,2.51
2017.10.18 08:21:29.757,0.71336,0.71346,1.50,3.45
2017.10.18 08:21:34.261,0.71336,0.71346,1.00,4.20
2017.10.18 08:21:35.757,0.71336,0.71346,1.13,4.39
2017.10.18 08:21:36.678,0.71336,0.71346,1.25,1.95
2017.10.18 08:21:37.045,0.71336,0.71346,1.00,5.51
2017.10.18 08:21:41.483,0.71336,0.71345,1.25,1.10
2017.10.18 08:21:41.856,0.71336,0.71344,1.00,1.50
2017.10.18 08:21:42.370,0.71336,0.71344,1.25,1.95
2017.10.18 08:21:45.727,0.71337,0.71345,1.00,2.70
2017.10.18 08:21:46.471,0.71337,0.71345,1.00,1.57
2017.10.18 08:21:49.189,0.71338,0.71345,1.00,1.10
2017.10.18 08:21:52.983,0.71338,0.71345,1.00,1.47
2017.10.18 08:21:53.725,0.71333,0.7134,2.62,3.00
2017.10.18 08:21:53.828,0.71331,0.7134,1.00,4.95
2017.10.18 08:21:53.879,0.71329,0.71337,2.06,1.12
2017.10.18 08:21:54.347,0.71329,0.71337,3.19,1.00
2017.10.18 08:21:54.450,0.71329,0.71337,2.25,1.00
2017.10.18 08:21:55.786,0.71331,0.71337,1.00,1.12
2017.10.18 08:21:56.092,0.71332,0.71339,1.88,1.00
2017.10.18 08:21:56.724,0.71332,0.7134,1.69,1.12
2017.10.18 08:21:57.251,0.71331,0.71337,1.00,1.00
2017.10.18 08:21:58.757,0.71328,0.71337,1.69,1.12
2017.10.18 08:21:59.269,0.71328,0.71336,1.00,1.20
2017.10.18 08:21:59.774,0.71328,0.71337,1.88,1.87
2017.10.18 08:22:00.295,0.71328,0.71336,1.88,1.00
2017.10.18 08:22:02.966,0.7133,0.71337,1.44,1.00
2017.10.18 08:22:03.272,0.71332,0.71339,1.38,1.12
2017.10.18 08:22:03.912,0.71334,0.7134,2.62,1.00
2017.10.18 08:22:04.016,0.71335,0.71342,1.00,1.12
2017.10.18 08:22:04.633,0.71335,0.71342,1.38,1.00
2017.10.18 08:22:05.225,0.71335,0.71343,1.38,1.00
2017.10.18 08:22:05.743,0.71335,0.71343,1.88,1.00
2017.10.18 08:22:08.668,0.71335,0.71343,1.88,1.00
2017.10.18 08:22:09.212,0.71335,0.71342,1.00,1.00
2017.10.18 08:22:10.769,0.71334,0.71341,1.50,1.00
2017.10.18 08:22:11.278,0.7133,0.71338,2.06,1.00
2017.10.18 08:22:11.431,0.71329,0.71336,1.00,1.00
2017.10.18 08:22:11.738,0.71327,0.71334,1.50,1.00
2017.10.18 08:22:12.404,0.71327,0.71335,1.69,1.00
2017.10.18 08:22:12.912,0.71327,0.71334,1.00,1.00
2017.10.18 08:22:13.707,0.71328,0.71334,1.00,1.00
2017.10.18 08:22:17.594,0.71322,0.71329,1.00,1.00
2017.10.18 08:22:17.697,0.71319,0.71327,3.00,1.00
2017.10.18 08:22:18.214,0.71318,0.71326,2.63,1.00
2017.10.18 08:22:18.317,0.71319,0.71326,1.13,1.00
2017.10.18 08:22:18.944,0.71318,0.71326,1.25,1.00
2017.10.18 08:22:23.020,0.7132,0.71326,1.13,1.00
2017.10.18 08:22:23.725,0.71319,0.71326,1.13,1.00
2017.10.18 08:22:25.060,0.71318,0.71326,2.25,1.00
2017.10.18 08:22:25.599,0.71318,0.71326,2.25,1.00
2017.10.18 08:22:27.261,0.71318,0.71324,2.25,1.00
2017.10.18 08:22:28.169,0.71318,0.71324,2.06,1.00
2017.10.18 08:22:28.221,0.71318,0.71325,2.07,1.00
2017.10.18 08:22:28.906,0.71318,0.71326,2.82,1.00
2017.10.18 08:22:30.473,0.71318,0.71325,1.70,1.00
2017.10.18 08:22:30.989,0.71318,0.71326,2.45,1.00
2017.10.18 08:22:31.493,0.71318,0.71325,1.70,1.00
2017.10.18 08:22:31.876,0.71318,0.71324,1.69,1.00
2017.10.18 08:22:32.783,0.71319,0.71324,1.00,1.00
2017.10.18 08:22:33.334,0.71318,0.71324,1.69,1.00
2017.10.18 08:22:34.043,0.71319,0.71324,1.00,1.00
2017.10.18 08:22:34.554,0.71318,0.71324,1.69,1.00
2017.10.18 08:22:35.813,0.71319,0.71324,1.00,1.00
2017.10.18 08:22:36.315,0.71318,0.71324,1.69,1.00
2017.10.18 08:22:37.038,0.71318,0.71324,3.19,1.00
2017.10.18 08:22:37.541,0.71318,0.71324,1.69,1.00
2017.10.18 08:22:38.115,0.71317,0.71323,1.12,1.00
2017.10.18 08:22:38.217,0.71315,0.71322,1.12,1.00
2017.10.18 08:22:39.428,0.71315,0.71322,1.69,1.00
2017.10.18 08:22:40.182,0.71315,0.71322,1.31,1.00
2017.10.18 08:22:41.681,0.71315,0.71322,1.69,1.00
2017.10.18 08:22:42.315,0.71315,0.71322,1.31,1.00
2017.10.18 08:22:43.309,0.71315,0.71321,1.31,1.00
2017.10.18 08:22:44.331,0.71314,0.71321,3.75,1.00
2017.10.18 08:22:44.858,0.71314,0.71321,2.25,1.00
2017.10.18 08:22:45.510,0.71314,0.71321,3.75,1.00
2017.10.18 08:22:46.015,0.71315,0.71321,1.00,1.00
2017.10.18 08:22:51.587,0.71311,0.71318,1.37,1.87
2017.10.18 08:22:51.899,0.71309,0.71315,2.25,1.00
2017.10.18 08:22:52.210,0.71309,0.71313,1.00,1.00
2017.10.18 08:22:52.725,0.71308,0.71313,1.00,1.00
2017.10.18 08:22:53.475,0.71309,0.71315,1.44,1.00
2017.10.18 08:22:53.985,0.71308,0.71315,3.00,1.00
2017.10.18 08:22:55.933,0.71308,0.71315,3.56,1.00
2017.10.18 08:22:56.856,0.71308,0.71315,3.00,1.00
2017.10.18 08:22:57.457,0.71308,0.71315,2.44,1.00
2017.10.18 08:22:57.974,0.71308,0.71315,2.06,1.00
2017.10.18 08:22:58.178,0.71308,0.71315,1.89,1.00
2017.10.18 08:22:59.447,0.71308,0.71315,2.08,1.00
2017.10.18 08:23:00.396,0.71308,0.71315,1.70,1.00
2017.10.18 08:23:02.845,0.71309,0.71315,1.01,1.00
2017.10.18 08:23:03.857,0.71309,0.71315,1.50,1.00
2017.10.18 08:23:03.909,0.71309,0.71313,1.00,1.00
2017.10.18 08:23:04.425,0.71308,0.71313,1.50,1.00
2017.10.18 08:23:07.539,0.71308,0.71317,1.88,1.57
2017.10.18 08:23:08.050,0.71308,0.71317,1.50,1.00
2017.10.18 08:23:08.500,0.71309,0.71315,1.00,1.00
2017.10.18 08:23:08.808,0.71308,0.71313,1.00,1.00
2017.10.18 08:23:19.046,0.71308,0.71316,1.50,1.00
2017.10.18 08:23:25.569,0.71308,0.71316,1.50,1.50
2017.10.18 08:23:27.266,0.71308,0.71316,1.50,1.00
2017.10.18 08:23:29.957,0.71308,0.71316,1.53,1.00
2017.10.18 08:23:30.940,0.71308,0.71316,1.53,1.00
2017.10.18 08:23:32.174,0.71308,0.71316,1.53,1.00
2017.10.18 08:23:33.027,0.71308,0.71316,1.53,1.00
2017.10.18 08:23:34.824,0.71308,0.71313,1.00,1.00
2017.10.18 08:23:35.080,0.71309,0.71317,1.00,2.51
2017.10.18 08:23:35.626,0.71308,0.71316,1.00,1.20
2017.10.18 08:23:37.303,0.71308,0.71317,1.25,4.58
2017.10.18 08:23:37.405,0.71308,0.71317,1.25,2.70
2017.10.18 08:23:37.456,0.7131,0.71317,1.00,1.20
2017.10.18 08:23:37.921,0.71312,0.71319,1.00,4.95
2017.10.18 08:23:39.266,0.71311,0.71319,2.25,1.00
2017.10.18 08:23:41.318,0.71311,0.7132,1.50,1.12
2017.10.18 08:23:41.945,0.7131,0.71318,1.00,1.00
2017.10.18 08:23:42.471,0.71309,0.71317,1.00,1.50
2017.10.18 08:23:42.777,0.71311,0.71317,2.25,1.00
2017.10.18 08:23:43.286,0.7131,0.71317,1.00,1.00
2017.10.18 08:23:43.388,0.71308,0.71317,2.25,1.00
2017.10.18 08:23:50.528,0.71308,0.71318,3.19,4.20
2017.10.18 08:23:50.667,0.7131,0.71318,1.00,2.70
2017.10.18 08:23:52.044,0.7131,0.71318,2.63,1.00
2017.10.18 08:23:53.081,0.7131,0.71318,1.50,1.12
2017.10.18 08:23:53.388,0.71309,0.71316,1.50,1.20
2017.10.18 08:23:53.975,0.71308,0.71316,1.00,1.57
2017.10.18 08:23:59.087,0.71307,0.71316,1.50,1.39
2017.10.18 08:23:59.623,0.71307,0.71316,1.00,2.70
2017.10.18 08:24:00.396,0.71307,0.71316,1.00,1.95
2017.10.18 08:24:00.922,0.71306,0.71316,2.63,2.14
2017.10.18 08:24:01.473,0.71307,0.71317,1.10,3.94
2017.10.18 08:24:04.067,0.71307,0.71317,2.33,1.50
2017.10.18 08:24:04.393,0.71309,0.71318,1.20,4.12
2017.10.18 08:24:04.682,0.71309,0.71319,1.20,3.19
2017.10.18 08:24:09.671,0.71308,0.71318,1.95,2.81
2017.10.18 08:24:09.825,0.71308,0.71316,1.10,1.00
2017.10.18 08:24:10.213,0.71306,0.71316,3.07,1.00
2017.10.18 08:24:10.749,0.71306,0.71316,3.26,1.00
2017.10.18 08:24:12.098,0.71307,0.71317,1.10,2.25
2017.10.18 08:24:13.691,0.71307,0.71316,1.01,1.00
2017.10.18 08:24:14.274,0.71309,0.71317,1.38,1.00
2017.10.18 08:24:14.986,0.71311,0.71319,1.95,5.25
2017.10.18 08:24:15.623,0.71311,0.71319,1.69,1.69
2017.10.18 08:24:16.143,0.7131,0.71318,1.50,1.87
2017.10.18 08:24:17.636,0.7131,0.71317,1.00,1.00
2017.10.18 08:24:18.161,0.71309,0.71317,1.00,1.00
2017.10.18 08:24:19.104,0.71308,0.71318,1.95,2.06
2017.10.18 08:24:21.642,0.71308,0.71316,1.10,2.25
2017.10.18 08:24:22.187,0.71308,0.71316,1.45,2.25
2017.10.18 08:24:23.120,0.71308,0.71316,1.10,2.25
2017.10.18 08:24:23.223,0.71307,0.71315,1.10,2.06
2017.10.18 08:24:23.608,0.71305,0.71314,1.00,1.00
2017.10.18 08:24:24.147,0.71306,0.71315,1.00,1.25
2017.10.18 08:24:25.148,0.71306,0.71315,1.00,1.88
2017.10.18 08:24:26.369,0.71306,0.71315,1.12,2.06
2017.10.18 08:24:26.914,0.71306,0.71315,1.12,1.87
2017.10.18 08:24:27.334,0.71304,0.71312,1.20,1.50
2017.10.18 08:24:27.540,0.71303,0.7131,1.00,1.13
2017.10.18 08:24:27.897,0.71301,0.7131,1.12,1.50
2017.10.18 08:24:28.436,0.71301,0.7131,1.76,1.87
2017.10.18 08:24:28.984,0.71301,0.7131,1.00,1.69
2017.10.18 08:24:29.534,0.71301,0.7131,1.00,2.25
2017.10.18 08:24:30.507,0.71301,0.7131,1.00,2.06
2017.10.18 08:24:31.093,0.71301,0.71309,1.00,1.00
2017.10.18 08:24:31.614,0.713,0.71309,1.00,1.50
2017.10.18 08:24:33.327,0.713,0.71309,1.00,2.25
2017.10.18 08:24:34.216,0.713,0.71306,1.00,1.00
2017.10.18 08:24:34.420,0.71298,0.71305,1.12,1.00
2017.10.18 08:24:34.943,0.71297,0.71305,1.25,1.00
2017.10.18 08:24:36.739,0.71297,0.71304,1.00,1.00
2017.10.18 08:24:37.265,0.71297,0.71305,1.00,1.00
2017.10.18 08:24:39.780,0.71296,0.71305,1.00,1.00
2017.10.18 08:24:41.849,0.71296,0.71305,1.25,1.44
2017.10.18 08:24:42.398,0.71296,0.71303,1.00,1.00
2017.10.18 08:24:50.398,0.71296,0.71306,1.89,1.87
2017.10.18 08:24:51.000,0.71297,0.71305,1.27,1.00
2017.10.18 08:24:51.564,0.71296,0.71305,1.70,1.50
2017.10.18 08:24:52.558,0.71296,0.71306,1.78,1.00
2017.10.18 08:24:53.293,0.71296,0.71306,1.78,1.00
2017.10.18 08:24:55.868,0.71296,0.71306,1.97,1.00
2017.10.18 08:24:57.280,0.71296,0.71306,2.53,1.00
2017.10.18 08:24:57.789,0.71296,0.71306,1.78,1.00
2017.10.18 08:24:57.840,0.71296,0.71303,1.52,1.00
2017.10.18 08:24:57.892,0.71296,0.71305,1.52,1.00
2017.10.18 08:25:01.266,0.71296,0.71305,1.96,1.00
2017.10.18 08:25:02.506,0.71296,0.71305,1.76,1.00
2017.10.18 08:25:04.127,0.71297,0.71305,1.00,1.00
2017.10.18 08:25:04.666,0.71297,0.71304,1.00,1.25
2017.10.18 08:25:06.770,0.71296,0.71304,1.00,1.00
2017.10.18 08:25:10.457,0.71297,0.71304,1.00,1.00
2017.10.18 08:25:14.916,0.71299,0.71306,1.00,1.50
2017.10.18 08:25:16.430,0.71299,0.71307,1.00,1.12
2017.10.18 08:25:31.967,0.71298,0.71305,1.01,1.00
2017.10.18 08:25:32.526,0.71298,0.71305,1.32,1.00
2017.10.18 08:25:33.693,0.71298,0.71305,1.01,1.00
2017.10.18 08:25:36.015,0.71296,0.71303,1.96,1.00
2017.10.18 08:25:38.316,0.71296,0.71303,1.20,1.00
2017.10.18 08:25:48.135,0.71295,0.71303,1.76,1.00
2017.10.18 08:25:52.198,0.71295,0.71303,1.58,1.00
2017.10.18 08:25:52.727,0.71295,0.71303,2.89,1.00
2017.10.18 08:25:53.231,0.71295,0.71303,2.14,1.00
2017.10.18 08:26:00.001,0.71295,0.71302,1.20,1.00
2017.10.18 08:26:00.205,0.71295,0.71304,1.45,1.31
2017.10.18 08:26:00.717,0.71295,0.71304,1.01,1.50
2017.10.18 08:26:01.270,0.71295,0.71304,1.57,1.12
2017.10.18 08:26:01.894,0.71296,0.71304,1.00,1.12
2017.10.18 08:26:02.572,0.71296,0.71304,1.00,1.31
2017.10.18 08:26:03.104,0.71296,0.71304,1.00,1.25
2017.10.18 08:26:05.130,0.71295,0.71301,1.57,1.00
2017.10.18 08:26:06.063,0.71301,0.71305,1.00,3.00
2017.10.18 08:26:06.115,0.71299,0.71305,1.95,1.00
2017.10.18 08:26:06.218,0.71302,0.71306,1.57,3.37
2017.10.18 08:26:07.244,0.71302,0.71306,1.00,3.75
2017.10.18 08:26:07.398,0.71298,0.71305,1.95,1.00
2017.10.18 08:26:07.500,0.71297,0.71303,2.32,1.00
2017.10.18 08:26:09.669,0.71296,0.71303,1.39,1.00
2017.10.18 08:26:19.558,0.71296,0.71302,1.10,1.00
2017.10.18 08:26:20.482,0.71295,0.71302,1.20,1.00
2017.10.18 08:26:25.826,0.71295,0.71303,1.58,1.00
2017.10.18 08:26:26.362,0.71295,0.71303,1.39,1.00
2017.10.18 08:26:27.310,0.71295,0.71302,1.10,1.00
2017.10.18 08:26:31.344,0.71295,0.71303,1.20,1.00
2017.10.18 08:26:31.885,0.71295,0.71303,1.95,1.00
2017.10.18 08:26:32.394,0.71295,0.71302,1.12,1.00
2017.10.18 08:26:37.048,0.71293,0.71302,2.32,1.00
2017.10.18 08:26:37.372,0.7129,0.71296,3.83,1.00
2017.10.18 08:26:37.934,0.7129,0.71296,2.14,1.00
2017.10.18 08:26:38.444,0.7129,0.71297,1.39,1.00
2017.10.18 08:26:47.852,0.7129,0.71298,1.57,1.00
2017.10.18 08:26:51.285,0.71289,0.71298,1.95,1.12
2017.10.18 08:26:51.961,0.71289,0.71297,1.00,1.00
2017.10.18 08:26:52.471,0.71289,0.71298,1.10,1.50
2017.10.18 08:27:02.539,0.71289,0.71295,1.00,3.75
2017.10.18 08:27:03.225,0.71287,0.71295,2.70,5.25
2017.10.18 08:27:03.735,0.71285,0.71295,3.07,5.63
2017.10.18 08:27:04.257,0.71285,0.71295,1.76,5.25
2017.10.18 08:27:04.802,0.71285,0.71294,2.14,1.38
2017.10.18 08:27:05.362,0.71286,0.71295,1.95,4.50
2017.10.18 08:27:05.515,0.71286,0.71295,1.95,1.00
2017.10.18 08:27:07.751,0.71288,0.71296,1.25,1.31
2017.10.18 08:27:08.268,0.71285,0.71292,1.12,2.44
2017.10.18 08:27:08.421,0.71279,0.71289,4.39,1.00
2017.10.18 08:27:08.946,0.71282,0.71288,1.00,1.00
2017.10.18 08:27:11.265,0.71282,0.71288,1.00,1.38
2017.10.18 08:27:11.786,0.71282,0.71288,1.00,1.00
2017.10.18 08:27:12.324,0.71282,0.71289,1.00,1.50
2017.10.18 08:27:12.375,0.71284,0.71289,1.00,1.00
2017.10.18 08:27:12.879,0.71283,0.7129,1.00,1.50
2017.10.18 08:27:14.222,0.71283,0.7129,1.00,1.50
2017.10.18 08:27:14.763,0.71283,0.7129,1.00,1.69
2017.10.18 08:27:15.329,0.71283,0.7129,1.00,1.50
2017.10.18 08:27:18.813,0.71279,0.71283,1.12,1.00
2017.10.18 08:27:18.966,0.71274,0.71283,1.50,3.38
2017.10.18 08:27:19.272,0.71273,0.7128,1.00,1.12
2017.10.18 08:27:19.784,0.71274,0.71281,1.00,1.12
2017.10.18 08:27:20.732,0.71274,0.71281,1.00,1.63
2017.10.18 08:27:20.834,0.71272,0.71281,1.00,2.51
2017.10.18 08:27:20.885,0.71273,0.71282,1.00,4.20
2017.10.18 08:27:21.038,0.71272,0.71282,1.00,5.51
2017.10.18 08:27:21.090,0.71272,0.71282,1.00,5.70
2017.10.18 08:27:21.599,0.71272,0.7128,1.00,1.00
2017.10.18 08:27:22.100,0.71272,0.71281,1.00,1.57
2017.10.18 08:27:22.314,0.71272,0.7128,1.00,1.33
2017.10.18 08:27:22.621,0.7127,0.71281,1.00,4.01
2017.10.18 08:27:23.429,0.7127,0.71278,1.00,1.25
2017.10.18 08:27:24.319,0.71271,0.71278,1.00,1.00
2017.10.18 08:27:26.269,0.71272,0.71281,1.00,1.87
2017.10.18 08:27:26.545,0.71272,0.71281,1.00,1.39
2017.10.18 08:27:27.072,0.71272,0.71281,1.00,2.32
2017.10.18 08:27:27.646,0.71272,0.7128,1.00,1.39
2017.10.18 08:27:28.184,0.71272,0.7128,1.00,1.01
2017.10.18 08:27:29.120,0.71272,0.7128,1.00,1.39
2017.10.18 08:27:29.670,0.71272,0.7128,1.00,1.01
2017.10.18 08:27:31.676,0.71271,0.7128,1.00,1.20
2017.10.18 08:27:32.180,0.71272,0.7128,1.00,1.95
2017.10.18 08:27:32.840,0.71272,0.7128,1.00,2.32
2017.10.18 08:27:35.356,0.71272,0.7128,1.00,1.95
2017.10.18 08:27:36.301,0.71272,0.7128,1.00,2.32
2017.10.18 08:27:36.802,0.71272,0.7128,1.00,1.95
2017.10.18 08:27:37.336,0.71272,0.71281,1.00,1.20
2017.10.18 08:27:37.803,0.71272,0.7128,1.00,1.44
2017.10.18 08:27:38.310,0.71271,0.71279,1.12,1.00
2017.10.18 08:27:39.632,0.71271,0.7128,1.00,1.95
2017.10.18 08:27:40.708,0.71271,0.7128,1.01,2.51
2017.10.18 08:27:41.727,0.71271,0.7128,1.00,2.51
2017.10.18 08:27:42.520,0.71271,0.7128,1.00,2.51
2017.10.18 08:27:43.022,0.71271,0.7128,1.00,1.20
2017.10.18 08:27:43.481,0.71271,0.71277,1.00,1.00
2017.10.18 08:27:44.041,0.7127,0.71277,1.01,1.00
2017.10.18 08:27:46.582,0.7127,0.71279,1.01,1.39
2017.10.18 08:27:47.104,0.7127,0.71279,1.01,1.01
2017.10.18 08:27:49.541,0.7127,0.71279,1.00,1.65
2017.10.18 08:27:50.141,0.7127,0.71279,1.00,2.32
2017.10.18 08:27:50.683,0.7127,0.71279,1.00,3.07
2017.10.18 08:27:51.196,0.71269,0.71279,1.00,3.45
2017.10.18 08:27:51.723,0.71269,0.71279,1.00,4.20
2017.10.18 08:27:51.775,0.71269,0.71279,1.00,3.26
2017.10.18 08:27:52.157,0.71269,0.71279,1.00,4.01
2017.10.18 08:27:52.258,0.71269,0.71279,1.00,3.26
2017.10.18 08:27:52.332,0.71269,0.71279,1.00,3.26
2017.10.18 08:27:52.904,0.71269,0.71279,1.00,3.82
2017.10.18 08:27:53.522,0.71269,0.71278,1.00,1.19
2017.10.18 08:27:53.806,0.71269,0.71279,1.00,3.26
2017.10.18 08:27:54.364,0.71269,0.71279,1.00,4.20
2017.10.18 08:27:55.049,0.71269,0.71279,1.00,4.01
2017.10.18 08:27:55.515,0.71269,0.71278,1.00,1.44
2017.10.18 08:27:55.938,0.71269,0.71279,1.00,3.64
2017.10.18 08:27:56.497,0.71269,0.71279,1.00,3.82
2017.10.18 08:27:57.344,0.71268,0.71278,1.00,2.33
2017.10.18 08:28:00.119,0.71268,0.71278,1.00,3.45
2017.10.18 08:28:00.221,0.71269,0.71278,1.00,1.10
2017.10.18 08:28:05.064,0.71269,0.71278,1.00,2.33
2017.10.18 08:28:05.732,0.71269,0.71278,1.00,2.63
2017.10.18 08:28:08.171,0.71269,0.71278,1.00,2.25
2017.10.18 08:28:08.784,0.71269,0.71278,1.00,1.69
2017.10.18 08:28:14.683,0.71269,0.71278,1.00,2.63
2017.10.18 08:28:15.285,0.71269,0.71278,1.00,3.00
2017.10.18 08:28:18.576,0.71269,0.71277,1.00,1.00
2017.10.18 08:28:19.456,0.71272,0.71277,1.00,1.25
2017.10.18 08:28:19.762,0.71274,0.71278,1.00,1.00
2017.10.18 08:28:20.569,0.71274,0.71278,1.50,1.00
2017.10.18 08:28:22.245,0.71275,0.71279,1.00,1.13
2017.10.18 08:28:23.002,0.71274,0.71278,1.00,1.25
2017.10.18 08:28:26.142,0.71275,0.71279,1.00,1.50
2017.10.18 08:28:26.193,0.71273,0.71278,1.00,1.00
2017.10.18 08:28:26.459,0.71275,0.71279,1.00,1.50
2017.10.18 08:28:28.631,0.71275,0.71281,1.00,2.25
2017.10.18 08:28:29.145,0.71275,0.71281,1.00,3.38
2017.10.18 08:28:30.286,0.71275,0.71281,1.00,3.38
2017.10.18 08:28:30.962,0.71275,0.71281,1.00,3.00
2017.10.18 08:28:31.352,0.71276,0.71281,1.00,4.13
2017.10.18 08:28:31.506,0.71273,0.7128,1.00,2.25
2017.10.18 08:28:31.557,0.71276,0.7128,1.00,2.44
2017.10.18 08:28:31.659,0.71275,0.71279,1.00,1.00
2017.10.18 08:28:32.961,0.71277,0.71281,1.00,1.50
2017.10.18 08:28:33.064,0.71279,0.71283,1.00,1.12
2017.10.18 08:28:33.220,0.71281,0.71285,1.00,1.12
2017.10.18 08:28:33.804,0.71284,0.71288,1.00,1.50
2017.10.18 08:28:33.855,0.71284,0.71289,1.00,2.25
2017.10.18 08:28:34.029,0.71287,0.71291,1.00,2.25
2017.10.18 08:28:34.338,0.71291,0.71297,1.00,1.00
2017.10.18 08:28:34.745,0.71293,0.71297,1.00,1.00
2017.10.18 08:28:35.481,0.71294,0.71301,1.00,4.13
2017.10.18 08:28:35.532,0.71296,0.713,1.00,1.00
2017.10.18 08:28:36.050,0.71296,0.71301,1.00,1.88
2017.10.18 08:28:37.132,0.71297,0.71301,1.00,1.13
2017.10.18 08:28:38.238,0.71296,0.71301,1.00,1.31
2017.10.18 08:28:38.778,0.71297,0.71301,1.00,1.25
2017.10.18 08:28:40.070,0.71296,0.71301,1.00,1.50
2017.10.18 08:28:40.687,0.71297,0.71301,1.00,1.25
2017.10.18 08:28:42.354,0.71296,0.71301,1.00,1.44
2017.10.18 08:28:42.912,0.71297,0.71301,1.00,1.25
2017.10.18 08:28:45.946,0.71296,0.71301,1.00,1.88
2017.10.18 08:28:46.447,0.71297,0.71301,1.00,1.69
2017.10.18 08:28:47.441,0.71296,0.71301,1.00,2.25
2017.10.18 08:28:48.022,0.71297,0.71301,1.00,1.69
2017.10.18 08:28:48.287,0.71295,0.71301,1.00,2.25
2017.10.18 08:28:48.871,0.71296,0.71301,1.00,2.25
2017.10.18 08:28:50.553,0.71297,0.71301,1.00,1.69
2017.10.18 08:28:51.427,0.71295,0.71301,1.00,2.25
2017.10.18 08:28:51.607,0.71297,0.71301,1.00,1.69
2017.10.18 08:28:52.832,0.71296,0.71301,1.00,1.88
2017.10.18 08:28:53.836,0.71295,0.71301,1.00,2.25
2017.10.18 08:28:53.967,0.71297,0.71301,1.00,1.69
2017.10.18 08:28:54.562,0.71296,0.71301,1.00,2.25
2017.10.18 08:28:55.151,0.71297,0.71301,1.00,1.25
2017.10.18 08:28:55.839,0.71296,0.71302,1.00,2.63
2017.10.18 08:28:58.063,0.71297,0.71302,1.00,1.69
2017.10.18 08:28:58.579,0.71297,0.71302,1.00,1.69
2017.10.18 08:28:59.212,0.71297,0.71302,1.00,3.75
2017.10.18 08:28:59.789,0.71297,0.71302,1.00,2.25
2017.10.18 08:29:00.319,0.71297,0.71302,1.00,2.25
2017.10.18 08:29:00.836,0.71297,0.71302,1.00,1.88
2017.10.18 08:29:01.513,0.71297,0.71302,1.00,3.75
2017.10.18 08:29:04.294,0.71296,0.71302,1.00,3.00
2017.10.18 08:29:04.908,0.71297,0.71302,1.00,2.44
2017.10.18 08:29:09.451,0.71295,0.713,1.00,1.31
2017.10.18 08:29:09.603,0.71292,0.713,1.00,1.88
2017.10.18 08:29:09.706,0.71292,0.713,1.00,2.44
2017.10.18 08:29:10.248,0.71292,0.71299,1.00,1.00
2017.10.18 08:29:11.186,0.71294,0.713,1.00,1.50
2017.10.18 08:29:11.491,0.71296,0.713,1.00,1.31
2017.10.18 08:29:12.334,0.71295,0.713,1.00,1.44
2017.10.18 08:29:12.844,0.71296,0.713,1.00,1.25
2017.10.18 08:29:13.503,0.71295,0.713,1.00,1.44
2017.10.18 08:29:16.856,0.71296,0.71301,1.00,2.44
2017.10.18 08:29:17.447,0.71296,0.71301,1.00,3.00
2017.10.18 08:29:19.132,0.71296,0.71301,1.00,2.44
2017.10.18 08:29:19.709,0.71296,0.71301,1.00,3.75
2017.10.18 08:29:20.308,0.71296,0.71301,1.00,3.19
2017.10.18 08:29:21.319,0.71297,0.71301,1.00,2.44
2017.10.18 08:29:21.490,0.713,0.71304,1.00,1.00
2017.10.18 08:29:21.694,0.71301,0.71306,1.00,1.00
2017.10.18 08:29:22.217,0.71301,0.71307,1.00,1.13
2017.10.18 08:29:24.424,0.71301,0.71308,1.00,1.69
2017.10.18 08:29:31.793,0.71301,0.71308,1.00,1.88
2017.10.18 08:29:33.893,0.71301,0.71308,1.00,1.50
2017.10.18 08:29:35.161,0.71301,0.71308,1.00,1.31
2017.10.18 08:29:35.728,0.71301,0.71308,1.50,2.25
2017.10.18 08:29:35.944,0.71303,0.71308,1.00,1.50
2017.10.18 08:29:36.644,0.71303,0.71308,1.00,2.06
2017.10.18 08:29:39.266,0.71302,0.71308,1.00,1.00
2017.10.18 08:29:39.816,0.71302,0.71309,1.00,2.25
2017.10.18 08:29:44.061,0.71302,0.71307,1.00,1.00
2017.10.18 08:29:47.584,0.71302,0.71308,1.00,1.88
2017.10.18 08:29:51.081,0.71304,0.71308,1.00,1.50
2017.10.18 08:29:51.132,0.71305,0.7131,1.00,1.50
2017.10.18 08:29:51.183,0.71307,0.71311,1.00,1.00
2017.10.18 08:29:51.386,0.7131,0.71314,1.00,1.00
2017.10.18 08:29:51.539,0.7131,0.71316,1.00,2.62
2017.10.18 08:29:51.996,0.71312,0.71316,1.00,1.12
2017.10.18 08:29:54.070,0.71312,0.71317,1.00,1.00
2017.10.18 08:29:54.921,0.71312,0.71316,1.00,1.00
2017.10.18 08:30:00.520,0.71312,0.71318,1.00,1.00
2017.10.18 08:30:00.676,0.71312,0.71322,1.00,1.57
2017.10.18 08:30:00.873,0.71317,0.71322,1.00,1.00
2017.10.18 08:30:01.178,0.71321,0.71326,1.00,1.50
2017.10.18 08:30:01.487,0.7132,0.71331,1.00,2.32
2017.10.18 08:30:01.592,0.71323,0.71329,1.00,1.00
2017.10.18 08:30:02.186,0.71323,0.71328,1.00,1.00
2017.10.18 08:30:02.700,0.71323,0.71327,1.00,1.00
2017.10.18 08:30:03.462,0.71321,0.71326,1.00,1.19
2017.10.18 08:30:03.627,0.71317,0.71323,1.00,1.50
2017.10.18 08:30:03.679,0.71314,0.71321,1.00,2.25
2017.10.18 08:30:03.986,0.71315,0.71321,1.00,1.01
2017.10.18 08:30:04.141,0.71317,0.71323,1.00,1.00
2017.10.18 08:30:04.335,0.71319,0.71324,1.00,2.32
2017.10.18 08:30:04.438,0.71317,0.71323,1.00,1.00
2017.10.18 08:30:04.745,0.7132,0.71325,1.00,1.20
2017.10.18 08:30:04.898,0.71317,0.71327,1.00,1.20
2017.10.18 08:30:05.039,0.71321,0.71326,1.00,1.20
2017.10.18 08:30:05.561,0.7132,0.71325,1.00,1.19
2017.10.18 08:30:05.698,0.71314,0.71321,1.00,1.00
2017.10.18 08:30:05.749,0.71312,0.71318,1.00,1.00
2017.10.18 08:30:06.464,0.71312,0.71319,1.00,1.00
2017.10.18 08:30:06.567,0.71314,0.71322,1.00,1.00
2017.10.18 08:30:06.670,0.71317,0.71324,1.00,1.00
2017.10.18 08:30:06.985,0.71321,0.71328,1.00,2.70
2017.10.18 08:30:07.038,0.71321,0.71328,1.00,1.76
2017.10.18 08:30:12.158,0.71319,0.71326,1.00,1.00
2017.10.18 08:30:12.363,0.7132,0.71328,1.00,1.20
2017.10.18 08:30:14.554,0.7132,0.71328,1.00,1.95
2017.10.18 08:30:15.099,0.7132,0.71328,1.00,1.10
2017.10.18 08:30:15.581,0.7132,0.71328,1.00,2.70
2017.10.18 08:30:17.565,0.7132,0.71328,1.00,2.32
2017.10.18 08:30:19.519,0.7132,0.71327,1.00,1.00
2017.10.18 08:30:19.570,0.71316,0.71327,1.12,1.00
2017.10.18 08:30:21.199,0.71317,0.71327,1.00,1.00
2017.10.18 08:30:21.853,0.7132,0.71327,1.00,1.00
2017.10.18 08:30:24.962,0.7132,0.71328,1.00,1.10
2017.10.18 08:30:31.709,0.71324,0.7133,1.00,1.96
2017.10.18 08:30:31.760,0.71326,0.71332,1.00,1.95
2017.10.18 08:30:31.862,0.71328,0.71332,1.00,1.00
2017.10.18 08:30:31.965,0.71328,0.71335,1.00,1.47
2017.10.18 08:30:32.490,0.71329,0.71335,1.00,1.00
2017.10.18 08:30:34.477,0.71329,0.71337,1.00,2.70
2017.10.18 08:30:34.981,0.71329,0.71335,1.00,1.00
2017.10.18 08:30:35.162,0.71329,0.71337,1.00,2.89
2017.10.18 08:30:35.695,0.71328,0.71338,1.00,5.32
2017.10.18 08:30:36.205,0.71327,0.71337,1.00,1.10
2017.10.18 08:30:38.392,0.71327,0.71337,1.00,1.02
2017.10.18 08:30:39.060,0.71327,0.71337,1.00,1.21
2017.10.18 08:30:41.432,0.71327,0.71337,1.00,2.15
2017.10.18 08:30:42.413,0.71327,0.71337,1.00,1.96
2017.10.18 08:30:42.962,0.71327,0.71337,1.00,2.15
2017.10.18 08:30:45.806,0.71327,0.71337,1.00,1.96
2017.10.18 08:30:47.319,0.71327,0.71337,1.00,1.11
2017.10.18 08:30:47.834,0.71327,0.71337,1.00,1.12
2017.10.18 08:30:48.255,0.71327,0.71337,1.00,1.14
2017.10.18 08:30:52.587,0.71327,0.71337,1.00,1.14
2017.10.18 08:30:53.069,0.71326,0.71333,1.00,1.00
2017.10.18 08:30:54.763,0.71325,0.71333,1.12,1.00
2017.10.18 08:30:57.186,0.71324,0.71332,1.95,1.00
2017.10.18 08:30:57.632,0.71324,0.71328,1.00,1.00
2017.10.18 08:30:57.734,0.7132,0.71327,1.12,1.00
2017.10.18 08:31:02.076,0.7132,0.71329,1.50,1.37
2017.10.18 08:31:03.981,0.71318,0.71328,4.87,1.00
2017.10.18 08:31:05.178,0.7132,0.71328,1.00,1.00
2017.10.18 08:31:09.480,0.71322,0.7133,1.00,1.12
2017.10.18 08:31:10.101,0.71321,0.71332,3.00,1.00
2017.10.18 08:31:10.783,0.71321,0.71331,1.87,1.00
2017.10.18 08:31:12.116,0.71323,0.71332,1.00,1.87
2017.10.18 08:31:12.321,0.71324,0.71334,1.12,1.50
2017.10.18 08:31:12.996,0.71322,0.71332,2.70,1.50
2017.10.18 08:31:13.546,0.71322,0.71332,1.00,1.57
2017.10.18 08:31:16.337,0.71322,0.71331,1.12,1.00
2017.10.18 08:31:16.996,0.7132,0.7133,4.01,1.00
2017.10.18 08:31:17.309,0.71322,0.71332,1.00,1.50
2017.10.18 08:31:18.270,0.71321,0.71329,1.12,1.00
2017.10.18 08:31:18.808,0.7132,0.71329,1.00,2.62
2017.10.18 08:31:20.521,0.71321,0.71329,1.12,1.12
2017.10.18 08:31:20.877,0.71319,0.71329,2.62,1.00
2017.10.18 08:31:21.691,0.7132,0.7133,1.00,2.25
2017.10.18 08:31:22.462,0.71319,0.7133,3.37,2.25
2017.10.18 08:31:23.213,0.7132,0.7133,1.00,2.25
2017.10.18 08:31:23.718,0.71319,0.7133,3.37,2.25
2017.10.18 08:31:24.302,0.7132,0.7133,1.00,2.25
2017.10.18 08:31:24.813,0.71319,0.7133,3.37,2.25
2017.10.18 08:31:25.322,0.7132,0.7133,1.00,1.00
2017.10.18 08:31:26.846,0.71319,0.71328,3.37,1.00
2017.10.18 08:31:27.948,0.7132,0.71328,1.00,1.00
2017.10.18 08:31:28.491,0.71319,0.71328,1.87,1.00
2017.10.18 08:31:29.103,0.7132,0.71328,1.00,1.00
2017.10.18 08:31:29.840,0.71319,0.71328,1.87,1.00
2017.10.18 08:31:32.733,0.71319,0.71327,1.12,1.00
2017.10.18 08:31:37.112,0.71319,0.71326,1.00,1.00
2017.10.18 08:31:38.603,0.71316,0.71326,3.37,1.00
2017.10.18 08:31:41.319,0.71317,0.71327,1.88,1.00
2017.10.18 08:31:41.849,0.71317,0.71326,1.31,1.00
2017.10.18 08:31:42.618,0.71317,0.71326,2.06,1.00
2017.10.18 08:31:43.119,0.71317,0.71326,1.69,1.00
2017.10.18 08:31:43.918,0.71317,0.71326,2.44,1.00
2017.10.18 08:31:44.442,0.71317,0.71326,1.69,1.00
2017.10.18 08:31:44.984,0.71317,0.71326,2.06,1.00
2017.10.18 08:31:45.835,0.71317,0.71326,2.06,1.00
2017.10.18 08:31:46.618,0.71317,0.71326,2.63,1.00
2017.10.18 08:31:47.141,0.71317,0.71326,1.25,1.00
2017.10.18 08:31:48.050,0.71317,0.71326,1.69,1.00
2017.10.18 08:31:49.259,0.71316,0.71326,5.70,1.00
2017.10.18 08:31:49.772,0.71317,0.71327,1.69,1.00
2017.10.18 08:31:50.284,0.71318,0.71327,1.19,1.00
2017.10.18 08:31:50.438,0.71319,0.71329,1.37,1.50
2017.10.18 08:31:54.274,0.71319,0.71329,1.31,1.50
2017.10.18 08:31:55.259,0.7132,0.71329,1.50,1.50
2017.10.18 08:31:55.830,0.71322,0.7133,1.12,1.87
2017.10.18 08:31:56.397,0.71322,0.7133,1.50,1.50
2017.10.18 08:31:56.900,0.71322,0.7133,1.50,1.50
2017.10.18 08:31:57.426,0.71323,0.7133,1.00,1.50
2017.10.18 08:31:58.705,0.71323,0.71331,1.00,1.00
2017.10.18 08:31:58.807,0.71323,0.71333,1.31,1.87
2017.10.18 08:31:59.315,0.71323,0.71333,2.25,1.00
2017.10.18 08:32:00.090,0.71324,0.71335,3.56,1.13
2017.10.18 08:32:00.610,0.71325,0.71335,2.44,1.12
2017.10.18 08:32:01.155,0.71326,0.71336,1.13,1.39
2017.10.18 08:32:01.206,0.71326,0.71336,1.37,1.57
2017.10.18 08:32:01.801,0.71327,0.71336,1.00,1.00
2017.10.18 08:32:02.194,0.71329,0.71339,1.87,1.69
2017.10.18 08:32:03.303,0.71329,0.71338,1.50,1.10
2017.10.18 08:32:03.854,0.7133,0.71339,1.12,2.44
2017.10.18 08:32:04.303,0.7133,0.71337,1.12,1.00
2017.10.18 08:32:04.662,0.7133,0.71339,1.12,2.44
2017.10.18 08:32:05.302,0.7133,0.71339,1.12,2.81
2017.10.18 08:32:05.755,0.71327,0.71337,2.62,1.25
2017.10.18 08:32:06.264,0.71327,0.71336,3.45,1.00
2017.10.18 08:32:06.468,0.71327,0.71338,4.57,1.38
2017.10.18 08:32:07.405,0.71327,0.71337,3.45,1.63
2017.10.18 08:32:07.507,0.71327,0.71337,1.57,1.31
2017.10.18 08:32:08.028,0.71327,0.71338,3.45,1.38
2017.10.18 08:32:08.547,0.71327,0.71338,4.20,1.38
2017.10.18 08:32:10.131,0.71327,0.71338,4.20,1.38
2017.10.18 08:32:11.247,0.71327,0.71337,3.45,1.63
2017.10.18 08:32:11.772,0.71328,0.71337,1.00,1.13
2017.10.18 08:32:12.289,0.71328,0.71337,1.00,1.12
2017.10.18 08:32:12.870,0.71327,0.71338,2.25,1.94
2017.10.18 08:32:13.510,0.71327,0.71337,2.25,1.20
2017.10.18 08:32:14.953,0.71327,0.71337,1.50,1.20
2017.10.18 08:32:16.223,0.71327,0.71337,1.50,1.20
2017.10.18 08:32:17.167,0.71327,0.71337,1.50,1.39
2017.10.18 08:32:17.780,0.71327,0.71337,1.87,1.39
2017.10.18 08:32:18.315,0.71327,0.71337,1.87,1.39
2017.10.18 08:32:18.892,0.71327,0.71337,1.50,1.01
2017.10.18 08:32:21.016,0.71327,0.71337,1.12,1.01
2017.10.18 08:32:25.274,0.71326,0.71337,3.64,1.48
2017.10.18 08:32:25.834,0.71326,0.71337,3.07,1.39
2017.10.18 08:32:26.365,0.71326,0.71337,3.64,1.66
2017.10.18 08:32:27.686,0.71326,0.71337,3.07,1.20
2017.10.18 08:32:28.302,0.71326,0.71336,1.95,1.00
2017.10.18 08:32:28.353,0.71326,0.71336,1.95,1.01
2017.10.18 08:32:29.235,0.71326,0.71336,1.95,1.00
2017.10.18 08:32:55.532,0.7133,0.71338,1.00,2.33
2017.10.18 08:32:56.103,0.7133,0.71338,1.00,1.25
2017.10.18 08:32:56.799,0.7133,0.71338,1.00,1.39
2017.10.18 08:33:03.281,0.7133,0.71338,1.00,1.25
2017.10.18 08:33:05.447,0.7133,0.71339,1.00,1.20
2017.10.18 08:33:05.988,0.7133,0.71338,1.00,1.00
2017.10.18 08:33:07.243,0.7133,0.71339,1.00,1.58
2017.10.18 08:33:08.555,0.7133,0.71339,1.00,1.95
2017.10.18 08:33:09.489,0.7133,0.71339,1.00,1.20
2017.10.18 08:33:10.302,0.7133,0.71338,1.50,1.00
2017.10.18 08:33:11.059,0.71329,0.71338,1.50,1.33
2017.10.18 08:33:11.664,0.7133,0.71339,1.00,1.58
2017.10.18 08:33:12.403,0.7133,0.71339,1.00,1.76
2017.10.18 08:33:12.912,0.7133,0.71338,1.50,1.00
2017.10.18 08:33:13.795,0.7133,0.71339,1.50,1.58
2017.10.18 08:33:16.698,0.7133,0.71338,1.50,1.00
2017.10.18 08:33:17.245,0.71331,0.71338,1.00,1.00
2017.10.18 08:33:17.855,0.71331,0.71339,1.00,1.58
2017.10.18 08:33:18.289,0.71331,0.71338,1.00,1.58
2017.10.18 08:33:19.780,0.71331,0.71338,1.00,1.25
2017.10.18 08:33:20.308,0.71331,0.71338,1.00,1.57
2017.10.18 08:33:20.845,0.71331,0.71339,1.00,3.08
2017.10.18 08:33:21.792,0.71331,0.71339,1.00,3.83
2017.10.18 08:33:32.385,0.7133,0.71338,1.00,1.20
2017.10.18 08:33:33.773,0.7133,0.71338,1.00,1.00
2017.10.18 08:33:35.684,0.7133,0.71339,1.00,1.69
2017.10.18 08:33:36.210,0.7133,0.71338,1.00,1.00
2017.10.18 08:33:36.714,0.7133,0.71339,1.00,1.69
2017.10.18 08:33:37.815,0.7133,0.71338,1.00,1.00
2017.10.18 08:33:39.231,0.7133,0.71339,1.00,1.69
2017.10.18 08:33:40.703,0.7133,0.71338,1.00,1.00
2017.10.18 08:33:41.244,0.7133,0.71339,1.00,1.76
2017.10.18 08:33:41.785,0.7133,0.71338,1.00,1.12
2017.10.18 08:33:42.472,0.7133,0.71339,1.00,1.57
2017.10.18 08:33:42.983,0.7133,0.71338,1.50,1.00
2017.10.18 08:33:43.592,0.7133,0.71339,1.87,1.57
2017.10.18 08:33:43.899,0.7133,0.71339,1.12,2.89
2017.10.18 08:33:45.134,0.7133,0.71339,1.00,3.64
2017.10.18 08:33:45.965,0.7133,0.71339,1.37,3.64
2017.10.18 08:33:47.053,0.7133,0.71339,1.37,4.01
2017.10.18 08:33:47.736,0.7133,0.71338,1.37,1.20
2017.10.18 08:33:48.888,0.7133,0.71339,1.37,3.64
2017.10.18 08:33:49.738,0.7133,0.71339,1.00,4.01
2017.10.18 08:33:50.341,0.7133,0.71339,1.00,4.39
2017.10.18 08:33:50.846,0.7133,0.71338,1.00,1.57
2017.10.18 08:33:51.356,0.7133,0.71339,1.00,3.64
2017.10.18 08:33:54.517,0.7133,0.71338,1.00,1.66
2017.10.18 08:33:55.118,0.7133,0.71339,1.00,3.64
2017.10.18 08:33:55.914,0.7133,0.71339,1.00,4.01
2017.10.18 08:33:56.481,0.7133,0.71339,1.00,3.64
2017.10.18 08:33:57.187,0.7133,0.71338,1.00,1.66
2017.10.18 08:33:57.722,0.7133,0.71339,1.00,3.64
2017.10.18 08:33:58.516,0.7133,0.71339,1.00,4.01
2017.10.18 08:33:59.125,0.7133,0.71339,1.00,3.64
2017.10.18 08:34:00.796,0.7133,0.71338,1.00,1.39
2017.10.18 08:34:01.299,0.71328,0.71338,1.12,4.39
2017.10.18 08:34:01.835,0.71328,0.71338,1.12,2.14
2017.10.18 08:34:01.939,0.71325,0.71331,2.25,1.37
2017.10.18 08:34:02.101,0.71322,0.71331,1.37,4.01
2017.10.18 08:34:02.203,0.71321,0.7133,1.50,1.76
2017.10.18 08:34:02.717,0.71321,0.71329,1.50,2.33
2017.10.18 08:34:03.272,0.71321,0.71329,1.00,1.88
2017.10.18 08:34:03.785,0.71321,0.71329,1.00,2.14
2017.10.18 08:34:03.938,0.71318,0.71327,1.00,2.70
2017.10.18 08:34:03.990,0.71317,0.71326,1.50,1.76
2017.10.18 08:34:04.627,0.71317,0.71327,1.50,2.32
2017.10.18 08:34:05.673,0.71317,0.71327,1.50,4.95
2017.10.18 08:34:06.202,0.71317,0.71327,1.50,3.07
2017.10.18 08:34:07.961,0.71317,0.71326,1.50,1.20
2017.10.18 08:34:08.734,0.71317,0.71325,1.50,1.50
2017.10.18 08:34:09.269,0.71317,0.71326,1.00,2.70
2017.10.18 08:34:10.926,0.71319,0.71327,1.87,1.20
2017.10.18 08:34:11.676,0.71319,0.71328,1.87,1.01
2017.10.18 08:34:16.710,0.71319,0.71328,1.87,1.48
2017.10.18 08:34:17.246,0.71319,0.71329,1.87,3.08
2017.10.18 08:34:17.881,0.7132,0.71328,1.12,1.95
2017.10.18 08:34:18.456,0.7132,0.71328,1.12,1.20
2017.10.18 08:34:18.979,0.7132,0.71328,1.12,1.48
2017.10.18 08:34:20.072,0.7132,0.71328,1.12,1.10
2017.10.18 08:34:21.302,0.7132,0.71326,1.12,2.25
2017.10.18 08:34:21.356,0.71315,0.71322,1.00,3.00
2017.10.18 08:34:21.560,0.71313,0.71322,1.00,2.33
2017.10.18 08:34:21.663,0.71312,0.71322,1.87,4.88
2017.10.18 08:34:22.066,0.71313,0.71322,1.00,1.95
2017.10.18 08:34:22.681,0.71313,0.71321,1.50,1.25
2017.10.18 08:34:23.188,0.71313,0.71321,1.87,1.19
2017.10.18 08:34:23.594,0.71313,0.71322,1.50,1.39
2017.10.18 08:34:24.096,0.71313,0.71322,1.87,1.39
2017.10.18 08:34:24.693,0.71312,0.71321,1.12,3.94
2017.10.18 08:34:25.203,0.71312,0.7132,1.00,1.50
2017.10.18 08:34:25.734,0.71311,0.7132,1.50,3.26
2017.10.18 08:34:26.184,0.71311,0.7132,1.50,1.25
2017.10.18 08:34:26.511,0.71311,0.7132,1.50,1.76
2017.10.18 08:34:28.639,0.71311,0.7132,1.87,3.26
2017.10.18 08:34:29.294,0.71311,0.71319,1.00,2.14
2017.10.18 08:34:29.499,0.71304,0.71313,1.50,1.19
2017.10.18 08:34:29.754,0.71303,0.71312,1.50,1.76
2017.10.18 08:34:30.294,0.71302,0.71312,1.12,2.51
2017.10.18 08:34:30.810,0.71302,0.71312,1.12,3.26
2017.10.18 08:34:31.341,0.71303,0.71311,1.00,2.44
2017.10.18 08:34:31.971,0.71303,0.71311,1.00,1.69
2017.10.18 08:34:32.648,0.71303,0.71311,1.00,1.31
2017.10.18 08:34:32.971,0.71303,0.71311,1.00,3.26
2017.10.18 08:34:33.490,0.71302,0.7131,1.00,1.76
2017.10.18 08:34:34.049,0.71302,0.71309,1.00,1.51
2017.10.18 08:34:35.174,0.71302,0.71309,1.00,1.70
2017.10.18 08:34:35.225,0.71302,0.7131,1.00,2.70
2017.10.18 08:34:35.328,0.71304,0.71312,1.50,2.02
2017.10.18 08:34:35.379,0.71304,0.71313,1.50,1.20
2017.10.18 08:34:35.481,0.71304,0.71314,1.50,3.83
2017.10.18 08:34:36.064,0.71304,0.71314,1.50,4.20
2017.10.18 08:34:37.094,0.71304,0.71314,1.87,3.45
2017.10.18 08:34:38.879,0.71304,0.71314,1.87,3.08
2017.10.18 08:34:39.404,0.71304,0.71314,1.87,2.70
2017.10.18 08:34:40.462,0.71304,0.71314,1.50,2.89
2017.10.18 08:34:40.565,0.71307,0.71315,1.00,2.89
2017.10.18 08:34:40.718,0.71309,0.71318,1.12,2.89
2017.10.18 08:34:42.084,0.71309,0.71318,1.12,1.01
2017.10.18 08:34:42.633,0.71309,0.71319,1.87,3.64
2017.10.18 08:34:48.090,0.7131,0.71319,1.00,2.51
2017.10.18 08:34:50.059,0.71313,0.7132,1.00,2.70
2017.10.18 08:34:50.214,0.71314,0.71321,1.00,1.10
2017.10.18 08:34:50.721,0.71313,0.7132,1.00,1.58
2017.10.18 08:34:51.906,0.71312,0.7132,1.12,1.45
2017.10.18 08:34:52.596,0.71312,0.7132,1.00,4.01
2017.10.18 08:34:53.105,0.71312,0.7132,1.50,1.76
2017.10.18 08:34:53.923,0.71312,0.7132,1.00,2.51
2017.10.18 08:34:54.466,0.71312,0.7132,1.50,1.44
2017.10.18 08:34:55.353,0.71312,0.7132,1.00,2.32
2017.10.18 08:34:55.863,0.71311,0.71318,1.50,1.25
2017.10.18 08:34:56.394,0.71311,0.71321,1.50,5.89
2017.10.18 08:34:56.903,0.7131,0.71319,1.50,1.76
2017.10.18 08:34:57.738,0.71311,0.71319,1.00,1.20
2017.10.18 08:34:58.856,0.71311,0.7132,1.50,1.01
2017.10.18 08:34:59.395,0.71311,0.7132,1.50,3.26
2017.10.18 08:35:00.261,0.71311,0.7132,1.50,1.26
2017.10.18 08:35:02.134,0.71311,0.7132,1.50,5.33
2017.10.18 08:35:02.643,0.71311,0.7132,1.50,1.51
2017.10.18 08:35:05.094,0.71311,0.71319,1.00,1.01
2017.10.18 08:35:05.640,0.71311,0.7132,1.00,2.89
2017.10.18 08:35:07.647,0.71311,0.7132,1.00,2.89
2017.10.18 08:35:08.218,0.71311,0.71319,1.00,2.51
2017.10.18 08:35:08.371,0.71308,0.71315,1.12,1.00
2017.10.18 08:35:08.478,0.71304,0.71311,1.12,2.06
2017.10.18 08:35:08.868,0.71303,0.7131,1.00,1.88
2017.10.18 08:35:09.405,0.71302,0.71309,1.00,1.25
2017.10.18 08:35:09.953,0.71301,0.71309,1.00,1.00
2017.10.18 08:35:10.592,0.71302,0.71309,1.00,1.01
2017.10.18 08:35:12.157,0.71304,0.71309,1.00,1.25
2017.10.18 08:35:13.746,0.71305,0.71313,1.50,3.26
2017.10.18 08:35:13.900,0.71305,0.71313,1.12,1.00
2017.10.18 08:35:14.437,0.71305,0.71312,1.00,1.00
2017.10.18 08:35:14.945,0.71305,0.71313,1.00,1.00
2017.10.18 08:35:16.253,0.71305,0.71314,1.00,1.31
2017.10.18 08:35:17.342,0.71305,0.71314,1.00,2.44
2017.10.18 08:35:17.869,0.71305,0.71314,1.00,2.06
2017.10.18 08:35:18.860,0.71305,0.71313,1.00,1.00
2017.10.18 08:35:18.963,0.71305,0.71312,1.00,1.38
2017.10.18 08:35:19.952,0.71305,0.7131,1.00,1.00
2017.10.18 08:35:20.461,0.71304,0.7131,1.00,1.20
2017.10.18 08:35:21.723,0.71304,0.71312,1.00,2.33
2017.10.18 08:35:22.916,0.71304,0.71312,1.00,1.95
2017.10.18 08:35:23.178,0.71305,0.71313,1.00,2.62
2017.10.18 08:35:24.790,0.71305,0.71314,1.00,1.87
2017.10.18 08:35:24.994,0.71307,0.71313,1.00,1.00
2017.10.18 08:35:25.197,0.71311,0.71319,1.00,4.76
2017.10.18 08:35:25.746,0.71311,0.71319,1.00,1.31
2017.10.18 08:35:26.734,0.71311,0.71319,1.00,2.81
2017.10.18 08:35:27.776,0.71309,0.71318,1.12,1.31
2017.10.18 08:35:28.292,0.71309,0.71318,1.12,1.31
