2012.01.05 09:00:01.659,0.78308,0.78319,3.75,2.25
2012.01.05 09:00:01.967,0.7832,0.78331,1.50,1.13
2012.01.05 09:00:02.804,0.78314,0.78331,2.25,1.13
2012.01.05 09:00:02.976,0.78314,0.78338,3.00,3.60
2012.01.05 09:00:03.214,0.78318,0.78338,2.25,3.00
2012.01.05 09:00:03.294,0.7832,0.78338,1.50,3.00
2012.01.05 09:00:03.644,0.78324,0.7834,1.50,1.13
2012.01.05 09:00:04.174,0.78322,0.7834,2.25,1.13
2012.01.05 09:00:05.666,0.78322,0.7834,2.25,1.13
2012.01.05 09:00:05.750,0.7832,0.78329,1.73,2.25
2012.01.05 09:00:05.908,0.78314,0.78329,1.80,2.25
2012.01.05 09:00:06.128,0.78317,0.78329,1.50,2.25
2012.01.05 09:00:06.492,0.7832,0.78329,1.50,2.25
2012.01.05 09:00:07.590,0.78319,0.78329,1.50,2.25
2012.01.05 09:00:08.814,0.78318,0.78329,1.50,2.25
2012.01.05 09:00:09.628,0.78319,0.78329,1.50,2.25
2012.01.05 09:00:10.967,0.78318,0.78329,3.00,2.25
2012.01.05 09:00:12.610,0.78317,0.78329,1.50,2.25
2012.01.05 09:00:13.113,0.78315,0.78329,1.50,3.00
2012.01.05 09:00:13.743,0.78315,0.78328,1.50,2.25
2012.01.05 09:00:13.916,0.78317,0.78328,1.50,2.25
2012.01.05 09:00:14.437,0.78317,0.78327,1.50,1.35
2012.01.05 09:00:14.597,0.78312,0.78327,2.25,1.73
2012.01.05 09:00:14.692,0.78311,0.78324,2.25,2.10
2012.01.05 09:00:15.134,0.78305,0.78318,2.25,1.50
2012.01.05 09:00:15.218,0.783,0.78318,2.63,2.25
2012.01.05 09:00:15.788,0.78301,0.78319,1.50,2.63
2012.01.05 09:00:16.352,0.78302,0.78319,1.50,1.13
2012.01.05 09:00:16.901,0.78306,0.78318,1.50,1.88
2012.01.05 09:00:17.188,0.78297,0.78315,2.25,2.25
2012.01.05 09:00:17.524,0.78297,0.78314,2.25,2.25
2012.01.05 09:00:18.073,0.78299,0.78317,2.25,2.25
2012.01.05 09:00:18.395,0.78303,0.78318,1.50,2.25
2012.01.05 09:00:18.868,0.783,0.78316,1.50,2.25
2012.01.05 09:00:19.156,0.783,0.78316,2.25,1.50
2012.01.05 09:00:19.661,0.78298,0.78314,2.25,2.25
2012.01.05 09:00:20.290,0.78291,0.78309,3.38,2.25
2012.01.05 09:00:20.517,0.78293,0.78309,1.50,2.25
2012.01.05 09:00:21.075,0.78294,0.78311,1.50,1.35
2012.01.05 09:00:21.225,0.78294,0.78311,2.25,1.35
2012.01.05 09:00:21.802,0.78295,0.78311,3.00,2.25
2012.01.05 09:00:21.949,0.78299,0.78313,1.50,2.25
2012.01.05 09:00:22.030,0.78299,0.78313,1.50,1.50
2012.01.05 09:00:22.584,0.78298,0.78316,2.25,2.25
2012.01.05 09:00:22.661,0.78301,0.78317,1.50,6.00
2012.01.05 09:00:22.735,0.78301,0.78317,1.50,4.50
2012.01.05 09:00:23.259,0.78301,0.78315,1.35,1.50
2012.01.05 09:00:23.365,0.78305,0.78321,2.25,2.25
2012.01.05 09:00:23.648,0.78307,0.78325,1.50,3.75
2012.01.05 09:00:24.077,0.78309,0.78327,1.50,2.25
2012.01.05 09:00:24.880,0.78309,0.78326,2.48,2.25
2012.01.05 09:00:25.246,0.78313,0.78329,1.88,2.25
2012.01.05 09:00:25.669,0.78312,0.78321,1.88,1.50
2012.01.05 09:00:25.824,0.78312,0.78324,4.13,1.50
2012.01.05 09:00:25.899,0.78312,0.78326,4.13,3.00
2012.01.05 09:00:26.051,0.78312,0.78323,2.25,1.50
2012.01.05 09:00:26.492,0.78303,0.78319,2.25,1.88
2012.01.05 09:00:26.581,0.78301,0.78317,2.25,2.25
2012.01.05 09:00:27.073,0.78301,0.78317,2.25,2.25
2012.01.05 09:00:27.705,0.78303,0.78318,1.50,1.13
2012.01.05 09:00:28.272,0.78299,0.78313,1.13,1.50
2012.01.05 09:00:28.634,0.783,0.78316,2.63,2.25
2012.01.05 09:00:29.271,0.783,0.78316,2.63,1.50
2012.01.05 09:00:29.840,0.78306,0.78317,1.13,1.50
2012.01.05 09:00:30.132,0.78311,0.78325,1.50,1.35
2012.01.05 09:00:30.493,0.78303,0.78321,2.25,2.25
2012.01.05 09:00:30.706,0.78306,0.78324,1.50,2.25
2012.01.05 09:00:30.859,0.78304,0.7832,2.25,2.25
2012.01.05 09:00:31.399,0.78304,0.7832,3.00,2.25
2012.01.05 09:00:31.760,0.78315,0.78328,2.25,1.35
2012.01.05 09:00:32.119,0.78304,0.7832,2.25,2.25
2012.01.05 09:00:32.994,0.78304,0.78318,1.50,1.13
2012.01.05 09:00:33.077,0.783,0.78315,1.13,1.13
2012.01.05 09:00:33.160,0.78302,0.78315,1.50,1.13
2012.01.05 09:00:33.308,0.783,0.78317,2.63,2.25
2012.01.05 09:00:33.517,0.78302,0.78318,1.50,2.25
2012.01.05 09:00:34.477,0.78302,0.7832,1.50,2.25
2012.01.05 09:00:34.625,0.78304,0.78321,1.50,2.25
2012.01.05 09:00:34.724,0.78304,0.78322,1.50,2.25
2012.01.05 09:00:35.147,0.78305,0.78322,1.50,2.25
2012.01.05 09:00:35.227,0.78307,0.78323,1.50,2.25
2012.01.05 09:00:36.032,0.78304,0.7832,1.50,2.25
2012.01.05 09:00:36.877,0.78307,0.78323,1.50,2.25
2012.01.05 09:00:37.627,0.78305,0.78321,1.50,2.25
2012.01.05 09:00:37.789,0.78307,0.78325,1.50,2.85
2012.01.05 09:00:38.149,0.78317,0.78329,1.50,1.13
2012.01.05 09:00:38.508,0.78316,0.78331,1.50,1.13
2012.01.05 09:00:38.998,0.78323,0.78331,1.88,1.13
2012.01.05 09:00:39.478,0.78323,0.78337,4.13,1.65
2012.01.05 09:00:42.013,0.78323,0.78333,4.13,1.50
2012.01.05 09:00:42.563,0.78323,0.78334,4.13,1.50
2012.01.05 09:00:44.984,0.78323,0.78333,4.13,1.50
2012.01.05 09:00:45.470,0.78323,0.78335,4.13,1.50
2012.01.05 09:00:46.025,0.78323,0.78335,4.13,1.50
2012.01.05 09:00:47.654,0.78323,0.78338,5.63,1.58
2012.01.05 09:00:47.794,0.78325,0.78338,2.25,1.58
2012.01.05 09:00:48.492,0.78326,0.78341,1.35,2.33
2012.01.05 09:00:48.794,0.78337,0.78348,2.10,1.50
2012.01.05 09:00:48.876,0.78342,0.7835,1.50,1.50
2012.01.05 09:00:48.960,0.78345,0.78355,1.50,1.50
2012.01.05 09:00:49.109,0.7834,0.78355,1.50,1.50
2012.01.05 09:00:49.192,0.7834,0.78355,1.50,1.50
2012.01.05 09:00:49.473,0.78338,0.78353,1.50,1.13
2012.01.05 09:00:50.006,0.78339,0.78353,1.50,1.13
2012.01.05 09:00:50.494,0.78338,0.78355,1.50,1.88
2012.01.05 09:00:50.843,0.78333,0.78348,1.50,1.50
2012.01.05 09:00:51.207,0.78342,0.78351,1.50,1.50
2012.01.05 09:00:51.716,0.78341,0.78351,1.50,1.50
2012.01.05 09:00:52.007,0.78332,0.78338,1.95,1.88
2012.01.05 09:00:52.088,0.7833,0.78335,1.50,2.25
2012.01.05 09:00:52.305,0.78339,0.78343,1.50,1.88
2012.01.05 09:00:52.443,0.78338,0.78344,1.50,1.50
2012.01.05 09:00:52.795,0.78334,0.78352,1.50,2.25
2012.01.05 09:00:52.868,0.78337,0.78353,1.50,1.50
2012.01.05 09:00:52.942,0.78337,0.7835,1.50,1.50
2012.01.05 09:00:53.362,0.78334,0.7835,3.75,3.00
2012.01.05 09:00:53.452,0.78333,0.78348,1.50,1.50
2012.01.05 09:00:54.082,0.78334,0.7835,1.50,2.25
2012.01.05 09:00:54.434,0.78335,0.7835,2.10,2.25
2012.01.05 09:00:54.505,0.78336,0.78352,2.10,2.25
2012.01.05 09:00:55.052,0.78332,0.7835,5.10,2.25
2012.01.05 09:00:55.139,0.78333,0.78348,1.88,1.50
2012.01.05 09:00:55.213,0.78333,0.78349,1.88,3.00
2012.01.05 09:00:55.610,0.78333,0.78346,1.88,2.25
2012.01.05 09:00:56.111,0.78333,0.78348,1.88,2.25
2012.01.05 09:00:57.216,0.78333,0.78345,1.88,1.50
2012.01.05 09:00:58.090,0.78333,0.78348,1.88,2.25
2012.01.05 09:00:58.565,0.78333,0.78347,1.88,2.25
2012.01.05 09:00:59.200,0.78333,0.78345,1.88,1.50
2012.01.05 09:01:00.110,0.78333,0.78346,1.88,2.25
2012.01.05 09:01:00.672,0.78333,0.78346,1.88,2.25
2012.01.05 09:01:01.420,0.78333,0.78346,1.88,1.50
2012.01.05 09:01:02.050,0.78333,0.78347,1.88,3.00
2012.01.05 09:01:02.231,0.78326,0.78341,1.88,1.50
2012.01.05 09:01:02.312,0.78326,0.78342,1.13,2.25
2012.01.05 09:01:02.454,0.78326,0.78338,1.13,1.50
2012.01.05 09:01:03.017,0.78323,0.7834,1.50,2.25
2012.01.05 09:01:03.364,0.78323,0.7834,1.50,2.25
2012.01.05 09:01:04.159,0.78325,0.78341,3.00,2.25
2012.01.05 09:01:04.670,0.78325,0.7834,1.50,1.50
2012.01.05 09:01:05.053,0.78323,0.78336,2.25,1.50
2012.01.05 09:01:05.199,0.78319,0.78335,2.25,1.13
2012.01.05 09:01:05.413,0.78322,0.78335,1.88,2.63
2012.01.05 09:01:05.752,0.78326,0.78342,1.50,1.13
2012.01.05 09:01:06.026,0.78324,0.78341,3.00,1.13
2012.01.05 09:01:06.938,0.78324,0.7834,2.25,2.25
2012.01.05 09:01:08.122,0.78324,0.7834,2.25,3.00
2012.01.05 09:01:08.480,0.7832,0.78325,2.63,1.50
2012.01.05 09:01:09.012,0.78319,0.78325,2.63,3.00
2012.01.05 09:01:09.103,0.78315,0.7834,1.65,1.13
2012.01.05 09:01:09.175,0.78321,0.78337,1.50,1.50
2012.01.05 09:01:09.255,0.78317,0.78333,2.10,2.25
2012.01.05 09:01:09.341,0.78318,0.78333,1.35,1.50
2012.01.05 09:01:10.024,0.78319,0.78337,1.50,2.25
2012.01.05 09:01:10.284,0.78319,0.78337,1.50,2.25
2012.01.05 09:01:10.742,0.78319,0.78335,1.50,2.63
2012.01.05 09:01:11.060,0.78315,0.78329,2.25,1.50
2012.01.05 09:01:11.725,0.78314,0.78328,1.50,1.50
2012.01.05 09:01:12.014,0.78306,0.78321,1.13,1.50
2012.01.05 09:01:12.470,0.78309,0.78325,1.50,3.75
2012.01.05 09:01:13.155,0.78307,0.78325,2.25,2.25
2012.01.05 09:01:13.693,0.78305,0.78323,2.63,2.25
2012.01.05 09:01:14.026,0.78309,0.78325,1.50,2.25
2012.01.05 09:01:14.554,0.78312,0.78328,1.50,2.25
2012.01.05 09:01:14.636,0.78307,0.78324,1.13,2.25
2012.01.05 09:01:14.786,0.78307,0.78324,1.13,2.25
2012.01.05 09:01:15.052,0.78307,0.78325,2.63,2.25
2012.01.05 09:01:15.168,0.78307,0.78325,2.63,2.25
2012.01.05 09:01:15.735,0.78308,0.78325,2.25,2.25
2012.01.05 09:01:16.409,0.78313,0.78326,1.50,1.13
2012.01.05 09:01:16.778,0.7834,0.78345,1.50,2.63
2012.01.05 09:01:16.925,0.78327,0.78341,2.25,1.50
2012.01.05 09:01:16.996,0.78326,0.78342,2.25,1.50
2012.01.05 09:01:17.082,0.78325,0.78341,1.50,2.25
2012.01.05 09:01:17.155,0.78321,0.78337,1.13,1.50
2012.01.05 09:01:17.435,0.78327,0.78343,1.50,2.63
2012.01.05 09:01:17.631,0.78327,0.78343,1.50,2.63
2012.01.05 09:01:17.774,0.78325,0.78342,2.25,2.25
2012.01.05 09:01:18.330,0.78326,0.78345,1.50,2.25
2012.01.05 09:01:19.691,0.78325,0.78343,1.50,2.63
2012.01.05 09:01:20.184,0.78327,0.78343,1.50,2.63
2012.01.05 09:01:20.897,0.78328,0.78345,1.50,2.25
2012.01.05 09:01:21.323,0.78326,0.78344,1.50,2.63
2012.01.05 09:01:21.395,0.78326,0.78342,1.50,2.25
2012.01.05 09:01:21.945,0.78327,0.78344,1.50,3.00
2012.01.05 09:01:22.154,0.78325,0.78343,2.25,1.13
2012.01.05 09:01:23.175,0.78327,0.78344,2.25,2.25
2012.01.05 09:01:24.572,0.78327,0.78344,1.50,2.25
2012.01.05 09:01:25.144,0.78327,0.78344,2.25,2.25
2012.01.05 09:01:26.083,0.78331,0.78347,1.50,2.25
2012.01.05 09:01:26.345,0.78333,0.78349,1.50,2.63
2012.01.05 09:01:26.563,0.78334,0.7835,1.50,2.25
2012.01.05 09:01:26.634,0.78338,0.78351,1.50,1.13
2012.01.05 09:01:27.168,0.78338,0.78351,1.50,1.13
2012.01.05 09:01:27.667,0.78339,0.78351,1.50,1.13
2012.01.05 09:01:27.885,0.78341,0.78352,1.50,1.13
2012.01.05 09:01:28.391,0.7834,0.78354,1.50,1.13
2012.01.05 09:01:29.104,0.78346,0.78355,1.50,1.50
2012.01.05 09:01:29.265,0.78346,0.78357,1.50,1.13
2012.01.05 09:01:29.479,0.78354,0.78362,1.50,2.25
2012.01.05 09:01:29.556,0.78354,0.78361,1.50,1.13
2012.01.05 09:01:29.844,0.7835,0.78362,1.50,1.88
2012.01.05 09:01:29.926,0.78352,0.78362,1.50,1.88
2012.01.05 09:01:30.636,0.78352,0.78362,1.50,1.13
2012.01.05 09:01:31.178,0.78351,0.78362,1.50,1.13
2012.01.05 09:01:32.948,0.7835,0.78362,3.00,1.13
2012.01.05 09:01:33.253,0.78352,0.78364,1.50,1.50
2012.01.05 09:01:33.616,0.7835,0.78363,1.50,1.50
2012.01.05 09:01:33.856,0.78351,0.78363,1.50,1.50
2012.01.05 09:01:34.635,0.7835,0.78363,1.50,1.50
2012.01.05 09:01:34.725,0.78347,0.78363,1.50,1.50
2012.01.05 09:01:37.394,0.78347,0.78361,1.50,1.88
2012.01.05 09:01:37.672,0.78347,0.78361,2.25,1.13
2012.01.05 09:01:38.073,0.78348,0.78362,1.50,1.88
2012.01.05 09:01:38.145,0.78348,0.78361,1.50,1.13
2012.01.05 09:01:38.669,0.7835,0.78361,1.50,1.13
2012.01.05 09:01:38.742,0.7835,0.78361,1.50,1.13
2012.01.05 09:01:38.941,0.7835,0.78361,1.50,1.13
2012.01.05 09:01:39.013,0.7835,0.78361,1.50,1.13
2012.01.05 09:01:39.289,0.7835,0.78362,1.50,1.88
2012.01.05 09:01:39.504,0.78352,0.78361,1.50,1.13
2012.01.05 09:01:39.722,0.78351,0.78362,1.50,1.13
2012.01.05 09:01:40.825,0.78353,0.78362,1.50,1.13
2012.01.05 09:01:41.153,0.78354,0.78363,1.50,1.50
2012.01.05 09:01:41.366,0.78351,0.78363,1.50,1.50
2012.01.05 09:01:42.065,0.7835,0.78365,1.50,1.50
2012.01.05 09:01:42.425,0.78348,0.78365,2.25,1.50
2012.01.05 09:01:43.780,0.78347,0.78363,3.75,1.50
2012.01.05 09:01:44.452,0.78349,0.78361,1.50,1.13
2012.01.05 09:01:44.592,0.78349,0.78363,1.50,1.50
2012.01.05 09:01:44.666,0.78349,0.78363,1.50,1.50
2012.01.05 09:01:44.744,0.78347,0.78363,2.25,1.50
2012.01.05 09:01:45.240,0.78341,0.78355,1.13,1.50
2012.01.05 09:01:45.524,0.78336,0.78348,1.50,1.50
2012.01.05 09:01:45.594,0.78332,0.78348,2.25,1.50
2012.01.05 09:01:46.078,0.78331,0.78344,1.13,1.50
2012.01.05 09:01:46.166,0.78327,0.78343,1.88,2.25
2012.01.05 09:01:46.672,0.78327,0.78343,1.88,2.25
2012.01.05 09:01:48.278,0.78327,0.78344,1.13,3.75
2012.01.05 09:01:48.820,0.78328,0.78342,1.13,2.25
2012.01.05 09:01:49.413,0.78327,0.78342,1.13,2.25
2012.01.05 09:01:50.514,0.78326,0.78342,2.25,2.25
2012.01.05 09:01:51.031,0.78326,0.78344,1.50,2.25
2012.01.05 09:01:51.223,0.78328,0.78346,1.50,2.63
2012.01.05 09:01:51.789,0.78328,0.78346,1.50,2.63
2012.01.05 09:01:52.828,0.78327,0.78343,2.25,2.25
2012.01.05 09:01:53.186,0.78327,0.78345,1.50,2.25
2012.01.05 09:01:53.273,0.78326,0.78344,1.50,2.25
2012.01.05 09:01:53.485,0.78326,0.78344,1.50,2.25
2012.01.05 09:01:54.111,0.7832,0.78333,1.13,1.50
2012.01.05 09:01:54.651,0.78319,0.78334,1.13,2.25
2012.01.05 09:01:55.739,0.7832,0.78336,2.25,2.25
2012.01.05 09:01:56.297,0.78319,0.78337,2.63,2.25
2012.01.05 09:01:56.841,0.78319,0.78337,2.63,2.25
2012.01.05 09:01:57.577,0.7832,0.78336,1.50,2.25
2012.01.05 09:01:57.921,0.7832,0.78336,1.50,2.25
2012.01.05 09:01:58.442,0.78322,0.78338,1.50,1.13
2012.01.05 09:01:58.763,0.78321,0.78337,1.50,2.25
2012.01.05 09:01:59.483,0.78322,0.78338,1.50,2.25
2012.01.05 09:01:59.993,0.78322,0.78338,2.25,2.25
2012.01.05 09:02:00.832,0.78324,0.7834,1.50,2.25
2012.01.05 09:02:01.042,0.78325,0.78341,1.50,2.25
2012.01.05 09:02:01.484,0.78323,0.78339,2.25,2.25
2012.01.05 09:02:01.813,0.78328,0.78339,1.50,1.50
2012.01.05 09:02:01.881,0.78329,0.78342,1.50,1.13
2012.01.05 09:02:02.415,0.7833,0.78345,1.50,1.13
2012.01.05 09:02:02.950,0.78331,0.78345,1.50,1.13
2012.01.05 09:02:03.555,0.7833,0.78345,1.50,1.13
2012.01.05 09:02:03.631,0.78328,0.78344,2.25,1.88
2012.01.05 09:02:05.007,0.78328,0.78344,2.25,1.88
2012.01.05 09:02:05.746,0.78331,0.78347,1.50,1.50
2012.01.05 09:02:11.232,0.78329,0.78344,2.25,1.13
2012.01.05 09:02:11.965,0.78326,0.78343,2.25,1.13
2012.01.05 09:02:13.404,0.78326,0.78344,2.25,2.63
2012.01.05 09:02:15.647,0.78329,0.78344,1.50,1.88
2012.01.05 09:02:15.721,0.78332,0.78344,1.50,1.88
2012.01.05 09:02:18.361,0.78331,0.78345,1.50,1.88
2012.01.05 09:02:21.912,0.7833,0.78345,2.25,1.13
2012.01.05 09:02:22.559,0.78331,0.78345,1.50,1.13
2012.01.05 09:02:25.290,0.7833,0.78344,1.50,1.13
2012.01.05 09:02:25.593,0.7833,0.78346,2.25,1.13
2012.01.05 09:02:26.098,0.78331,0.78345,2.25,1.13
2012.01.05 09:02:26.838,0.78331,0.78348,3.75,2.25
2012.01.05 09:02:26.929,0.78332,0.78349,2.25,1.13
2012.01.05 09:02:27.434,0.78333,0.78351,1.50,2.63
2012.01.05 09:02:29.272,0.78333,0.78351,2.25,2.63
2012.01.05 09:02:29.414,0.78335,0.78351,1.50,1.13
2012.01.05 09:02:29.842,0.78334,0.7835,1.50,2.25
2012.01.05 09:02:30.206,0.78334,0.78346,1.50,1.13
2012.01.05 09:02:30.840,0.78331,0.78347,2.25,1.88
2012.01.05 09:02:34.372,0.78331,0.78348,2.25,1.13
2012.01.05 09:02:35.842,0.78332,0.78347,2.25,1.13
2012.01.05 09:02:37.112,0.78331,0.78345,1.50,1.13
2012.01.05 09:02:37.243,0.78326,0.78342,2.25,2.25
2012.01.05 09:02:38.312,0.78323,0.78339,3.75,2.63
2012.01.05 09:02:38.390,0.78323,0.78339,2.25,1.88
2012.01.05 09:02:38.846,0.78323,0.78339,2.25,2.63
2012.01.05 09:02:40.295,0.78323,0.78337,2.25,1.58
2012.01.05 09:02:40.715,0.78323,0.78337,2.25,1.58
2012.01.05 09:02:40.814,0.78313,0.78325,3.75,1.50
2012.01.05 09:02:40.888,0.78313,0.78323,3.75,1.50
2012.01.05 09:02:41.307,0.78313,0.78323,3.00,1.50
2012.01.05 09:02:41.658,0.78313,0.78325,3.00,1.50
2012.01.05 09:02:41.807,0.78313,0.78322,2.25,1.50
2012.01.05 09:02:42.555,0.78307,0.78321,1.47,1.50
2012.01.05 09:02:42.843,0.78303,0.78309,1.50,2.25
2012.01.05 09:02:43.199,0.783,0.78305,1.13,1.50
2012.01.05 09:02:43.490,0.78299,0.78306,1.13,1.50
2012.01.05 09:02:43.693,0.78293,0.78306,1.88,1.50
2012.01.05 09:02:44.225,0.78293,0.78306,1.88,1.50
2012.01.05 09:02:44.313,0.78294,0.78304,1.13,1.50
2012.01.05 09:02:45.016,0.78291,0.78305,1.13,2.25
2012.01.05 09:02:45.086,0.7829,0.78305,1.13,2.63
2012.01.05 09:02:45.157,0.7829,0.78305,1.13,2.63
2012.01.05 09:02:45.519,0.7829,0.78299,1.13,1.50
2012.01.05 09:02:46.063,0.7829,0.78299,1.13,1.88
2012.01.05 09:02:46.287,0.78278,0.78292,1.50,1.50
2012.01.05 09:02:46.366,0.78283,0.78297,1.50,1.50
2012.01.05 09:02:46.946,0.78282,0.783,2.63,1.50
2012.01.05 09:02:47.398,0.78284,0.78301,1.50,1.13
2012.01.05 09:02:47.495,0.78282,0.78298,2.25,1.88
2012.01.05 09:02:48.056,0.78282,0.78298,2.25,1.88
2012.01.05 09:02:49.287,0.78281,0.78297,2.25,1.50
2012.01.05 09:02:49.796,0.78278,0.78296,2.25,1.50
2012.01.05 09:02:50.689,0.78279,0.78297,2.25,2.25
2012.01.05 09:02:50.790,0.78272,0.78286,1.50,1.50
2012.01.05 09:02:51.081,0.78268,0.78286,2.25,1.50
2012.01.05 09:02:51.226,0.78264,0.78284,1.13,1.50
2012.01.05 09:02:51.582,0.78264,0.78281,1.13,1.50
2012.01.05 09:02:51.728,0.78264,0.78281,1.13,1.50
2012.01.05 09:02:51.875,0.78266,0.78283,2.25,1.50
2012.01.05 09:02:52.501,0.78264,0.78281,2.63,1.50
2012.01.05 09:02:52.652,0.78266,0.78285,1.50,2.25
2012.01.05 09:02:52.812,0.78264,0.78284,1.50,3.75
2012.01.05 09:02:53.025,0.78264,0.78282,2.25,1.50
2012.01.05 09:02:53.381,0.78264,0.78285,2.25,2.25
2012.01.05 09:02:53.461,0.78263,0.78283,2.25,1.50
2012.01.05 09:02:54.324,0.78265,0.78284,2.63,1.50
2012.01.05 09:02:54.665,0.78265,0.78284,3.38,1.50
2012.01.05 09:02:54.806,0.78268,0.78286,1.50,1.50
2012.01.05 09:02:54.952,0.78268,0.78284,1.50,1.50
2012.01.05 09:02:55.965,0.78268,0.78285,1.50,1.50
2012.01.05 09:02:56.466,0.78268,0.78286,3.00,1.50
2012.01.05 09:02:57.014,0.78268,0.78285,1.50,1.50
2012.01.05 09:02:57.691,0.78268,0.78286,2.25,1.50
2012.01.05 09:02:58.660,0.78273,0.78284,1.50,1.50
2012.01.05 09:02:58.737,0.78273,0.78286,1.50,1.50
2012.01.05 09:02:59.330,0.78273,0.78285,1.50,1.50
2012.01.05 09:02:59.855,0.78273,0.78286,1.50,1.50
2012.01.05 09:03:00.366,0.78273,0.78285,1.50,1.50
2012.01.05 09:03:00.923,0.78273,0.78286,1.50,1.50
2012.01.05 09:03:01.424,0.78273,0.78288,1.50,2.25
2012.01.05 09:03:01.779,0.78275,0.7829,2.25,1.50
2012.01.05 09:03:01.858,0.78275,0.78293,2.25,1.88
2012.01.05 09:03:02.143,0.78277,0.78295,2.25,1.50
2012.01.05 09:03:02.499,0.78274,0.78292,3.00,1.50
2012.01.05 09:03:02.993,0.78278,0.78294,1.50,2.63
2012.01.05 09:03:03.504,0.78277,0.78294,2.25,1.13
2012.01.05 09:03:03.853,0.78274,0.78291,2.25,1.13
2012.01.05 09:03:04.971,0.78276,0.78291,1.50,1.13
2012.01.05 09:03:05.470,0.78274,0.78292,3.00,1.50
2012.01.05 09:03:06.858,0.78275,0.78293,1.50,2.25
2012.01.05 09:03:07.412,0.78274,0.78292,2.25,2.25
2012.01.05 09:03:07.737,0.78274,0.78292,2.25,2.25
2012.01.05 09:03:08.465,0.78274,0.78287,2.25,1.13
2012.01.05 09:03:08.760,0.78271,0.78276,1.50,1.50
2012.01.05 09:03:09.180,0.78273,0.78279,1.50,1.50
2012.01.05 09:03:09.977,0.78265,0.7828,1.50,2.25
2012.01.05 09:03:10.067,0.78265,0.78279,1.13,1.50
2012.01.05 09:03:10.635,0.78265,0.7828,1.88,1.50
2012.01.05 09:03:12.766,0.78265,0.78283,3.00,2.25
2012.01.05 09:03:12.843,0.78267,0.78283,2.25,1.50
2012.01.05 09:03:13.467,0.78273,0.78286,1.13,1.50
2012.01.05 09:03:13.555,0.78276,0.78292,1.50,2.63
2012.01.05 09:03:14.068,0.78275,0.78292,1.13,2.63
2012.01.05 09:03:14.590,0.78275,0.78289,1.13,1.50
2012.01.05 09:03:15.176,0.78275,0.78291,2.63,1.50
2012.01.05 09:03:16.020,0.78275,0.78291,2.63,1.50
2012.01.05 09:03:16.928,0.78275,0.78291,2.25,1.50
2012.01.05 09:03:17.533,0.78275,0.78291,2.25,2.25
2012.01.05 09:03:18.065,0.78274,0.7829,1.50,1.50
2012.01.05 09:03:18.779,0.78275,0.78291,2.25,1.50
2012.01.05 09:03:19.316,0.78276,0.78292,1.13,1.50
2012.01.05 09:03:19.654,0.78276,0.78293,1.50,1.50
2012.01.05 09:03:20.009,0.78288,0.78305,2.25,2.63
2012.01.05 09:03:20.503,0.78292,0.78305,2.25,1.88
2012.01.05 09:03:20.594,0.78292,0.78308,2.25,2.63
2012.01.05 09:03:21.703,0.78293,0.78309,2.25,2.63
2012.01.05 09:03:21.973,0.78293,0.78309,2.25,2.63
2012.01.05 09:03:22.580,0.78294,0.7831,2.25,1.88
2012.01.05 09:03:22.660,0.78294,0.7831,2.25,2.63
2012.01.05 09:03:23.163,0.78294,0.7831,2.25,1.88
2012.01.05 09:03:23.306,0.78295,0.78311,2.25,2.63
2012.01.05 09:03:24.539,0.78293,0.78311,2.25,1.88
2012.01.05 09:03:25.306,0.78293,0.78311,2.25,2.63
2012.01.05 09:03:27.212,0.78294,0.7831,2.25,1.50
2012.01.05 09:03:28.025,0.78295,0.78311,2.25,1.88
2012.01.05 09:03:30.012,0.78296,0.78314,2.25,3.75
2012.01.05 09:03:30.479,0.78295,0.78311,2.25,1.50
2012.01.05 09:03:30.992,0.78297,0.78313,2.25,3.00
2012.01.05 09:03:31.517,0.78298,0.78314,2.25,1.50
2012.01.05 09:03:32.076,0.78298,0.78314,2.25,2.25
2012.01.05 09:03:33.121,0.78297,0.78313,1.50,2.25
2012.01.05 09:03:33.332,0.78297,0.78313,2.25,2.25
2012.01.05 09:03:33.662,0.78297,0.78313,2.25,1.50
2012.01.05 09:03:33.730,0.78297,0.78315,2.25,3.00
2012.01.05 09:03:34.427,0.78298,0.78314,2.25,1.50
2012.01.05 09:03:34.783,0.783,0.78316,2.25,2.25
2012.01.05 09:03:35.323,0.78299,0.78315,2.25,2.25
2012.01.05 09:03:35.534,0.78297,0.78313,2.25,1.50
2012.01.05 09:03:35.602,0.78297,0.78313,2.25,1.50
2012.01.05 09:03:36.131,0.78294,0.78312,2.25,2.25
2012.01.05 09:03:36.685,0.78295,0.78311,2.25,1.50
2012.01.05 09:03:36.882,0.78297,0.78313,2.25,1.50
2012.01.05 09:03:37.447,0.78297,0.78313,1.50,2.25
2012.01.05 09:03:37.598,0.78295,0.78311,2.25,1.50
2012.01.05 09:03:38.130,0.78297,0.78312,2.25,1.13
2012.01.05 09:03:39.026,0.78297,0.78312,1.50,1.13
2012.01.05 09:03:39.655,0.78297,0.78312,1.50,1.13
2012.01.05 09:03:39.903,0.78294,0.78312,2.25,2.63
2012.01.05 09:03:40.175,0.78294,0.78311,2.25,1.73
2012.01.05 09:03:40.433,0.78292,0.7831,2.25,2.25
2012.01.05 09:03:40.509,0.78292,0.78308,2.25,1.50
2012.01.05 09:03:41.192,0.78295,0.78311,2.25,3.23
2012.01.05 09:03:41.696,0.78296,0.78312,2.25,1.73
2012.01.05 09:03:42.183,0.78294,0.78311,1.50,1.73
2012.01.05 09:03:42.442,0.78294,0.78311,2.25,1.73
2012.01.05 09:03:43.029,0.78294,0.78311,1.50,1.73
2012.01.05 09:03:44.703,0.78293,0.78311,1.50,3.23
2012.01.05 09:03:45.177,0.78295,0.78311,1.50,3.23
2012.01.05 09:03:45.487,0.783,0.78314,1.50,1.50
2012.01.05 09:03:45.989,0.78298,0.78315,1.50,1.50
2012.01.05 09:03:46.067,0.78296,0.78314,3.00,2.25
2012.01.05 09:03:46.147,0.78294,0.78312,3.00,2.25
2012.01.05 09:03:46.737,0.78294,0.78312,1.50,2.25
2012.01.05 09:03:47.844,0.78297,0.78313,1.50,3.00
2012.01.05 09:03:48.368,0.78297,0.78313,1.50,3.00
2012.01.05 09:03:48.912,0.78297,0.78313,1.50,3.00
2012.01.05 09:03:49.196,0.78294,0.7831,1.50,2.25
2012.01.05 09:03:49.330,0.78294,0.78312,1.50,2.25
2012.01.05 09:03:49.537,0.78293,0.78311,1.50,2.25
2012.01.05 09:03:50.149,0.78294,0.78312,1.50,2.25
2012.01.05 09:03:50.484,0.78296,0.78312,1.50,1.13
2012.01.05 09:03:50.833,0.78297,0.78312,1.50,1.13
2012.01.05 09:03:51.526,0.78297,0.78312,1.50,1.13
2012.01.05 09:03:51.948,0.78294,0.7831,1.50,2.25
2012.01.05 09:03:52.486,0.78295,0.78311,1.50,2.25
2012.01.05 09:03:52.629,0.78295,0.78311,1.50,2.25
2012.01.05 09:03:53.182,0.78296,0.78312,1.50,1.13
2012.01.05 09:03:54.314,0.78296,0.78312,1.50,1.13
2012.01.05 09:03:54.527,0.78299,0.78312,1.50,1.13
2012.01.05 09:03:55.053,0.78297,0.78312,3.00,1.13
2012.01.05 09:03:55.807,0.78296,0.78312,1.50,1.13
2012.01.05 09:03:56.407,0.78297,0.78312,1.50,1.13
2012.01.05 09:03:57.621,0.78296,0.78312,1.50,1.13
2012.01.05 09:03:58.344,0.78298,0.78312,1.50,1.13
2012.01.05 09:03:59.323,0.78297,0.78311,1.50,1.13
2012.01.05 09:04:00.270,0.78298,0.78311,1.50,1.13
2012.01.05 09:04:00.816,0.78298,0.78311,1.50,1.13
2012.01.05 09:04:00.903,0.78296,0.78311,1.50,1.13
2012.01.05 09:04:01.156,0.78296,0.78311,1.50,1.13
2012.01.05 09:04:02.234,0.78296,0.78311,1.50,1.13
2012.01.05 09:04:02.850,0.78296,0.78311,1.50,1.13
2012.01.05 09:04:03.452,0.78297,0.78311,1.50,1.13
2012.01.05 09:04:06.056,0.78297,0.78311,1.50,1.13
2012.01.05 09:04:06.593,0.78297,0.78311,1.50,1.13
2012.01.05 09:04:08.053,0.78297,0.78311,1.50,1.13
2012.01.05 09:04:08.448,0.78294,0.78316,1.50,1.50
2012.01.05 09:04:08.529,0.78294,0.78318,2.25,6.38
2012.01.05 09:04:10.125,0.78295,0.78318,1.50,6.38
2012.01.05 09:04:10.465,0.78298,0.78318,1.50,6.38
2012.01.05 09:04:10.801,0.78297,0.78318,1.50,6.38
2012.01.05 09:04:10.992,0.78299,0.78318,1.50,6.38
2012.01.05 09:04:11.409,0.78299,0.78318,1.84,6.38
2012.01.05 09:04:11.494,0.78301,0.78317,1.50,1.35
2012.01.05 09:04:11.564,0.78299,0.78317,1.50,1.35
2012.01.05 09:04:11.635,0.78301,0.78317,1.50,1.35
2012.01.05 09:04:11.950,0.78301,0.78317,1.50,1.35
2012.01.05 09:04:12.460,0.78303,0.78317,1.50,1.35
2012.01.05 09:04:13.548,0.78301,0.78317,1.50,1.35
2012.01.05 09:04:14.079,0.78302,0.78317,1.50,1.35
2012.01.05 09:04:15.216,0.78301,0.78317,1.50,1.35
2012.01.05 09:04:15.755,0.78301,0.78317,1.50,1.35
2012.01.05 09:04:16.103,0.78304,0.78317,1.50,3.60
2012.01.05 09:04:16.245,0.78304,0.78317,1.50,3.60
2012.01.05 09:04:16.828,0.78304,0.78314,1.50,1.50
2012.01.05 09:04:16.915,0.78298,0.78316,1.50,2.25
2012.01.05 09:04:17.453,0.78299,0.78316,1.50,1.50
2012.01.05 09:04:17.593,0.78301,0.78316,1.50,1.50
2012.01.05 09:04:19.937,0.78302,0.78316,1.50,1.50
2012.01.05 09:04:20.015,0.78302,0.78316,1.50,1.50
2012.01.05 09:04:20.502,0.78308,0.78317,1.50,3.00
2012.01.05 09:04:20.574,0.78308,0.78317,1.50,2.25
2012.01.05 09:04:20.784,0.78308,0.78319,1.50,1.50
2012.01.05 09:04:21.407,0.78306,0.7832,2.25,2.25
2012.01.05 09:04:23.182,0.78306,0.7832,2.25,2.25
2012.01.05 09:04:23.980,0.78305,0.7832,2.25,2.25
2012.01.05 09:04:24.584,0.78305,0.7832,2.25,2.25
2012.01.05 09:04:24.868,0.78308,0.7832,1.50,2.25
2012.01.05 09:04:25.283,0.78306,0.7832,2.25,2.25
2012.01.05 09:04:27.878,0.78306,0.7832,2.48,2.25
2012.01.05 09:04:28.263,0.78305,0.7832,2.25,2.25
2012.01.05 09:04:28.331,0.78305,0.7832,2.25,2.25
2012.01.05 09:04:28.894,0.78304,0.7832,4.13,3.75
2012.01.05 09:04:29.024,0.78304,0.78317,2.63,1.88
2012.01.05 09:04:29.586,0.78305,0.78317,3.00,4.13
2012.01.05 09:04:30.092,0.78308,0.78317,1.50,4.13
2012.01.05 09:04:34.893,0.78309,0.78317,1.50,4.13
2012.01.05 09:04:35.400,0.7831,0.78317,1.50,4.13
2012.01.05 09:04:35.533,0.78308,0.78317,1.50,4.13
2012.01.05 09:04:36.072,0.78309,0.78317,1.50,4.13
2012.01.05 09:04:37.053,0.78309,0.78321,1.50,1.13
2012.01.05 09:04:37.337,0.78311,0.78324,1.50,1.13
2012.01.05 09:04:37.992,0.78315,0.78325,1.50,1.88
2012.01.05 09:04:38.076,0.78311,0.78325,1.50,1.88
2012.01.05 09:04:39.457,0.78311,0.78325,1.50,1.88
2012.01.05 09:04:40.083,0.78312,0.78325,1.50,1.88
2012.01.05 09:04:40.292,0.78312,0.78325,1.50,1.88
2012.01.05 09:04:40.775,0.78317,0.78325,1.50,1.13
2012.01.05 09:04:41.123,0.78317,0.78331,1.50,3.00
2012.01.05 09:04:41.677,0.78316,0.78331,1.50,3.00
2012.01.05 09:04:42.267,0.78316,0.78331,1.50,3.00
2012.01.05 09:04:46.100,0.78317,0.78331,1.50,2.25
2012.01.05 09:04:48.063,0.78316,0.78331,2.25,2.25
2012.01.05 09:04:48.206,0.78316,0.78327,1.50,1.88
2012.01.05 09:04:48.742,0.78317,0.78327,1.50,1.88
2012.01.05 09:04:57.267,0.78318,0.78327,1.50,1.88
2012.01.05 09:04:57.809,0.78318,0.78328,1.50,2.25
2012.01.05 09:04:57.956,0.78316,0.78327,1.50,1.88
2012.01.05 09:04:58.244,0.78319,0.78327,1.50,1.88
2012.01.05 09:04:58.529,0.78319,0.7833,1.50,1.50
2012.01.05 09:04:59.246,0.78319,0.78331,1.50,3.00
2012.01.05 09:04:59.345,0.7833,0.78337,1.50,1.50
2012.01.05 09:04:59.695,0.78334,0.78339,1.50,1.50
2012.01.05 09:04:59.906,0.78334,0.78347,1.50,2.63
2012.01.05 09:05:00.474,0.78333,0.78346,1.50,1.50
2012.01.05 09:05:01.062,0.7833,0.78347,1.50,2.63
2012.01.05 09:05:01.217,0.78326,0.78332,1.50,2.10
2012.01.05 09:05:01.305,0.78314,0.7833,11.70,1.35
2012.01.05 09:05:01.525,0.78317,0.78329,3.38,2.14
2012.01.05 09:05:01.603,0.78318,0.78334,2.25,2.25
2012.01.05 09:05:01.681,0.78319,0.78334,1.13,2.25
2012.01.05 09:05:01.831,0.78322,0.78334,4.50,1.50
2012.01.05 09:05:01.909,0.78323,0.78341,1.50,2.25
2012.01.05 09:05:02.465,0.78325,0.78341,1.50,1.13
2012.01.05 09:05:02.805,0.78324,0.7834,1.50,1.13
2012.01.05 09:05:03.606,0.78324,0.7834,1.50,2.63
2012.01.05 09:05:04.117,0.78321,0.78339,2.25,2.25
2012.01.05 09:05:04.474,0.78321,0.78339,2.25,1.50
2012.01.05 09:05:04.823,0.78323,0.7834,1.50,1.13
2012.01.05 09:05:05.142,0.78325,0.7834,1.50,1.13
2012.01.05 09:05:05.637,0.78324,0.7834,1.50,2.63
2012.01.05 09:05:05.712,0.78324,0.7834,2.25,2.63
2012.01.05 09:05:06.251,0.78323,0.7834,2.25,1.13
2012.01.05 09:05:07.284,0.78328,0.7834,1.50,1.13
2012.01.05 09:05:08.062,0.78326,0.7834,1.50,1.13
2012.01.05 09:05:08.783,0.78326,0.78343,1.50,1.35
2012.01.05 09:05:09.336,0.78326,0.78343,1.50,1.35
2012.01.05 09:05:09.846,0.78327,0.78343,1.50,2.85
2012.01.05 09:05:10.402,0.78325,0.78343,1.50,2.85
2012.01.05 09:05:10.472,0.78325,0.78343,1.50,2.85
2012.01.05 09:05:10.996,0.78325,0.78343,1.50,2.85
2012.01.05 09:05:11.264,0.78327,0.78343,1.50,2.85
2012.01.05 09:05:11.796,0.78326,0.78343,1.50,1.35
2012.01.05 09:05:12.481,0.78327,0.78343,1.50,2.85
2012.01.05 09:05:14.074,0.78329,0.78343,1.50,1.35
2012.01.05 09:05:14.612,0.78329,0.78343,1.50,1.35
2012.01.05 09:05:15.124,0.78328,0.78343,1.50,1.35
2012.01.05 09:05:18.447,0.78328,0.78343,1.50,1.35
2012.01.05 09:05:18.950,0.78327,0.78343,1.50,2.85
2012.01.05 09:05:20.251,0.78328,0.78343,1.50,1.35
2012.01.05 09:05:20.533,0.78326,0.78343,2.25,1.35
2012.01.05 09:05:21.575,0.78328,0.78343,1.50,1.35
2012.01.05 09:05:23.017,0.7833,0.78343,1.50,1.35
2012.01.05 09:05:23.364,0.78328,0.78343,1.50,1.35
2012.01.05 09:05:23.882,0.78328,0.78343,1.50,1.35
2012.01.05 09:05:24.260,0.7833,0.78343,1.50,1.35
2012.01.05 09:05:24.762,0.78332,0.78343,1.50,1.35
2012.01.05 09:05:25.137,0.78334,0.78343,1.50,1.35
2012.01.05 09:05:25.281,0.78331,0.78343,1.50,1.35
2012.01.05 09:05:26.456,0.78331,0.78343,1.50,1.35
2012.01.05 09:05:27.429,0.78333,0.78344,1.50,2.10
2012.01.05 09:05:28.058,0.78336,0.78346,1.50,2.25
2012.01.05 09:05:28.613,0.78336,0.78351,1.50,3.15
2012.01.05 09:05:29.557,0.78335,0.78351,1.50,3.08
2012.01.05 09:05:29.773,0.78335,0.78351,1.50,3.08
2012.01.05 09:05:31.542,0.78335,0.78351,1.50,3.08
2012.01.05 09:05:32.266,0.78337,0.78351,1.50,3.08
2012.01.05 09:05:32.332,0.78335,0.78351,1.50,3.08
2012.01.05 09:05:32.926,0.78336,0.78351,1.50,3.08
2012.01.05 09:05:36.472,0.78337,0.78351,1.50,3.08
2012.01.05 09:05:37.265,0.78338,0.78351,1.50,3.08
2012.01.05 09:05:37.909,0.78338,0.78353,2.85,2.63
2012.01.05 09:05:37.997,0.78342,0.78357,1.50,1.20
2012.01.05 09:05:38.331,0.78344,0.7836,1.50,2.78
2012.01.05 09:05:38.605,0.78342,0.7836,3.00,2.78
2012.01.05 09:05:38.793,0.78344,0.7836,1.50,2.78
2012.01.05 09:05:39.714,0.78346,0.7836,1.50,1.20
2012.01.05 09:05:40.224,0.78347,0.7836,1.50,1.13
2012.01.05 09:05:40.413,0.78345,0.7836,1.50,1.13
2012.01.05 09:05:41.026,0.78346,0.7836,1.50,1.13
2012.01.05 09:05:41.556,0.78347,0.78363,1.50,2.25
2012.01.05 09:05:42.435,0.78347,0.78363,1.50,2.25
2012.01.05 09:05:42.784,0.78344,0.78362,1.50,2.25
2012.01.05 09:05:46.493,0.78344,0.78362,2.10,2.25
2012.01.05 09:05:46.835,0.78347,0.78358,1.50,2.63
2012.01.05 09:05:47.041,0.78345,0.78357,1.50,3.00
2012.01.05 09:05:47.183,0.78343,0.78359,1.50,1.50
2012.01.05 09:05:47.323,0.78346,0.7836,1.50,3.00
2012.01.05 09:05:47.854,0.78345,0.78357,1.50,2.63
2012.01.05 09:05:48.419,0.78344,0.78357,1.50,2.63
2012.01.05 09:05:48.752,0.78347,0.78357,1.50,2.63
2012.01.05 09:05:49.392,0.78349,0.78357,1.50,1.88
2012.01.05 09:05:50.137,0.78349,0.78358,1.50,3.00
2012.01.05 09:05:50.849,0.78348,0.78358,1.50,2.25
2012.01.05 09:05:51.682,0.78348,0.7836,2.25,2.25
2012.01.05 09:05:52.177,0.78349,0.7836,2.37,2.25
2012.01.05 09:05:52.536,0.78357,0.78367,1.50,2.25
2012.01.05 09:05:52.814,0.78357,0.78367,1.50,1.88
2012.01.05 09:05:53.320,0.78355,0.78367,1.50,1.88
2012.01.05 09:05:53.610,0.78349,0.78367,2.25,4.88
2012.01.05 09:05:53.688,0.78349,0.78367,1.50,5.63
2012.01.05 09:05:54.033,0.78347,0.78365,2.25,2.25
2012.01.05 09:05:57.116,0.78349,0.7836,1.50,2.25
2012.01.05 09:05:57.465,0.78349,0.7836,1.50,3.00
2012.01.05 09:05:58.313,0.78346,0.7836,1.50,3.00
2012.01.05 09:05:59.013,0.78347,0.7836,1.50,3.00
2012.01.05 09:05:59.542,0.78346,0.7836,2.25,3.00
2012.01.05 09:06:04.284,0.78346,0.7836,2.25,3.00
2012.01.05 09:06:04.915,0.78355,0.78362,2.25,2.25
2012.01.05 09:06:05.060,0.78355,0.78362,3.75,1.50
2012.01.05 09:06:05.134,0.78358,0.78368,1.50,4.50
2012.01.05 09:06:05.348,0.7836,0.78376,3.78,4.50
2012.01.05 09:06:05.502,0.78368,0.78383,2.25,1.21
2012.01.05 09:06:05.927,0.78373,0.78386,1.80,2.25
2012.01.05 09:06:06.354,0.78375,0.78388,1.50,1.50
2012.01.05 09:06:06.772,0.78374,0.78388,1.13,1.50
2012.01.05 09:06:07.514,0.78381,0.78388,1.50,1.50
2012.01.05 09:06:07.671,0.78381,0.78392,1.50,1.50
2012.01.05 09:06:07.815,0.78379,0.78392,1.50,1.50
2012.01.05 09:06:08.226,0.78375,0.78391,1.62,4.50
2012.01.05 09:06:08.303,0.78375,0.78391,2.37,4.50
2012.01.05 09:06:08.693,0.78375,0.78391,2.25,4.50
2012.01.05 09:06:09.511,0.78375,0.78391,2.25,2.25
2012.01.05 09:06:09.591,0.78379,0.78391,1.50,3.00
2012.01.05 09:06:09.875,0.78381,0.78391,1.50,4.50
2012.01.05 09:06:09.945,0.7838,0.78391,1.50,4.50
2012.01.05 09:06:10.480,0.78377,0.78391,1.50,4.50
2012.01.05 09:06:10.901,0.78375,0.78391,3.75,4.50
2012.01.05 09:06:11.844,0.78375,0.78389,1.50,1.88
2012.01.05 09:06:12.381,0.78375,0.78389,1.50,1.13
2012.01.05 09:06:12.804,0.78375,0.78388,1.50,5.25
2012.01.05 09:06:13.344,0.78375,0.78388,1.50,5.25
2012.01.05 09:06:13.959,0.78375,0.78386,1.50,2.25
2012.01.05 09:06:14.312,0.78375,0.78385,1.50,1.13
2012.01.05 09:06:14.925,0.78371,0.78385,1.50,1.13
2012.01.05 09:06:15.151,0.78371,0.78383,1.50,1.13
2012.01.05 09:06:15.427,0.7837,0.78381,1.50,2.25
2012.01.05 09:06:15.784,0.78365,0.7838,1.50,3.00
2012.01.05 09:06:16.593,0.7837,0.78377,1.50,2.25
2012.01.05 09:06:16.950,0.7837,0.78379,1.50,1.13
2012.01.05 09:06:17.516,0.7837,0.78378,1.50,1.13
2012.01.05 09:06:17.816,0.7837,0.78375,1.50,1.50
2012.01.05 09:06:18.329,0.78366,0.78375,1.50,2.25
2012.01.05 09:06:18.857,0.78367,0.78375,1.50,1.50
2012.01.05 09:06:19.182,0.78367,0.78378,1.50,2.63
2012.01.05 09:06:20.176,0.78365,0.78372,1.50,1.50
2012.01.05 09:06:20.256,0.78358,0.78369,1.13,1.50
2012.01.05 09:06:20.783,0.78359,0.78368,1.13,1.50
2012.01.05 09:06:21.042,0.78359,0.78373,1.88,1.50
2012.01.05 09:06:21.599,0.78359,0.78374,1.88,1.50
2012.01.05 09:06:22.553,0.78359,0.78372,1.13,2.63
2012.01.05 09:06:22.631,0.78354,0.78372,1.50,2.63
2012.01.05 09:06:22.781,0.78351,0.78366,1.13,2.25
2012.01.05 09:06:23.010,0.78349,0.78366,1.50,3.75
2012.01.05 09:06:23.556,0.78356,0.78365,1.50,2.25
2012.01.05 09:06:23.762,0.78352,0.78369,2.25,1.13
2012.01.05 09:06:24.175,0.78352,0.78369,2.25,1.13
2012.01.05 09:06:24.406,0.78352,0.78369,1.50,1.13
2012.01.05 09:06:24.544,0.78352,0.78369,2.25,1.13
2012.01.05 09:06:25.511,0.78352,0.78368,2.25,2.25
2012.01.05 09:06:25.782,0.78352,0.78368,2.25,2.25
2012.01.05 09:06:29.595,0.78355,0.78364,1.50,2.25
2012.01.05 09:06:30.755,0.78355,0.78365,1.50,2.25
2012.01.05 09:06:31.328,0.78355,0.78361,1.50,1.50
2012.01.05 09:06:34.255,0.78354,0.78361,1.50,2.25
2012.01.05 09:06:34.594,0.78352,0.78357,1.50,1.50
2012.01.05 09:06:35.958,0.78354,0.78361,1.50,1.50
2012.01.05 09:06:38.742,0.78353,0.7836,1.50,2.25
2012.01.05 09:06:39.247,0.78354,0.78364,1.50,2.25
2012.01.05 09:06:39.412,0.78352,0.78364,2.25,2.25
2012.01.05 09:06:40.977,0.78352,0.78364,2.25,2.25
2012.01.05 09:06:41.068,0.78352,0.7836,1.50,1.50
2012.01.05 09:06:41.213,0.78348,0.78357,2.48,2.63
2012.01.05 09:06:41.287,0.78342,0.78355,2.25,2.25
2012.01.05 09:06:41.367,0.7834,0.78355,2.25,3.00
2012.01.05 09:06:41.936,0.78341,0.78355,2.10,4.50
2012.01.05 09:06:42.296,0.78348,0.78355,1.50,2.25
2012.01.05 09:06:42.723,0.78348,0.78359,1.50,2.25
2012.01.05 09:06:42.805,0.78351,0.78362,1.50,2.25
2012.01.05 09:06:43.142,0.78352,0.78357,1.50,1.50
2012.01.05 09:06:43.272,0.78353,0.78362,1.50,2.25
2012.01.05 09:06:43.491,0.78347,0.78357,1.50,1.88
2012.01.05 09:06:43.572,0.7834,0.78355,1.13,2.25
2012.01.05 09:06:44.178,0.7834,0.78355,1.13,2.25
2012.01.05 09:06:44.853,0.78341,0.78356,1.50,3.00
2012.01.05 09:06:45.419,0.78341,0.78357,3.75,2.25
2012.01.05 09:06:46.312,0.78341,0.78355,3.00,2.25
2012.01.05 09:06:46.882,0.78344,0.78358,1.50,2.25
2012.01.05 09:06:47.021,0.78344,0.78358,1.50,2.25
2012.01.05 09:06:48.623,0.78344,0.78358,1.50,2.25
2012.01.05 09:06:49.124,0.78344,0.78358,1.50,2.25
2012.01.05 09:06:51.973,0.78344,0.78358,1.50,2.25
2012.01.05 09:06:52.405,0.78344,0.78358,1.50,2.25
2012.01.05 09:06:52.901,0.78344,0.78358,1.50,3.00
2012.01.05 09:06:55.132,0.78344,0.78358,1.50,3.00
2012.01.05 09:06:56.213,0.78344,0.78358,1.50,1.50
2012.01.05 09:06:58.011,0.78345,0.7836,2.25,3.75
2012.01.05 09:06:58.555,0.78345,0.7836,2.25,3.75
2012.01.05 09:06:59.719,0.78345,0.7836,2.25,3.75
2012.01.05 09:06:59.921,0.78345,0.7836,2.25,3.75
2012.01.05 09:07:00.737,0.78345,0.78359,2.25,1.50
2012.01.05 09:07:06.631,0.78344,0.78359,1.50,3.00
2012.01.05 09:07:06.973,0.78347,0.7836,1.50,3.00
2012.01.05 09:07:07.045,0.78347,0.7836,1.50,3.00
2012.01.05 09:07:07.462,0.78345,0.7836,2.25,3.00
2012.01.05 09:07:08.262,0.78346,0.7836,1.50,3.75
2012.01.05 09:07:08.776,0.78347,0.7836,1.50,3.75
2012.01.05 09:07:09.346,0.78346,0.78362,1.50,2.25
2012.01.05 09:07:09.833,0.78344,0.7836,1.50,2.25
2012.01.05 09:07:10.046,0.78344,0.7836,1.50,2.25
2012.01.05 09:07:10.608,0.78343,0.78361,5.63,2.25
2012.01.05 09:07:10.756,0.78343,0.78361,5.63,2.25
2012.01.05 09:07:11.907,0.78343,0.78361,5.63,2.25
2012.01.05 09:07:12.641,0.78343,0.78359,6.00,2.25
2012.01.05 09:07:14.715,0.78343,0.78359,6.00,2.25
2012.01.05 09:07:20.083,0.78343,0.78359,6.75,2.25
2012.01.05 09:07:20.155,0.78347,0.78361,1.50,2.25
2012.01.05 09:07:20.345,0.78345,0.78361,3.38,2.25
2012.01.05 09:07:20.664,0.7835,0.78368,1.50,2.33
2012.01.05 09:07:21.205,0.78351,0.78367,1.50,2.33
2012.01.05 09:07:21.404,0.78349,0.78365,1.50,2.25
2012.01.05 09:07:21.723,0.78352,0.78363,1.50,2.63
2012.01.05 09:07:22.074,0.78348,0.7836,1.50,3.00
2012.01.05 09:07:22.283,0.78346,0.7836,3.00,3.00
2012.01.05 09:07:23.083,0.78346,0.7836,3.00,3.00
2012.01.05 09:07:23.294,0.78346,0.7836,3.00,3.00
2012.01.05 09:07:23.991,0.78348,0.7836,1.50,3.00
2012.01.05 09:07:24.824,0.78346,0.7836,1.50,3.00
2012.01.05 09:07:25.383,0.78345,0.7836,1.50,3.00
2012.01.05 09:07:25.511,0.78347,0.7836,1.50,3.00
2012.01.05 09:07:25.760,0.78345,0.7836,3.00,3.00
2012.01.05 09:07:31.031,0.78347,0.7836,1.50,3.00
2012.01.05 09:07:31.299,0.78345,0.7836,1.50,3.00
2012.01.05 09:07:32.753,0.78347,0.7836,1.50,3.00
2012.01.05 09:07:33.684,0.78346,0.7836,1.50,3.00
2012.01.05 09:07:34.204,0.78347,0.7836,1.50,3.00
2012.01.05 09:07:34.272,0.78347,0.7836,1.50,3.00
2012.01.05 09:07:34.931,0.78352,0.78363,1.50,2.63
2012.01.05 09:07:35.497,0.78352,0.7836,1.50,2.25
2012.01.05 09:07:35.587,0.78355,0.7837,1.50,1.21
2012.01.05 09:07:35.733,0.78358,0.78372,1.50,1.13
2012.01.05 09:07:35.804,0.78358,0.78375,1.50,1.58
2012.01.05 09:07:36.312,0.78357,0.78375,3.00,2.25
2012.01.05 09:07:36.383,0.7836,0.78376,1.50,2.70
2012.01.05 09:07:37.977,0.78357,0.78373,1.50,2.63
2012.01.05 09:07:38.414,0.78355,0.78371,1.50,3.00
2012.01.05 09:07:39.737,0.78355,0.78371,1.50,3.00
2012.01.05 09:07:40.264,0.78354,0.78371,1.50,3.00
2012.01.05 09:07:41.309,0.78355,0.78371,1.50,3.00
2012.01.05 09:07:41.861,0.78356,0.78371,1.50,3.00
2012.01.05 09:07:42.459,0.78356,0.78371,1.50,3.00
2012.01.05 09:07:43.503,0.78355,0.78371,1.50,3.00
2012.01.05 09:07:44.146,0.78354,0.78371,1.50,3.00
2012.01.05 09:07:44.703,0.78355,0.78371,1.50,3.00
2012.01.05 09:07:45.883,0.78354,0.78371,1.50,3.00
2012.01.05 09:07:48.899,0.78353,0.78367,1.50,2.63
2012.01.05 09:07:49.184,0.78351,0.78367,3.00,6.38
2012.01.05 09:07:49.252,0.78351,0.78367,1.50,6.38
2012.01.05 09:07:49.641,0.78352,0.78367,1.50,4.88
2012.01.05 09:07:50.578,0.7835,0.78367,1.50,4.88
2012.01.05 09:07:50.721,0.78352,0.78367,1.50,4.88
2012.01.05 09:07:51.727,0.78348,0.78365,1.50,1.50
2012.01.05 09:07:51.947,0.78346,0.78364,1.50,2.25
2012.01.05 09:07:52.412,0.78349,0.78365,1.50,2.25
2012.01.05 09:07:52.552,0.78347,0.78365,1.50,2.25
2012.01.05 09:07:52.625,0.78349,0.78365,1.50,2.25
2012.01.05 09:07:52.962,0.78345,0.78363,2.25,2.25
2012.01.05 09:07:53.387,0.78345,0.78363,2.25,2.25
2012.01.05 09:07:54.174,0.78349,0.78365,1.50,2.25
2012.01.05 09:07:54.254,0.78349,0.78365,2.25,1.50
2012.01.05 09:07:54.466,0.7835,0.78365,2.25,2.25
2012.01.05 09:07:54.817,0.78355,0.78367,1.50,4.88
2012.01.05 09:07:54.901,0.7835,0.78367,1.50,4.88
2012.01.05 09:07:55.118,0.78354,0.78371,1.50,3.60
2012.01.05 09:07:55.475,0.78356,0.78371,1.50,3.00
2012.01.05 09:07:55.972,0.78354,0.78371,1.50,3.00
2012.01.05 09:07:56.398,0.78351,0.78369,1.50,2.25
2012.01.05 09:07:56.551,0.7835,0.78368,3.75,2.25
2012.01.05 09:07:56.977,0.78352,0.78367,1.50,2.63
2012.01.05 09:07:57.536,0.78348,0.78366,1.50,2.25
2012.01.05 09:07:57.610,0.7835,0.78367,1.50,2.63
2012.01.05 09:07:58.274,0.7835,0.78367,1.50,2.63
2012.01.05 09:07:58.559,0.78348,0.78366,2.25,2.25
2012.01.05 09:07:58.642,0.78351,0.78367,1.50,4.13
2012.01.05 09:07:59.000,0.78355,0.78368,1.50,3.00
2012.01.05 09:07:59.554,0.78355,0.7837,1.50,3.00
2012.01.05 09:08:01.323,0.78356,0.7837,1.50,3.00
2012.01.05 09:08:01.866,0.78356,0.7837,1.50,3.00
2012.01.05 09:08:02.326,0.78352,0.7837,1.88,5.25
2012.01.05 09:08:02.873,0.78351,0.78367,1.50,2.25
2012.01.05 09:08:03.015,0.78353,0.78368,1.50,4.88
2012.01.05 09:08:03.143,0.78348,0.78364,2.25,1.50
2012.01.05 09:08:03.282,0.78345,0.78363,1.50,2.25
2012.01.05 09:08:03.704,0.78347,0.78364,1.50,2.25
2012.01.05 09:08:10.257,0.78347,0.78363,1.50,2.25
2012.01.05 09:08:10.721,0.78345,0.78363,2.25,2.25
2012.01.05 09:08:11.700,0.78346,0.78364,2.25,2.25
2012.01.05 09:08:12.600,0.78347,0.78365,1.50,2.25
2012.01.05 09:08:14.120,0.78345,0.78363,2.25,2.25
2012.01.05 09:08:17.955,0.78345,0.78363,2.25,2.25
2012.01.05 09:08:18.483,0.78351,0.78367,1.50,1.13
2012.01.05 09:08:18.562,0.7835,0.78366,1.50,2.25
2012.01.05 09:08:19.968,0.7835,0.78366,2.25,2.25
2012.01.05 09:08:20.667,0.78352,0.78368,4.50,2.25
2012.01.05 09:08:20.882,0.78352,0.78368,3.00,2.25
2012.01.05 09:08:21.031,0.78352,0.78368,3.00,2.25
2012.01.05 09:08:21.246,0.78352,0.78369,3.00,2.25
2012.01.05 09:08:21.510,0.78352,0.78369,3.00,2.25
2012.01.05 09:08:23.345,0.78352,0.78369,2.25,2.25
2012.01.05 09:08:23.904,0.78352,0.78368,4.50,2.25
2012.01.05 09:08:25.044,0.78352,0.78368,3.75,2.25
2012.01.05 09:08:25.363,0.78352,0.78368,3.75,2.25
2012.01.05 09:08:25.742,0.78353,0.78368,1.28,1.50
2012.01.05 09:08:26.064,0.78354,0.7837,1.28,1.50
2012.01.05 09:08:26.572,0.78354,0.7837,2.78,2.25
2012.01.05 09:08:27.527,0.78354,0.7837,2.03,2.25
2012.01.05 09:08:28.641,0.78354,0.7837,1.28,2.25
2012.01.05 09:08:29.992,0.78353,0.78371,2.32,3.00
2012.01.05 09:08:30.201,0.78352,0.78364,2.63,1.50
2012.01.05 09:08:30.795,0.78348,0.78366,1.50,2.25
2012.01.05 09:08:30.992,0.78348,0.78361,1.50,1.50
2012.01.05 09:08:31.122,0.78345,0.7836,1.50,1.50
2012.01.05 09:08:31.777,0.78345,0.78361,3.00,1.50
2012.01.05 09:08:32.932,0.78347,0.78361,1.88,1.50
2012.01.05 09:08:33.005,0.78353,0.78361,2.25,1.50
2012.01.05 09:08:33.077,0.78353,0.78368,2.25,2.63
2012.01.05 09:08:36.706,0.78351,0.78367,1.50,2.25
2012.01.05 09:08:37.231,0.78352,0.78368,1.50,1.13
2012.01.05 09:08:37.703,0.78352,0.78368,1.50,1.13
2012.01.05 09:08:38.463,0.78354,0.78368,1.50,1.13
2012.01.05 09:08:38.682,0.78352,0.78368,1.50,1.13
2012.01.05 09:08:38.845,0.78352,0.78368,1.50,1.13
2012.01.05 09:08:39.426,0.78351,0.78368,3.00,1.13
2012.01.05 09:08:40.052,0.78353,0.78368,1.50,1.13
2012.01.05 09:08:41.052,0.78351,0.78367,2.25,2.25
2012.01.05 09:08:41.660,0.78352,0.78368,1.50,2.63
2012.01.05 09:08:42.016,0.78354,0.78368,1.50,1.13
2012.01.05 09:08:42.142,0.78352,0.78368,1.50,1.13
2012.01.05 09:08:45.591,0.78352,0.78368,1.50,1.13
2012.01.05 09:08:46.235,0.78351,0.78367,2.25,2.25
2012.01.05 09:08:47.056,0.78352,0.78368,1.50,2.63
2012.01.05 09:08:47.194,0.78354,0.78368,2.25,1.13
2012.01.05 09:08:47.545,0.78354,0.78368,2.25,1.13
2012.01.05 09:08:47.686,0.78354,0.78368,2.25,1.13
2012.01.05 09:08:48.224,0.78354,0.78368,2.25,1.13
2012.01.05 09:08:48.671,0.78354,0.78368,2.25,1.13
2012.01.05 09:08:51.863,0.78355,0.78371,2.25,4.50
2012.01.05 09:08:52.766,0.78354,0.78371,2.25,3.00
2012.01.05 09:08:52.905,0.78355,0.78372,1.13,2.25
2012.01.05 09:08:53.043,0.78357,0.78373,1.50,2.25
2012.01.05 09:08:53.592,0.78358,0.78374,1.50,2.25
2012.01.05 09:08:54.318,0.78359,0.78377,1.50,4.50
2012.01.05 09:08:54.545,0.78359,0.78377,2.25,3.75
2012.01.05 09:08:54.963,0.78359,0.78372,1.50,1.50
2012.01.05 09:08:55.528,0.78359,0.78374,3.00,2.25
2012.01.05 09:08:55.744,0.7836,0.78374,1.88,2.25
2012.01.05 09:08:56.185,0.78361,0.78379,1.50,2.25
2012.01.05 09:08:56.262,0.78361,0.78379,2.25,2.25
2012.01.05 09:08:56.727,0.78361,0.78379,2.25,2.25
2012.01.05 09:08:57.252,0.7836,0.78375,1.13,2.25
2012.01.05 09:08:58.563,0.78361,0.78377,3.00,2.25
2012.01.05 09:08:58.656,0.78364,0.7838,1.50,2.25
2012.01.05 09:08:59.576,0.78362,0.7838,3.00,2.25
2012.01.05 09:09:01.557,0.78362,0.78378,1.50,1.50
2012.01.05 09:09:05.472,0.78364,0.7838,1.50,2.25
2012.01.05 09:09:06.112,0.78363,0.78379,2.25,2.25
2012.01.05 09:09:06.821,0.78363,0.78379,2.25,2.25
2012.01.05 09:09:07.303,0.78363,0.7838,1.50,2.25
2012.01.05 09:09:09.772,0.78362,0.7838,3.00,2.25
2012.01.05 09:09:10.284,0.78364,0.7838,1.50,2.25
2012.01.05 09:09:10.415,0.78362,0.7838,2.25,2.25
2012.01.05 09:09:10.485,0.78362,0.7838,3.00,2.25
2012.01.05 09:09:10.623,0.78362,0.7838,2.25,2.25
2012.01.05 09:09:11.143,0.78359,0.78377,3.38,2.25
2012.01.05 09:09:13.872,0.78361,0.78377,1.50,2.25
2012.01.05 09:09:19.569,0.78358,0.78375,1.88,2.25
2012.01.05 09:09:19.718,0.78357,0.78375,1.50,2.25
2012.01.05 09:09:20.004,0.78362,0.78378,1.50,2.63
2012.01.05 09:09:20.134,0.78362,0.78378,1.50,2.25
2012.01.05 09:09:20.818,0.78358,0.78376,2.63,1.50
2012.01.05 09:09:21.785,0.78358,0.78376,2.63,1.50
2012.01.05 09:09:25.673,0.78364,0.7838,1.50,2.63
2012.01.05 09:09:25.816,0.78365,0.78383,1.50,3.00
2012.01.05 09:09:26.086,0.78367,0.78383,1.50,1.50
2012.01.05 09:09:26.494,0.78365,0.78383,2.25,3.00
2012.01.05 09:09:27.373,0.78365,0.78383,1.50,3.00
2012.01.05 09:09:27.517,0.78363,0.78381,2.25,2.25
2012.01.05 09:09:27.911,0.78365,0.78383,1.50,3.00
2012.01.05 09:09:31.133,0.78362,0.78377,1.13,1.50
2012.01.05 09:09:31.326,0.78367,0.78383,1.50,3.00
2012.01.05 09:09:31.853,0.78367,0.78383,1.50,2.25
2012.01.05 09:09:32.073,0.78367,0.78383,1.50,2.25
2012.01.05 09:09:33.048,0.78369,0.78386,1.50,1.58
2012.01.05 09:09:33.403,0.78371,0.78384,1.50,1.50
2012.01.05 09:09:33.905,0.7837,0.78384,1.50,1.50
2012.01.05 09:09:35.694,0.7837,0.78384,1.50,1.50
2012.01.05 09:09:36.253,0.78366,0.78384,2.25,3.00
2012.01.05 09:09:36.396,0.78366,0.78384,1.50,3.00
2012.01.05 09:09:36.885,0.78368,0.78384,1.50,3.00
2012.01.05 09:09:38.005,0.78369,0.78384,1.50,1.50
2012.01.05 09:09:38.504,0.78368,0.78384,1.50,3.00
2012.01.05 09:09:40.199,0.78366,0.78382,1.50,2.25
2012.01.05 09:09:40.293,0.78362,0.78376,1.13,1.50
2012.01.05 09:09:40.635,0.78362,0.78379,1.13,2.25
2012.01.05 09:09:40.706,0.78362,0.78379,1.13,2.25
2012.01.05 09:09:41.223,0.7836,0.78376,1.13,1.50
2012.01.05 09:09:42.390,0.78363,0.78376,1.13,1.50
2012.01.05 09:09:42.525,0.78363,0.78378,1.13,1.50
2012.01.05 09:09:43.074,0.7836,0.78378,2.63,2.25
2012.01.05 09:09:43.235,0.7836,0.78378,2.63,2.25
2012.01.05 09:09:43.522,0.78359,0.78377,3.75,4.50
2012.01.05 09:09:43.668,0.7836,0.78373,2.25,1.88
2012.01.05 09:09:44.101,0.78356,0.78373,2.25,2.63
2012.01.05 09:09:44.181,0.78356,0.7837,2.25,2.25
2012.01.05 09:09:44.683,0.78356,0.7837,1.50,3.00
2012.01.05 09:09:44.755,0.78351,0.78368,3.00,1.50
2012.01.05 09:09:44.826,0.78351,0.78368,3.00,2.25
2012.01.05 09:09:45.354,0.78351,0.78368,3.75,2.25
2012.01.05 09:09:45.708,0.78353,0.78369,1.50,2.25
2012.01.05 09:09:46.926,0.78353,0.78369,1.50,2.25
2012.01.05 09:09:48.047,0.78351,0.78367,3.75,2.25
2012.01.05 09:09:48.552,0.78351,0.78366,2.25,2.25
2012.01.05 09:09:49.093,0.78351,0.78367,3.75,3.00
2012.01.05 09:09:50.261,0.78345,0.7836,1.50,1.50
2012.01.05 09:09:50.659,0.78343,0.78355,1.35,1.50
2012.01.05 09:09:50.868,0.78343,0.78359,1.35,2.25
2012.01.05 09:09:51.385,0.78342,0.78359,5.48,2.25
2012.01.05 09:09:51.947,0.78346,0.78358,2.25,3.00
2012.01.05 09:09:52.293,0.78347,0.78362,1.50,1.50
2012.01.05 09:09:52.434,0.78345,0.78362,1.50,1.50
2012.01.05 09:09:52.775,0.78343,0.78358,2.85,2.25
2012.01.05 09:09:52.842,0.78343,0.78358,2.85,2.25
2012.01.05 09:09:52.915,0.78343,0.78354,2.85,1.50
2012.01.05 09:09:52.984,0.78343,0.78357,2.85,2.25
2012.01.05 09:09:54.688,0.78343,0.78357,2.25,2.33
2012.01.05 09:09:55.527,0.78342,0.78355,1.88,2.33
2012.01.05 09:09:56.058,0.78342,0.78355,4.13,2.33
2012.01.05 09:09:56.915,0.78348,0.78355,1.88,1.50
2012.01.05 09:09:57.123,0.7835,0.78361,2.25,2.25
2012.01.05 09:09:57.333,0.7835,0.78361,2.25,1.50
2012.01.05 09:09:57.896,0.7835,0.78365,2.25,2.25
2012.01.05 09:09:58.432,0.7835,0.78361,2.25,1.50
2012.01.05 09:09:58.956,0.7835,0.78364,2.25,2.25
2012.01.05 09:10:00.671,0.7835,0.78363,2.25,2.25
2012.01.05 09:10:01.384,0.7835,0.78365,2.25,2.48
2012.01.05 09:10:02.449,0.7835,0.78365,2.25,2.25
2012.01.05 09:10:06.202,0.7835,0.78362,2.25,2.25
2012.01.05 09:10:06.412,0.7835,0.78362,2.25,2.25
2012.01.05 09:10:07.706,0.7835,0.78363,2.25,2.25
2012.01.05 09:10:14.524,0.7835,0.78363,2.25,2.25
2012.01.05 09:10:14.736,0.7835,0.78362,2.25,2.25
2012.01.05 09:10:21.546,0.7835,0.78364,2.25,2.25
2012.01.05 09:10:24.063,0.7835,0.78363,2.25,2.25
2012.01.05 09:10:26.578,0.7835,0.78363,2.25,2.50
2012.01.05 09:10:26.939,0.7835,0.78357,2.25,1.09
2012.01.05 09:10:27.500,0.78347,0.78357,1.88,1.09
2012.01.05 09:10:27.588,0.78345,0.78361,2.25,2.25
2012.01.05 09:10:27.673,0.78345,0.78361,2.25,2.25
2012.01.05 09:10:28.236,0.78345,0.78361,2.25,2.25
2012.01.05 09:10:28.965,0.78347,0.78361,1.88,2.25
2012.01.05 09:10:29.304,0.7835,0.78361,2.25,2.25
2012.01.05 09:10:31.647,0.7835,0.78363,2.25,2.25
2012.01.05 09:10:32.734,0.7835,0.78363,2.25,2.25
2012.01.05 09:10:33.143,0.7835,0.78363,2.25,2.25
2012.01.05 09:10:34.043,0.7835,0.78364,2.25,2.25
2012.01.05 09:10:34.914,0.7835,0.78364,2.25,2.25
2012.01.05 09:10:35.753,0.7835,0.78364,2.25,2.25
2012.01.05 09:10:36.231,0.7835,0.78364,2.25,2.25
2012.01.05 09:10:37.384,0.7835,0.78362,2.25,2.25
2012.01.05 09:10:37.655,0.7835,0.78363,2.25,2.25
2012.01.05 09:10:38.942,0.7835,0.78363,2.25,2.25
2012.01.05 09:10:39.161,0.78343,0.78355,3.00,1.50
2012.01.05 09:10:39.241,0.78343,0.78357,3.00,1.50
2012.01.05 09:10:39.313,0.78345,0.78357,1.50,1.50
2012.01.05 09:10:39.388,0.78345,0.78359,1.50,1.50
2012.01.05 09:10:39.683,0.78348,0.78364,3.38,2.25
2012.01.05 09:10:40.299,0.7835,0.78365,2.25,3.00
2012.01.05 09:10:40.821,0.7835,0.78365,2.25,3.00
2012.01.05 09:10:42.393,0.78352,0.78368,1.50,4.13
2012.01.05 09:10:42.993,0.78352,0.78368,1.50,2.25
2012.01.05 09:10:43.595,0.7835,0.78368,4.50,2.25
2012.01.05 09:10:44.239,0.7835,0.78368,4.50,2.25
2012.01.05 09:10:44.734,0.78351,0.78369,2.25,4.50
2012.01.05 09:10:48.003,0.7835,0.78364,3.00,2.25
2012.01.05 09:10:49.265,0.7835,0.78363,2.25,2.25
2012.01.05 09:10:50.119,0.78345,0.78363,1.50,2.63
2012.01.05 09:10:50.197,0.78345,0.78363,1.50,2.63
2012.01.05 09:10:50.268,0.78343,0.78358,3.75,2.25
2012.01.05 09:10:50.774,0.78343,0.78354,2.63,1.50
2012.01.05 09:10:51.270,0.78343,0.78356,2.25,1.13
2012.01.05 09:10:51.416,0.78336,0.78352,2.25,2.25
2012.01.05 09:10:51.556,0.78336,0.78352,1.50,2.25
2012.01.05 09:10:52.102,0.78337,0.78352,1.50,2.25
2012.01.05 09:10:52.538,0.7834,0.78352,1.88,2.25
2012.01.05 09:10:52.627,0.78349,0.78358,2.25,1.50
2012.01.05 09:10:52.707,0.78349,0.78367,3.75,2.25
2012.01.05 09:10:52.785,0.78349,0.78367,3.75,3.00
2012.01.05 09:10:52.913,0.78347,0.78365,1.50,4.50
2012.01.05 09:10:52.982,0.78347,0.78365,1.50,4.50
2012.01.05 09:10:53.124,0.78349,0.78365,1.50,4.50
2012.01.05 09:10:53.195,0.78347,0.78363,1.50,2.25
2012.01.05 09:10:53.453,0.78345,0.78363,3.00,2.25
2012.01.05 09:10:54.151,0.78345,0.78363,2.25,2.25
2012.01.05 09:10:54.791,0.78347,0.78363,2.25,2.25
2012.01.05 09:10:55.673,0.78344,0.78362,5.63,2.25
2012.01.05 09:10:55.742,0.78344,0.78362,3.75,2.25
2012.01.05 09:10:59.026,0.78347,0.78363,1.50,2.25
2012.01.05 09:11:00.562,0.78346,0.78362,2.25,2.25
2012.01.05 09:11:01.190,0.78347,0.78363,1.50,2.25
2012.01.05 09:11:01.734,0.78345,0.78363,2.25,2.25
2012.01.05 09:11:02.426,0.78347,0.78363,1.50,2.25
2012.01.05 09:11:06.079,0.78347,0.78359,1.50,3.75
2012.01.05 09:11:06.166,0.78341,0.78357,3.00,2.25
2012.01.05 09:11:06.643,0.78344,0.78359,1.50,3.00
2012.01.05 09:11:07.185,0.78343,0.78359,1.50,4.50
2012.01.05 09:11:07.961,0.7834,0.78358,4.88,2.25
2012.01.05 09:11:08.268,0.7834,0.78358,4.88,2.25
2012.01.05 09:11:08.388,0.7834,0.78358,4.88,2.25
2012.01.05 09:11:11.035,0.78344,0.78359,1.50,3.00
2012.01.05 09:11:11.250,0.78342,0.78358,3.00,2.25
2012.01.05 09:11:11.403,0.78344,0.78359,1.50,3.00
2012.01.05 09:11:11.477,0.78342,0.78359,1.50,3.00
2012.01.05 09:11:12.233,0.78341,0.78359,2.25,4.50
2012.01.05 09:11:12.773,0.78341,0.78359,2.25,4.50
2012.01.05 09:11:13.414,0.7834,0.78358,3.75,2.25
2012.01.05 09:11:14.487,0.78342,0.78358,1.50,2.25
2012.01.05 09:11:14.991,0.78342,0.78358,1.50,2.25
2012.01.05 09:11:15.524,0.78343,0.78359,1.50,3.00
2012.01.05 09:11:19.734,0.78341,0.78359,2.25,4.50
2012.01.05 09:11:21.633,0.7834,0.78358,3.75,2.25
2012.01.05 09:11:22.179,0.7834,0.78355,2.25,1.50
2012.01.05 09:11:22.458,0.78341,0.78357,2.25,2.25
2012.01.05 09:11:23.526,0.78341,0.78357,1.50,2.25
2012.01.05 09:11:24.075,0.7834,0.78354,2.25,2.25
2012.01.05 09:11:30.385,0.7834,0.78356,2.25,2.33
2012.01.05 09:11:30.849,0.7834,0.78355,2.25,2.33
2012.01.05 09:11:31.047,0.7834,0.78355,2.25,2.33
2012.01.05 09:11:31.774,0.78341,0.78357,1.50,2.33
2012.01.05 09:11:32.312,0.7834,0.78353,2.25,2.25
2012.01.05 09:11:35.198,0.7834,0.78355,2.25,2.25
2012.01.05 09:11:36.053,0.7834,0.78352,2.25,1.50
2012.01.05 09:11:36.263,0.7834,0.78352,2.25,2.25
2012.01.05 09:11:36.823,0.7834,0.78355,2.25,2.25
2012.01.05 09:11:37.661,0.7834,0.78354,2.25,2.25
2012.01.05 09:11:39.670,0.78333,0.78341,1.24,1.50
2012.01.05 09:11:39.972,0.7833,0.78339,1.88,1.50
2012.01.05 09:11:40.049,0.7833,0.78339,1.88,2.25
2012.01.05 09:11:40.533,0.78324,0.78339,1.13,2.25
2012.01.05 09:11:43.008,0.78325,0.78338,1.13,2.25
2012.01.05 09:11:43.568,0.78333,0.7834,1.88,2.25
2012.01.05 09:11:43.659,0.78333,0.78345,1.88,2.25
2012.01.05 09:11:44.189,0.78333,0.78343,1.88,2.25
2012.01.05 09:11:45.444,0.78333,0.78344,1.88,2.25
2012.01.05 09:11:46.522,0.78333,0.78344,1.88,2.25
2012.01.05 09:11:47.028,0.78333,0.78343,1.88,2.25
2012.01.05 09:11:51.779,0.78333,0.78345,1.88,2.25
2012.01.05 09:11:52.872,0.78333,0.78346,2.63,2.25
2012.01.05 09:11:55.499,0.78333,0.78346,2.63,2.25
2012.01.05 09:11:56.035,0.78333,0.78347,2.63,2.25
2012.01.05 09:11:56.556,0.78333,0.78346,2.63,2.25
2012.01.05 09:11:57.098,0.78333,0.78345,2.63,2.25
2012.01.05 09:11:57.173,0.78333,0.78349,2.63,2.25
2012.01.05 09:11:57.852,0.78333,0.78345,2.63,2.25
2012.01.05 09:11:58.413,0.78333,0.78345,2.63,2.25
2012.01.05 09:11:58.485,0.78333,0.78345,2.63,2.25
2012.01.05 09:11:58.992,0.78333,0.78347,2.63,2.25
2012.01.05 09:12:01.192,0.78333,0.78347,2.63,2.25
2012.01.05 09:12:03.224,0.78333,0.78345,2.63,2.25
2012.01.05 09:12:05.352,0.78333,0.78349,4.13,2.25
2012.01.05 09:12:06.399,0.78333,0.7835,2.63,3.00
2012.01.05 09:12:06.483,0.78333,0.7835,2.63,3.00
2012.01.05 09:12:06.766,0.78333,0.78347,1.88,2.25
2012.01.05 09:12:07.311,0.78332,0.78348,1.50,2.25
2012.01.05 09:12:08.109,0.78332,0.78348,2.25,2.25
2012.01.05 09:12:08.948,0.7833,0.78348,1.50,2.25
2012.01.05 09:12:09.453,0.78332,0.78348,1.50,2.25
2012.01.05 09:12:10.299,0.78332,0.78348,2.25,2.25
2012.01.05 09:12:10.785,0.78332,0.78348,2.25,2.63
2012.01.05 09:12:11.140,0.7833,0.78346,2.37,2.25
2012.01.05 09:12:12.022,0.78331,0.78348,2.25,1.13
2012.01.05 09:12:12.109,0.78337,0.78353,1.50,1.50
2012.01.05 09:12:12.194,0.78337,0.78353,1.50,1.50
2012.01.05 09:12:12.268,0.78339,0.78353,1.50,1.50
2012.01.05 09:12:12.347,0.78339,0.78353,1.50,1.50
2012.01.05 09:12:12.630,0.78334,0.7835,2.25,2.25
2012.01.05 09:12:12.984,0.78333,0.78349,2.25,4.50
2012.01.05 09:12:13.823,0.78333,0.78349,2.25,4.50
2012.01.05 09:12:13.904,0.78335,0.78349,2.25,3.00
2012.01.05 09:12:14.540,0.78334,0.78349,1.50,3.00
2012.01.05 09:12:15.385,0.7833,0.78347,5.25,1.13
2012.01.05 09:12:16.284,0.7833,0.78347,4.50,1.13
2012.01.05 09:12:17.014,0.7833,0.78347,4.50,1.13
2012.01.05 09:12:18.297,0.78331,0.78347,2.25,1.13
2012.01.05 09:12:21.938,0.78331,0.78348,1.50,1.13
2012.01.05 09:12:22.017,0.78331,0.78348,2.25,1.13
2012.01.05 09:12:22.670,0.78331,0.78347,2.25,2.25
2012.01.05 09:12:23.996,0.78333,0.78348,1.50,1.13
2012.01.05 09:12:24.068,0.7833,0.78348,3.75,2.63
2012.01.05 09:12:24.568,0.7833,0.78341,2.25,1.13
2012.01.05 09:12:24.652,0.78323,0.78339,2.25,1.50
2012.01.05 09:12:25.147,0.78323,0.78339,1.50,2.25
2012.01.05 09:12:25.511,0.78327,0.7834,1.50,1.13
2012.01.05 09:12:25.596,0.7832,0.78336,1.50,2.25
2012.01.05 09:12:26.138,0.78317,0.78333,2.74,2.25
2012.01.05 09:12:26.502,0.78317,0.78331,2.25,1.35
2012.01.05 09:12:27.548,0.78313,0.78329,2.63,2.25
2012.01.05 09:12:27.838,0.78315,0.78331,1.50,2.25
2012.01.05 09:12:28.185,0.78314,0.78332,2.25,2.25
2012.01.05 09:12:28.259,0.78314,0.78332,2.25,2.25
2012.01.05 09:12:29.734,0.78315,0.78333,2.25,2.63
2012.01.05 09:12:30.083,0.78315,0.78331,2.25,2.25
2012.01.05 09:12:32.395,0.78317,0.78333,2.25,2.63
2012.01.05 09:12:32.750,0.7832,0.78333,2.25,1.13
2012.01.05 09:12:32.900,0.7832,0.78333,2.25,1.13
2012.01.05 09:12:33.335,0.78318,0.78334,2.25,1.13
2012.01.05 09:12:33.876,0.7832,0.78336,2.25,2.25
2012.01.05 09:12:34.357,0.78318,0.78334,3.00,1.13
2012.01.05 09:12:34.422,0.78318,0.78334,3.00,1.13
2012.01.05 09:12:35.017,0.7832,0.78336,2.25,2.25
2012.01.05 09:12:35.105,0.78322,0.78338,2.25,7.13
2012.01.05 09:12:35.668,0.78321,0.78338,2.25,5.63
2012.01.05 09:12:36.104,0.78321,0.78337,2.25,2.25
2012.01.05 09:12:36.761,0.78321,0.78337,2.25,2.25
2012.01.05 09:12:37.083,0.78321,0.78335,2.25,1.13
2012.01.05 09:12:37.432,0.78319,0.78335,3.00,2.63
2012.01.05 09:12:37.952,0.7832,0.78335,1.50,1.13
2012.01.05 09:12:38.462,0.78319,0.78335,2.25,2.25
2012.01.05 09:12:38.994,0.78315,0.78333,3.00,2.25
2012.01.05 09:12:40.293,0.78316,0.78332,2.25,2.25
2012.01.05 09:12:40.439,0.78316,0.78333,2.25,1.13
2012.01.05 09:12:40.723,0.78318,0.78335,2.25,1.13
2012.01.05 09:12:41.352,0.78316,0.78332,2.25,1.13
2012.01.05 09:12:41.735,0.78316,0.78332,3.00,1.13
2012.01.05 09:12:43.139,0.78316,0.78332,3.00,2.63
2012.01.05 09:12:44.068,0.78323,0.78333,1.80,1.13
2012.01.05 09:12:44.212,0.78325,0.78338,1.50,5.63
2012.01.05 09:12:44.516,0.78323,0.78338,1.80,5.63
2012.01.05 09:12:44.588,0.78325,0.78338,1.50,5.63
2012.01.05 09:12:45.234,0.78324,0.78338,1.80,5.63
2012.01.05 09:12:47.760,0.78325,0.78338,1.50,5.63
2012.01.05 09:12:48.857,0.78324,0.78338,1.80,5.63
2012.01.05 09:12:49.188,0.78324,0.78338,2.55,5.63
2012.01.05 09:12:49.740,0.78325,0.78338,2.25,3.75
2012.01.05 09:12:50.098,0.78328,0.78343,4.13,1.21
2012.01.05 09:12:50.668,0.78332,0.78347,2.25,1.13
2012.01.05 09:12:51.335,0.78334,0.78349,2.25,1.13
2012.01.05 09:12:51.583,0.78334,0.7835,2.55,4.88
2012.01.05 09:12:57.266,0.78333,0.78349,2.55,2.25
2012.01.05 09:12:57.752,0.78333,0.78349,2.55,2.25
2012.01.05 09:12:58.713,0.78332,0.7835,1.92,4.88
2012.01.05 09:12:59.265,0.78332,0.78348,2.21,2.25
2012.01.05 09:13:00.840,0.78329,0.78346,2.25,2.25
2012.01.05 09:13:01.272,0.78329,0.78346,2.25,2.48
2012.01.05 09:13:01.919,0.78329,0.78346,2.25,2.48
2012.01.05 09:13:02.252,0.78329,0.78346,2.25,2.48
2012.01.05 09:13:02.561,0.78329,0.78344,3.00,2.25
2012.01.05 09:13:03.156,0.78329,0.78342,3.00,1.50
2012.01.05 09:13:03.885,0.78326,0.78342,3.00,3.83
2012.01.05 09:13:03.966,0.7832,0.78335,1.13,2.25
2012.01.05 09:13:04.238,0.7832,0.78336,2.63,2.25
2012.01.05 09:13:05.892,0.78321,0.78336,1.50,2.25
2012.01.05 09:13:06.733,0.7832,0.78334,1.13,2.25
2012.01.05 09:13:07.282,0.7832,0.78334,1.88,1.50
2012.01.05 09:13:08.443,0.7832,0.78336,3.38,1.50
2012.01.05 09:13:09.642,0.7832,0.78336,1.88,1.50
2012.01.05 09:13:11.393,0.78321,0.78337,1.50,2.25
2012.01.05 09:13:12.293,0.78321,0.78336,1.50,1.50
2012.01.05 09:13:12.364,0.78321,0.78336,1.50,2.25
2012.01.05 09:13:12.851,0.78316,0.78333,2.63,2.25
2012.01.05 09:13:13.001,0.78316,0.7833,2.63,1.50
2012.01.05 09:13:13.077,0.78316,0.78334,4.13,2.25
2012.01.05 09:13:13.213,0.78316,0.78334,4.13,2.25
2012.01.05 09:13:13.616,0.78316,0.78333,3.75,2.63
2012.01.05 09:13:13.969,0.78315,0.78332,1.50,2.25
2012.01.05 09:13:14.536,0.78316,0.78333,1.50,2.25
2012.01.05 09:13:15.081,0.78318,0.78336,1.50,2.78
2012.01.05 09:13:15.438,0.78314,0.78325,1.50,1.50
2012.01.05 09:13:16.005,0.78307,0.78315,1.50,1.50
2012.01.05 09:13:16.085,0.78302,0.78314,1.13,2.25
2012.01.05 09:13:16.344,0.78301,0.78314,1.13,2.25
2012.01.05 09:13:18.530,0.78302,0.78315,1.13,2.25
2012.01.05 09:13:18.854,0.78302,0.78317,5.25,2.25
2012.01.05 09:13:18.983,0.78302,0.78317,6.00,1.50
2012.01.05 09:13:19.260,0.78302,0.78319,4.50,1.13
2012.01.05 09:13:19.339,0.78302,0.78316,3.00,1.50
2012.01.05 09:13:19.697,0.78299,0.78312,1.88,1.50
2012.01.05 09:13:19.973,0.78299,0.78314,1.13,1.50
2012.01.05 09:13:21.348,0.78299,0.78314,1.13,1.50
2012.01.05 09:13:21.925,0.78299,0.78314,1.13,1.50
2012.01.05 09:13:22.697,0.78301,0.78318,2.25,2.25
2012.01.05 09:13:22.913,0.78301,0.78315,1.50,1.50
2012.01.05 09:13:24.342,0.78301,0.78316,1.50,1.50
2012.01.05 09:13:24.636,0.78305,0.78323,2.25,2.25
2012.01.05 09:13:24.842,0.78307,0.78323,1.50,2.25
2012.01.05 09:13:25.123,0.78308,0.78324,1.50,2.25
2012.01.05 09:13:25.469,0.78306,0.78322,1.50,1.50
2012.01.05 09:13:26.044,0.78308,0.78324,2.25,3.75
2012.01.05 09:13:26.127,0.78308,0.78324,3.00,1.50
2012.01.05 09:13:26.265,0.78308,0.78324,2.25,1.50
2012.01.05 09:13:26.579,0.78307,0.78323,2.25,1.88
2012.01.05 09:13:27.314,0.78306,0.78321,1.50,1.50
2012.01.05 09:13:28.220,0.78306,0.78323,3.00,1.88
2012.01.05 09:13:28.768,0.78307,0.78324,1.50,1.50
2012.01.05 09:13:28.986,0.78308,0.78325,1.50,2.25
2012.01.05 09:13:29.339,0.78315,0.78327,1.50,2.25
2012.01.05 09:13:29.491,0.78317,0.78334,1.50,3.75
2012.01.05 09:13:29.706,0.78317,0.78332,1.50,1.50
2012.01.05 09:13:30.225,0.78317,0.78332,2.25,1.50
2012.01.05 09:13:30.762,0.78318,0.78332,2.25,1.50
2012.01.05 09:13:33.894,0.78316,0.78332,3.00,1.50
2012.01.05 09:13:35.858,0.78319,0.78332,1.50,1.50
2012.01.05 09:13:40.239,0.78319,0.78332,1.50,1.13
2012.01.05 09:13:43.302,0.78319,0.78332,1.50,1.13
2012.01.05 09:13:44.684,0.78315,0.78331,1.50,2.25
2012.01.05 09:13:45.216,0.78315,0.78331,3.00,2.25
2012.01.05 09:13:51.034,0.78315,0.78331,1.50,2.25
2012.01.05 09:13:54.861,0.78316,0.78332,2.25,1.13
2012.01.05 09:13:55.134,0.78316,0.78332,2.25,1.13
2012.01.05 09:14:00.004,0.78316,0.78332,2.25,1.13
2012.01.05 09:14:00.814,0.78318,0.78332,1.50,1.13
2012.01.05 09:14:01.093,0.78318,0.78332,1.50,1.13
2012.01.05 09:14:01.628,0.78318,0.78332,1.50,1.13
2012.01.05 09:14:02.997,0.78316,0.78332,2.25,1.13
2012.01.05 09:14:03.853,0.78316,0.78332,2.25,1.13
2012.01.05 09:14:04.308,0.78316,0.78332,2.25,2.63
2012.01.05 09:14:04.845,0.78316,0.78332,2.25,1.13
2012.01.05 09:14:05.733,0.78316,0.78332,3.00,1.13
2012.01.05 09:14:05.959,0.78316,0.78333,1.50,2.63
2012.01.05 09:14:06.591,0.78319,0.78333,1.50,1.13
2012.01.05 09:14:06.889,0.78327,0.78339,1.50,1.13
2012.01.05 09:14:07.066,0.78325,0.78339,3.00,1.13
2012.01.05 09:14:07.574,0.78325,0.78339,1.50,1.13
2012.01.05 09:14:08.473,0.78323,0.78339,1.50,1.13
2012.01.05 09:14:08.546,0.78323,0.78339,1.50,1.13
2012.01.05 09:14:08.862,0.78325,0.78339,1.50,1.13
2012.01.05 09:14:08.932,0.78325,0.78339,1.50,1.13
2012.01.05 09:14:09.459,0.78325,0.78339,2.25,1.13
2012.01.05 09:14:09.963,0.78325,0.78339,1.50,1.13
2012.01.05 09:14:10.033,0.78327,0.78339,1.50,1.13
2012.01.05 09:14:10.858,0.78325,0.78343,1.50,3.00
2012.01.05 09:14:10.941,0.78328,0.78343,1.50,1.50
2012.01.05 09:14:11.556,0.78326,0.78342,1.50,2.25
2012.01.05 09:14:13.643,0.78326,0.78343,1.50,1.50
2012.01.05 09:14:14.076,0.78325,0.78343,1.50,3.00
2012.01.05 09:14:14.854,0.78327,0.78343,1.50,3.00
2012.01.05 09:14:14.921,0.78325,0.78343,1.50,3.00
2012.01.05 09:14:15.243,0.78329,0.78343,1.50,1.50
2012.01.05 09:14:17.570,0.78327,0.78343,1.50,1.50
2012.01.05 09:14:17.924,0.78323,0.78339,1.50,2.25
2012.01.05 09:14:18.434,0.78324,0.78342,1.50,2.25
2012.01.05 09:14:18.635,0.78324,0.78342,1.50,2.25
2012.01.05 09:14:19.654,0.78327,0.78343,1.50,3.00
2012.01.05 09:14:20.012,0.78329,0.78343,1.50,1.50
2012.01.05 09:14:20.288,0.78329,0.78343,1.50,1.50
2012.01.05 09:14:20.917,0.78333,0.78344,1.50,1.13
2012.01.05 09:14:20.998,0.78333,0.78344,1.50,1.13
2012.01.05 09:14:21.218,0.78334,0.78345,1.50,1.13
2012.01.05 09:14:21.357,0.78332,0.78345,3.00,1.13
2012.01.05 09:14:21.694,0.78334,0.78345,1.50,1.13
2012.01.05 09:14:23.379,0.78334,0.78346,1.50,1.13
2012.01.05 09:14:23.939,0.78335,0.78347,1.50,1.88
2012.01.05 09:14:24.146,0.78335,0.78345,1.50,1.13
2012.01.05 09:14:24.513,0.78335,0.78345,1.50,1.13
2012.01.05 09:14:24.654,0.78333,0.78345,1.50,1.13
2012.01.05 09:14:25.272,0.7833,0.78345,1.50,1.13
2012.01.05 09:14:25.811,0.78331,0.78345,1.50,1.88
2012.01.05 09:14:27.133,0.7833,0.78345,1.50,1.88
2012.01.05 09:14:27.273,0.78332,0.78345,1.50,1.88
2012.01.05 09:14:27.864,0.7833,0.78345,1.50,1.88
2012.01.05 09:14:28.407,0.78331,0.78345,1.50,1.88
2012.01.05 09:14:28.550,0.78331,0.78345,3.00,1.88
2012.01.05 09:14:29.083,0.78331,0.78345,1.50,1.13
2012.01.05 09:14:29.781,0.78331,0.78345,1.50,1.13
2012.01.05 09:14:30.292,0.78331,0.78345,1.50,1.13
2012.01.05 09:14:30.802,0.7833,0.78345,1.50,1.13
2012.01.05 09:14:31.512,0.78331,0.78345,1.50,1.13
2012.01.05 09:14:31.584,0.78331,0.78345,1.50,1.13
2012.01.05 09:14:32.529,0.78331,0.78345,1.50,1.13
2012.01.05 09:14:34.215,0.78331,0.78345,1.50,1.13
2012.01.05 09:14:34.776,0.78331,0.78345,1.50,1.13
2012.01.05 09:14:34.843,0.78329,0.78345,2.25,1.13
2012.01.05 09:14:35.104,0.78329,0.78342,1.50,1.13
2012.01.05 09:14:35.854,0.7833,0.78342,1.50,1.13
2012.01.05 09:14:39.211,0.78328,0.78342,1.50,1.13
2012.01.05 09:14:39.645,0.78326,0.78341,1.50,1.13
2012.01.05 09:14:39.716,0.78326,0.78341,1.50,1.13
2012.01.05 09:14:40.275,0.78327,0.78341,1.50,1.13
2012.01.05 09:14:40.775,0.78327,0.78341,1.50,1.13
2012.01.05 09:14:47.381,0.78326,0.78341,1.50,1.13
2012.01.05 09:14:48.132,0.78326,0.78341,1.50,1.13
2012.01.05 09:14:48.692,0.78325,0.78341,1.50,2.63
2012.01.05 09:14:50.043,0.78326,0.78341,1.50,1.13
2012.01.05 09:14:50.602,0.78325,0.78341,1.50,1.13
2012.01.05 09:14:58.011,0.78325,0.78341,1.50,1.13
2012.01.05 09:14:58.582,0.78326,0.78341,1.50,1.13
2012.01.05 09:14:59.948,0.78326,0.78341,1.50,1.13
2012.01.05 09:15:00.790,0.78325,0.78341,1.50,1.13
2012.01.05 09:15:01.277,0.78323,0.78338,1.50,1.13
2012.01.05 09:15:01.933,0.78325,0.78338,1.50,1.13
2012.01.05 09:15:02.443,0.78325,0.78339,1.50,1.13
2012.01.05 09:15:02.956,0.78326,0.78338,1.50,1.13
2012.01.05 09:15:03.037,0.78321,0.78337,1.50,2.25
2012.01.05 09:15:03.109,0.78321,0.78337,1.50,2.25
2012.01.05 09:15:03.538,0.78324,0.78338,1.50,1.13
2012.01.05 09:15:04.523,0.78323,0.78338,1.50,1.13
2012.01.05 09:15:04.734,0.78326,0.78339,1.50,1.13
2012.01.05 09:15:05.019,0.78323,0.78339,2.25,1.13
2012.01.05 09:15:05.927,0.78325,0.78338,1.50,1.13
2012.01.05 09:15:07.585,0.78323,0.78338,2.25,1.13
2012.01.05 09:15:10.556,0.78324,0.78338,1.50,1.13
2012.01.05 09:15:10.767,0.78326,0.78338,1.50,1.13
2012.01.05 09:15:11.055,0.78327,0.78339,1.50,1.13
2012.01.05 09:15:11.612,0.78323,0.78339,1.50,2.25
2012.01.05 09:15:11.682,0.78323,0.78339,1.50,2.25
2012.01.05 09:15:12.777,0.78323,0.78339,3.00,2.25
2012.01.05 09:15:13.289,0.78323,0.78341,1.50,2.25
2012.01.05 09:15:13.364,0.78323,0.78341,1.50,2.25
2012.01.05 09:15:14.025,0.78323,0.78341,1.50,3.75
2012.01.05 09:15:14.608,0.78322,0.78338,1.50,2.25
2012.01.05 09:15:15.234,0.78323,0.78341,1.50,2.25
2012.01.05 09:15:16.248,0.78325,0.78341,1.50,2.25
2012.01.05 09:15:16.804,0.78324,0.7834,1.50,2.25
2012.01.05 09:15:17.481,0.78325,0.78341,1.50,2.25
2012.01.05 09:15:17.565,0.78323,0.78341,1.50,2.25
2012.01.05 09:15:18.484,0.78325,0.78341,1.50,2.25
2012.01.05 09:15:18.614,0.78325,0.78341,1.50,2.25
2012.01.05 09:15:21.076,0.78325,0.78341,1.50,2.25
2012.01.05 09:15:21.396,0.78322,0.7834,3.00,2.25
2012.01.05 09:15:22.244,0.78322,0.7834,2.25,2.25
2012.01.05 09:15:22.333,0.78324,0.78342,1.50,2.25
2012.01.05 09:15:24.923,0.78324,0.7834,1.50,2.25
2012.01.05 09:15:25.446,0.78325,0.78341,1.50,2.25
2012.01.05 09:15:25.589,0.78323,0.78341,3.75,2.25
2012.01.05 09:15:25.737,0.78325,0.78341,1.50,2.25
2012.01.05 09:15:26.233,0.78323,0.78341,2.25,2.25
2012.01.05 09:15:26.857,0.78323,0.78341,1.50,2.25
2012.01.05 09:15:28.588,0.78323,0.78341,2.25,2.25
2012.01.05 09:15:29.195,0.7832,0.78338,2.25,2.25
2012.01.05 09:15:29.697,0.78321,0.78337,2.25,1.50
2012.01.05 09:15:30.205,0.78323,0.78339,1.50,2.25
2012.01.05 09:15:30.295,0.7832,0.78338,2.25,2.25
2012.01.05 09:15:30.790,0.78323,0.78338,1.50,2.25
2012.01.05 09:15:31.158,0.78326,0.78341,1.50,1.13
2012.01.05 09:15:31.761,0.78321,0.78339,2.25,2.25
2012.01.05 09:15:32.050,0.78321,0.78339,2.25,2.63
2012.01.05 09:15:32.563,0.78326,0.78337,1.50,1.13
2012.01.05 09:15:32.637,0.78324,0.78337,1.50,1.13
2012.01.05 09:15:33.357,0.78324,0.78339,1.50,1.13
2012.01.05 09:15:33.439,0.78321,0.78339,2.25,2.63
2012.01.05 09:15:34.006,0.7832,0.78336,2.25,2.25
2012.01.05 09:15:34.814,0.78323,0.78339,1.50,2.63
2012.01.05 09:15:36.996,0.78326,0.78339,1.50,1.13
2012.01.05 09:15:37.701,0.78324,0.78339,1.50,1.13
2012.01.05 09:15:38.585,0.78323,0.78339,2.25,1.13
2012.01.05 09:15:38.843,0.7832,0.78336,2.25,1.50
2012.01.05 09:15:39.044,0.7832,0.78329,2.25,1.39
2012.01.05 09:15:39.386,0.78308,0.78323,1.80,2.25
2012.01.05 09:15:39.667,0.78323,0.78343,1.50,2.71
2012.01.05 09:15:39.804,0.78326,0.78343,1.50,1.59
2012.01.05 09:15:39.875,0.78326,0.78344,1.50,2.63
2012.01.05 09:15:40.553,0.78324,0.7834,1.50,2.25
2012.01.05 09:15:40.905,0.78316,0.78325,2.25,3.00
2012.01.05 09:15:41.255,0.78313,0.78328,3.26,1.50
2012.01.05 09:15:41.397,0.78321,0.78336,1.50,2.63
2012.01.05 09:15:41.463,0.78324,0.78336,1.50,1.13
2012.01.05 09:15:41.604,0.78322,0.78336,1.50,1.13
2012.01.05 09:15:41.731,0.7832,0.78336,2.25,1.13
2012.01.05 09:15:41.936,0.7832,0.78328,2.25,6.38
2012.01.05 09:15:42.153,0.78308,0.78324,1.50,2.25
2012.01.05 09:15:42.704,0.78307,0.78325,3.00,5.25
2012.01.05 09:15:42.861,0.78307,0.78325,3.75,5.25
2012.01.05 09:15:43.205,0.78323,0.78331,1.50,3.00
2012.01.05 09:15:43.274,0.78323,0.78331,1.50,3.00
2012.01.05 09:15:43.345,0.78323,0.78336,1.50,1.13
2012.01.05 09:15:43.958,0.78323,0.78327,1.50,1.88
2012.01.05 09:15:44.108,0.78313,0.78325,3.75,2.25
2012.01.05 09:15:44.186,0.78307,0.78321,1.50,1.50
2012.01.05 09:15:44.881,0.78307,0.78323,2.25,1.50
2012.01.05 09:15:45.707,0.7831,0.78323,1.50,1.50
2012.01.05 09:15:46.184,0.78312,0.78323,2.25,1.50
2012.01.05 09:15:46.613,0.78314,0.78329,2.25,2.89
2012.01.05 09:15:46.691,0.78321,0.78335,2.25,1.88
2012.01.05 09:15:47.041,0.78318,0.78334,1.50,1.88
2012.01.05 09:15:47.469,0.78316,0.78332,2.25,1.50
2012.01.05 09:15:47.687,0.78319,0.78337,1.50,2.63
2012.01.05 09:15:47.765,0.78319,0.78337,2.25,2.63
2012.01.05 09:15:48.638,0.78318,0.78336,2.25,2.25
2012.01.05 09:15:49.083,0.78318,0.78336,2.25,2.25
2012.01.05 09:15:49.684,0.78318,0.78336,2.25,2.25
2012.01.05 09:15:52.225,0.78318,0.78336,1.50,2.25
2012.01.05 09:15:52.295,0.78316,0.78334,3.75,2.25
2012.01.05 09:15:52.906,0.78316,0.78334,2.25,2.25
2012.01.05 09:15:53.253,0.78312,0.78328,2.25,1.50
2012.01.05 09:15:54.558,0.78314,0.78328,1.50,1.50
2012.01.05 09:15:59.126,0.78315,0.78328,1.50,1.50
2012.01.05 09:15:59.652,0.78313,0.78328,2.25,1.50
2012.01.05 09:16:02.281,0.78315,0.78328,1.50,1.50
2012.01.05 09:16:02.996,0.78314,0.78328,1.50,1.50
2012.01.05 09:16:04.430,0.78313,0.78328,2.25,1.50
2012.01.05 09:16:05.362,0.78313,0.78328,3.00,1.50
2012.01.05 09:16:05.707,0.7832,0.78334,1.50,3.75
2012.01.05 09:16:05.923,0.78318,0.78334,3.00,3.75
2012.01.05 09:16:06.646,0.78319,0.78336,1.50,1.13
2012.01.05 09:16:07.204,0.7832,0.78334,1.50,1.88
2012.01.05 09:16:08.154,0.78317,0.78334,2.25,1.88
2012.01.05 09:16:08.495,0.78319,0.78335,2.25,2.25
2012.01.05 09:16:09.067,0.78321,0.78337,1.50,1.13
2012.01.05 09:16:11.973,0.78319,0.78334,1.50,2.25
2012.01.05 09:16:12.387,0.78316,0.78332,2.25,2.63
2012.01.05 09:16:13.019,0.78317,0.78332,1.50,1.13
2012.01.05 09:16:13.153,0.78314,0.78332,3.75,2.63
2012.01.05 09:16:13.693,0.78314,0.78332,2.25,2.63
2012.01.05 09:16:15.467,0.78316,0.78332,2.25,1.13
2012.01.05 09:16:15.727,0.78315,0.78332,3.00,1.13
2012.01.05 09:16:16.296,0.78313,0.78331,4.50,2.25
2012.01.05 09:16:17.263,0.78314,0.7833,1.50,2.25
2012.01.05 09:16:17.361,0.7831,0.78322,2.25,1.13
2012.01.05 09:16:17.730,0.78307,0.78318,1.50,2.25
2012.01.05 09:16:17.808,0.78302,0.78316,1.13,2.25
2012.01.05 09:16:18.024,0.783,0.78315,1.73,1.50
2012.01.05 09:16:18.858,0.783,0.78316,2.85,1.50
2012.01.05 09:16:19.413,0.78301,0.78319,2.25,2.25
2012.01.05 09:16:19.952,0.78303,0.78321,1.50,2.25
2012.01.05 09:16:20.750,0.78303,0.78321,1.50,2.25
2012.01.05 09:16:20.850,0.78305,0.78321,1.50,2.25
2012.01.05 09:16:21.402,0.78304,0.7832,1.50,2.25
2012.01.05 09:16:25.222,0.78304,0.7832,1.50,2.25
2012.01.05 09:16:29.076,0.78304,0.7832,1.50,2.25
2012.01.05 09:16:30.313,0.78304,0.7832,1.50,2.25
2012.01.05 09:16:30.852,0.78305,0.78321,1.50,2.25
2012.01.05 09:16:34.518,0.78304,0.7832,1.50,2.25
2012.01.05 09:16:34.597,0.78302,0.78319,1.50,2.25
2012.01.05 09:16:35.146,0.78303,0.78319,1.50,2.25
2012.01.05 09:16:35.566,0.78304,0.7832,3.00,2.25
2012.01.05 09:16:35.637,0.78304,0.7832,1.50,2.25
2012.01.05 09:16:36.595,0.783,0.78316,3.23,1.50
2012.01.05 09:16:36.671,0.783,0.78316,3.23,2.25
2012.01.05 09:16:37.028,0.78298,0.78314,1.50,1.50
2012.01.05 09:16:37.544,0.78296,0.78314,2.25,3.38
2012.01.05 09:16:38.001,0.783,0.78314,1.50,1.88
2012.01.05 09:16:38.544,0.78298,0.78314,1.50,3.38
2012.01.05 09:16:38.753,0.783,0.78314,1.50,1.88
2012.01.05 09:16:39.436,0.78296,0.78314,2.25,3.38
2012.01.05 09:16:39.833,0.78298,0.78314,1.50,3.38
2012.01.05 09:16:40.042,0.78295,0.78313,1.50,2.25
2012.01.05 09:16:41.753,0.78294,0.7831,2.25,1.50
2012.01.05 09:16:41.830,0.78293,0.78307,4.88,1.50
2012.01.05 09:16:42.375,0.78293,0.78307,4.88,1.50
2012.01.05 09:16:42.846,0.78294,0.78308,1.50,1.50
2012.01.05 09:16:43.845,0.78294,0.78308,2.10,1.50
2012.01.05 09:16:44.364,0.78294,0.78309,2.10,1.50
2012.01.05 09:16:44.703,0.78296,0.78307,1.50,1.50
2012.01.05 09:16:45.105,0.78296,0.7831,1.50,1.50
2012.01.05 09:16:45.628,0.78294,0.78311,2.10,1.50
2012.01.05 09:16:48.037,0.78296,0.7831,1.50,1.50
2012.01.05 09:16:48.585,0.78294,0.7831,2.10,3.75
2012.01.05 09:16:49.506,0.78294,0.7831,2.10,1.50
2012.01.05 09:16:50.089,0.78294,0.78311,2.10,1.50
2012.01.05 09:16:50.587,0.78296,0.78312,1.50,2.25
2012.01.05 09:16:50.726,0.78303,0.78312,2.63,2.25
2012.01.05 09:16:50.806,0.78303,0.78315,2.63,2.25
2012.01.05 09:16:51.087,0.78303,0.78317,4.88,2.25
2012.01.05 09:16:53.033,0.78303,0.78315,4.13,1.50
2012.01.05 09:16:57.039,0.78303,0.78314,4.88,1.50
2012.01.05 09:16:57.622,0.78303,0.78315,4.88,2.25
2012.01.05 09:17:01.322,0.78303,0.78317,4.88,2.25
2012.01.05 09:17:01.852,0.78303,0.78317,4.88,2.25
2012.01.05 09:17:02.538,0.78303,0.78315,4.88,1.50
2012.01.05 09:17:03.056,0.78303,0.78315,4.88,2.25
2012.01.05 09:17:04.784,0.78303,0.78317,4.88,2.25
2012.01.05 09:17:05.302,0.78303,0.78315,4.88,1.50
2012.01.05 09:17:11.791,0.78303,0.78314,4.88,1.50
2012.01.05 09:17:12.315,0.78303,0.78315,4.88,2.25
2012.01.05 09:17:13.204,0.78303,0.78318,6.00,1.50
2012.01.05 09:17:13.713,0.78303,0.78319,7.50,2.25
2012.01.05 09:17:14.109,0.78303,0.78317,6.00,1.50
2012.01.05 09:17:14.598,0.78303,0.78317,4.13,1.50
2012.01.05 09:17:14.689,0.78303,0.7832,3.75,2.25
2012.01.05 09:17:15.330,0.78303,0.7832,3.75,2.25
2012.01.05 09:17:15.675,0.78305,0.7832,1.50,2.25
2012.01.05 09:17:16.222,0.78306,0.7832,1.50,1.50
2012.01.05 09:17:16.439,0.78306,0.7832,1.50,1.50
2012.01.05 09:17:18.614,0.78303,0.78318,3.00,1.50
2012.01.05 09:17:19.169,0.78303,0.78319,3.00,1.50
2012.01.05 09:17:19.916,0.78303,0.78318,3.00,1.50
2012.01.05 09:17:22.824,0.78303,0.78318,2.25,2.25
2012.01.05 09:17:23.026,0.78303,0.78318,3.00,2.25
2012.01.05 09:17:23.577,0.78303,0.78315,2.25,1.50
2012.01.05 09:17:24.028,0.78303,0.78318,3.00,2.25
2012.01.05 09:17:24.605,0.78303,0.78316,4.88,1.50
2012.01.05 09:17:24.895,0.78303,0.78314,4.13,1.50
2012.01.05 09:17:25.435,0.78303,0.78315,2.25,1.50
2012.01.05 09:17:25.940,0.78303,0.78314,2.25,1.50
2012.01.05 09:17:26.584,0.78302,0.78314,4.50,1.50
2012.01.05 09:17:27.087,0.783,0.78314,1.13,2.25
2012.01.05 09:17:27.426,0.78296,0.78307,1.13,1.50
2012.01.05 09:17:30.263,0.78295,0.78307,1.13,1.50
2012.01.05 09:17:30.930,0.78295,0.78307,1.88,1.50
2012.01.05 09:17:31.458,0.78295,0.78308,1.13,2.25
2012.01.05 09:17:38.644,0.78294,0.78309,1.13,1.50
2012.01.05 09:17:39.184,0.78293,0.7831,3.38,2.25
2012.01.05 09:17:39.692,0.78293,0.78307,3.38,1.50
2012.01.05 09:17:40.212,0.78293,0.78308,3.38,2.25
2012.01.05 09:17:40.284,0.78293,0.78308,3.38,2.25
2012.01.05 09:17:45.732,0.78293,0.78306,3.38,2.25
2012.01.05 09:17:45.811,0.78292,0.78306,5.63,2.25
2012.01.05 09:17:46.355,0.78292,0.78306,4.50,2.25
2012.01.05 09:17:47.305,0.78292,0.78308,5.25,2.25
2012.01.05 09:17:47.644,0.78299,0.78308,1.50,2.25
2012.01.05 09:17:49.759,0.78299,0.78307,1.50,2.25
2012.01.05 09:17:50.195,0.78299,0.78309,1.50,2.25
2012.01.05 09:17:50.825,0.783,0.78316,3.00,1.13
2012.01.05 09:17:51.356,0.78301,0.78315,1.50,2.25
2012.01.05 09:17:51.970,0.78304,0.78315,1.50,2.25
2012.01.05 09:17:53.015,0.78304,0.78314,1.50,1.50
2012.01.05 09:17:53.154,0.78299,0.78313,1.50,1.13
2012.01.05 09:17:53.222,0.78299,0.78313,1.50,1.13
2012.01.05 09:17:53.745,0.78299,0.78312,1.50,2.25
2012.01.05 09:17:53.815,0.78299,0.78312,1.50,2.25
2012.01.05 09:17:57.034,0.78299,0.78311,1.50,2.25
2012.01.05 09:17:57.876,0.78299,0.78311,2.25,2.25
2012.01.05 09:17:57.959,0.78301,0.78317,2.25,2.25
2012.01.05 09:17:58.179,0.78301,0.78314,2.25,1.50
2012.01.05 09:17:58.606,0.78302,0.78309,1.50,2.25
2012.01.05 09:17:58.956,0.78297,0.7831,1.50,2.25
2012.01.05 09:17:59.492,0.78297,0.7831,1.50,2.25
2012.01.05 09:18:00.256,0.78297,0.78311,1.50,2.25
2012.01.05 09:18:00.790,0.78297,0.78312,1.50,2.25
2012.01.05 09:18:01.407,0.78299,0.78312,1.50,2.25
2012.01.05 09:18:02.245,0.78299,0.78312,2.25,2.25
2012.01.05 09:18:02.318,0.78303,0.78318,1.50,3.00
2012.01.05 09:18:04.732,0.78304,0.78319,1.50,4.50
2012.01.05 09:18:07.155,0.78303,0.78316,1.50,2.25
2012.01.05 09:18:10.416,0.78303,0.78316,1.50,2.25
2012.01.05 09:18:12.300,0.78303,0.78315,1.50,2.25
2012.01.05 09:18:12.946,0.78298,0.7831,1.50,2.25
2012.01.05 09:18:13.038,0.78298,0.7831,1.50,2.25
2012.01.05 09:18:13.734,0.78297,0.78311,1.50,2.25
2012.01.05 09:18:16.085,0.783,0.78315,3.00,2.25
2012.01.05 09:18:16.509,0.78301,0.78316,2.25,1.13
2012.01.05 09:18:16.895,0.78302,0.78315,1.50,2.25
2012.01.05 09:18:18.447,0.78302,0.78316,1.50,2.25
2012.01.05 09:18:18.793,0.783,0.78313,4.50,1.50
2012.01.05 09:18:18.940,0.783,0.78313,2.25,1.50
2012.01.05 09:18:19.494,0.78298,0.78313,1.50,3.00
2012.01.05 09:18:20.765,0.78298,0.78312,1.50,2.25
2012.01.05 09:18:21.305,0.78294,0.78312,3.00,2.25
2012.01.05 09:18:21.521,0.78292,0.78308,2.25,2.25
2012.01.05 09:18:21.739,0.78293,0.7831,1.50,2.25
2012.01.05 09:18:22.844,0.78293,0.78311,3.00,2.85
2012.01.05 09:18:23.255,0.78293,0.7831,2.25,2.25
2012.01.05 09:18:23.813,0.78293,0.7831,1.50,2.25
2012.01.05 09:18:26.516,0.78293,0.7831,1.50,2.25
2012.01.05 09:18:29.278,0.78294,0.7831,2.25,2.25
2012.01.05 09:18:30.819,0.78294,0.78308,1.50,2.25
2012.01.05 09:18:31.569,0.78293,0.78308,2.25,2.25
2012.01.05 09:18:32.715,0.78293,0.7831,1.50,2.25
2012.01.05 09:18:35.423,0.78293,0.7831,2.25,2.25
2012.01.05 09:18:35.723,0.78293,0.78308,1.50,4.50
2012.01.05 09:18:36.138,0.78289,0.78297,4.50,3.98
2012.01.05 09:18:36.222,0.78285,0.78295,1.50,2.25
2012.01.05 09:18:36.375,0.78288,0.783,1.50,2.25
2012.01.05 09:18:36.517,0.78289,0.78305,1.50,2.25
2012.01.05 09:18:36.782,0.78292,0.78307,1.50,2.63
2012.01.05 09:18:37.134,0.7829,0.78306,1.50,2.25
2012.01.05 09:18:37.643,0.7829,0.78306,1.50,2.25
2012.01.05 09:18:37.713,0.7829,0.78306,1.50,2.25
2012.01.05 09:18:38.334,0.7829,0.78306,1.50,2.25
2012.01.05 09:18:38.862,0.78289,0.78304,1.50,2.25
2012.01.05 09:18:39.984,0.78289,0.78304,1.50,2.25
2012.01.05 09:18:43.187,0.78289,0.78305,1.50,2.25
2012.01.05 09:18:43.533,0.78289,0.78304,1.50,2.25
2012.01.05 09:18:47.951,0.78289,0.78304,1.50,2.25
2012.01.05 09:18:48.537,0.78289,0.78306,1.50,2.63
2012.01.05 09:18:51.112,0.78289,0.78306,3.00,1.13
2012.01.05 09:18:51.725,0.78289,0.78305,1.50,2.25
2012.01.05 09:18:52.275,0.78289,0.78305,1.50,2.25
2012.01.05 09:18:52.822,0.78289,0.78305,1.50,2.25
2012.01.05 09:18:53.087,0.78289,0.78305,1.50,2.25
2012.01.05 09:18:54.364,0.78289,0.78305,1.50,2.25
2012.01.05 09:18:56.296,0.78289,0.78305,1.50,2.25
2012.01.05 09:18:57.143,0.78289,0.78303,1.50,1.50
2012.01.05 09:18:57.653,0.78289,0.78305,1.50,3.75
2012.01.05 09:18:58.452,0.78295,0.78307,2.25,3.00
2012.01.05 09:18:58.595,0.78297,0.78308,2.25,3.00
2012.01.05 09:18:59.894,0.78299,0.78312,1.50,1.13
2012.01.05 09:19:00.403,0.783,0.78313,1.50,1.73
2012.01.05 09:19:00.474,0.78298,0.78313,1.50,1.73
2012.01.05 09:19:01.486,0.78302,0.78313,1.50,1.73
2012.01.05 09:19:02.298,0.78299,0.78313,1.50,1.73
2012.01.05 09:19:04.306,0.78299,0.78313,1.50,1.73
2012.01.05 09:19:04.441,0.78299,0.78313,1.50,1.73
2012.01.05 09:19:04.999,0.78299,0.78313,1.50,1.73
2012.01.05 09:19:05.783,0.78299,0.78313,1.50,1.73
2012.01.05 09:19:10.278,0.783,0.78314,1.50,1.13
2012.01.05 09:19:10.606,0.78298,0.78316,1.50,2.63
2012.01.05 09:19:10.822,0.783,0.78316,1.50,2.63
2012.01.05 09:19:11.216,0.78298,0.78316,2.25,2.63
2012.01.05 09:19:11.420,0.78299,0.78316,1.50,2.63
2012.01.05 09:19:11.497,0.78301,0.78316,1.50,1.13
2012.01.05 09:19:12.334,0.78298,0.78314,1.50,2.25
2012.01.05 09:19:13.812,0.78298,0.78314,1.50,2.25
2012.01.05 09:19:15.409,0.78298,0.78314,1.50,2.25
2012.01.05 09:19:15.723,0.783,0.78316,1.50,2.63
2012.01.05 09:19:16.472,0.783,0.78316,1.50,2.63
2012.01.05 09:19:17.254,0.78301,0.78316,1.50,1.13
2012.01.05 09:19:20.481,0.783,0.78316,3.00,2.63
2012.01.05 09:19:23.478,0.78303,0.78316,1.73,1.13
2012.01.05 09:19:23.629,0.78301,0.78316,1.50,1.13
2012.01.05 09:19:24.167,0.78299,0.78314,1.50,1.50
2012.01.05 09:19:24.707,0.783,0.78314,1.50,1.50
2012.01.05 09:19:27.143,0.78298,0.78314,3.00,1.50
2012.01.05 09:19:27.651,0.78298,0.78314,1.50,1.50
2012.01.05 09:19:27.782,0.78298,0.78314,1.50,1.50
2012.01.05 09:19:29.654,0.78297,0.78314,1.50,3.00
2012.01.05 09:19:30.185,0.78296,0.78309,1.50,1.13
2012.01.05 09:19:30.856,0.78297,0.78309,1.50,1.13
2012.01.05 09:19:32.140,0.78295,0.7831,1.50,1.13
2012.01.05 09:19:32.671,0.78296,0.7831,1.50,1.13
2012.01.05 09:19:33.531,0.78296,0.78309,1.50,1.13
2012.01.05 09:19:34.169,0.78296,0.7831,1.50,1.13
2012.01.05 09:19:37.039,0.78297,0.7831,1.50,1.13
2012.01.05 09:19:38.509,0.78296,0.7831,1.50,1.13
2012.01.05 09:19:41.016,0.78297,0.7831,1.50,1.13
2012.01.05 09:19:48.490,0.78297,0.78309,1.50,1.13
2012.01.05 09:19:48.763,0.78294,0.78308,2.25,1.50
2012.01.05 09:19:49.189,0.78291,0.78303,1.50,1.13
2012.01.05 09:19:49.268,0.78287,0.78303,1.50,1.13
2012.01.05 09:19:49.367,0.78286,0.78302,2.25,2.25
2012.01.05 09:19:50.044,0.78285,0.78301,2.25,2.25
2012.01.05 09:19:51.969,0.78285,0.78303,3.00,2.63
2012.01.05 09:19:54.128,0.78285,0.78303,2.25,2.63
2012.01.05 09:19:54.689,0.78286,0.78302,1.50,2.25
2012.01.05 09:19:55.385,0.78286,0.78302,3.00,2.25
2012.01.05 09:19:59.294,0.78285,0.78301,3.00,2.25
2012.01.05 09:19:59.684,0.78285,0.78303,1.50,2.63
2012.01.05 09:20:00.793,0.78285,0.78301,2.25,2.25
2012.01.05 09:20:01.313,0.78285,0.78301,1.50,2.25
2012.01.05 09:20:11.763,0.78284,0.78299,1.50,2.25
2012.01.05 09:20:13.039,0.78285,0.78303,1.50,2.63
2012.01.05 09:20:13.317,0.78285,0.78303,2.25,2.63
2012.01.05 09:20:14.095,0.78287,0.78303,2.25,2.63
2012.01.05 09:20:17.242,0.78287,0.78303,2.25,2.63
2012.01.05 09:20:18.692,0.78286,0.78302,2.25,2.25
2012.01.05 09:20:19.503,0.78286,0.78302,2.25,2.25
2012.01.05 09:20:20.841,0.78286,0.78302,2.25,2.25
2012.01.05 09:20:21.778,0.78287,0.78303,1.50,2.63
2012.01.05 09:20:22.085,0.78285,0.78301,1.50,2.25
2012.01.05 09:20:23.680,0.78283,0.78301,4.88,2.25
2012.01.05 09:20:24.266,0.78283,0.78301,4.88,2.25
2012.01.05 09:20:32.149,0.78286,0.78302,1.50,3.75
2012.01.05 09:20:32.677,0.78285,0.78301,1.50,2.25
2012.01.05 09:20:36.433,0.78285,0.78301,1.50,2.25
2012.01.05 09:20:36.987,0.78285,0.78301,1.50,2.25
2012.01.05 09:20:37.610,0.78286,0.78302,1.50,2.25
2012.01.05 09:20:39.734,0.78286,0.78302,1.50,2.25
2012.01.05 09:20:40.140,0.78286,0.78302,1.50,2.25
2012.01.05 09:20:42.932,0.78286,0.78302,1.50,2.25
2012.01.05 09:20:45.372,0.78285,0.78301,1.50,2.25
2012.01.05 09:20:45.765,0.78283,0.783,1.88,2.25
2012.01.05 09:20:46.095,0.78284,0.78302,1.50,2.63
2012.01.05 09:20:46.772,0.78278,0.78294,1.50,2.25
2012.01.05 09:20:46.866,0.78275,0.7829,1.54,2.25
2012.01.05 09:20:47.414,0.78274,0.78292,2.25,2.25
2012.01.05 09:20:47.625,0.78271,0.78289,3.75,2.63
2012.01.05 09:20:47.696,0.78272,0.78289,1.50,1.13
2012.01.05 09:20:48.036,0.78265,0.78281,2.25,2.25
2012.01.05 09:20:48.675,0.78266,0.78282,1.50,2.25
2012.01.05 09:20:48.993,0.78263,0.78281,6.38,2.25
2012.01.05 09:20:49.783,0.78267,0.78282,1.50,2.25
2012.01.05 09:20:50.295,0.78268,0.78283,3.00,1.13
2012.01.05 09:20:50.603,0.78268,0.78283,1.50,2.63
2012.01.05 09:20:51.205,0.78268,0.78283,1.50,2.63
2012.01.05 09:20:52.026,0.78267,0.78283,1.50,2.63
2012.01.05 09:20:54.184,0.78269,0.78282,1.50,2.25
2012.01.05 09:20:55.072,0.78269,0.78282,1.50,2.25
2012.01.05 09:20:55.585,0.78269,0.78282,1.50,2.25
2012.01.05 09:20:58.056,0.7827,0.78282,1.50,2.25
2012.01.05 09:20:58.132,0.7827,0.78281,1.50,2.25
2012.01.05 09:20:58.428,0.7827,0.78283,1.50,1.13
2012.01.05 09:20:58.519,0.7827,0.78284,1.50,2.25
2012.01.05 09:20:59.141,0.78275,0.78287,1.50,2.63
2012.01.05 09:20:59.645,0.78273,0.78288,1.50,2.25
2012.01.05 09:20:59.999,0.78275,0.7829,1.50,3.00
2012.01.05 09:21:00.204,0.78274,0.7829,3.00,3.00
2012.01.05 09:21:00.774,0.78275,0.78287,1.50,2.63
2012.01.05 09:21:00.889,0.78274,0.78285,1.50,3.00
2012.01.05 09:21:01.031,0.78274,0.78285,2.25,3.00
2012.01.05 09:21:01.260,0.78274,0.78287,2.25,2.25
2012.01.05 09:21:01.678,0.78274,0.7829,2.25,4.50
2012.01.05 09:21:02.218,0.78274,0.7829,1.50,4.50
2012.01.05 09:21:08.624,0.78273,0.78289,3.00,2.25
2012.01.05 09:21:20.448,0.78273,0.7829,1.50,4.50
2012.01.05 09:21:20.791,0.78274,0.7829,1.50,2.25
2012.01.05 09:21:21.005,0.78275,0.78288,1.50,1.13
2012.01.05 09:21:21.145,0.78273,0.78289,3.00,2.63
2012.01.05 09:21:21.215,0.78273,0.78289,3.00,2.63
2012.01.05 09:21:24.502,0.78273,0.78289,3.00,2.63
2012.01.05 09:21:28.612,0.78273,0.78289,1.50,1.13
2012.01.05 09:21:29.517,0.78278,0.78293,1.50,3.75
2012.01.05 09:21:30.123,0.78278,0.78292,1.50,2.25
2012.01.05 09:21:32.697,0.78278,0.7829,1.50,2.25
2012.01.05 09:21:33.037,0.78272,0.78288,1.50,2.25
2012.01.05 09:21:33.185,0.78272,0.78287,1.50,2.25
2012.01.05 09:21:33.737,0.78273,0.78288,1.50,2.25
2012.01.05 09:21:34.284,0.78274,0.7829,2.25,2.63
2012.01.05 09:21:35.186,0.78274,0.7829,2.25,2.63
2012.01.05 09:21:35.766,0.78273,0.78287,1.50,4.13
2012.01.05 09:21:35.978,0.78268,0.78286,2.25,2.25
2012.01.05 09:21:36.444,0.78269,0.78285,2.25,2.63
2012.01.05 09:21:37.073,0.78269,0.78285,2.25,2.63
2012.01.05 09:21:37.598,0.78269,0.78285,2.25,2.63
2012.01.05 09:21:42.707,0.78271,0.78285,1.50,1.13
2012.01.05 09:21:43.590,0.78271,0.78287,1.50,4.13
2012.01.05 09:21:43.803,0.78271,0.78287,1.50,4.13
2012.01.05 09:21:47.672,0.78271,0.78287,1.50,4.13
2012.01.05 09:21:48.177,0.78271,0.78287,1.50,4.13
2012.01.05 09:21:48.725,0.78271,0.78287,1.50,4.13
2012.01.05 09:21:49.277,0.7827,0.78286,2.25,2.25
2012.01.05 09:21:51.334,0.78267,0.7828,1.50,2.63
2012.01.05 09:21:51.896,0.78267,0.7828,1.50,1.50
2012.01.05 09:21:52.446,0.78267,0.78282,4.50,1.13
2012.01.05 09:21:52.775,0.78267,0.78282,3.00,1.13
2012.01.05 09:21:55.469,0.78267,0.78282,3.00,1.13
2012.01.05 09:21:56.122,0.78267,0.78282,3.00,1.13
2012.01.05 09:21:56.193,0.78267,0.78282,1.50,1.13
2012.01.05 09:22:00.964,0.78268,0.78282,1.50,1.13
2012.01.05 09:22:01.035,0.7827,0.78282,1.50,1.13
2012.01.05 09:22:01.547,0.78267,0.78283,1.50,1.13
2012.01.05 09:22:01.624,0.78272,0.78283,1.50,1.13
2012.01.05 09:22:02.135,0.78271,0.78283,1.50,1.13
2012.01.05 09:22:02.203,0.78268,0.78283,1.50,1.13
2012.01.05 09:22:02.754,0.78264,0.78282,3.00,2.63
2012.01.05 09:22:03.262,0.78265,0.78282,1.50,1.13
2012.01.05 09:22:05.381,0.78267,0.78282,1.50,1.13
2012.01.05 09:22:08.073,0.78265,0.78282,1.50,1.13
2012.01.05 09:22:10.081,0.78267,0.78282,1.50,1.13
2012.01.05 09:22:11.484,0.7827,0.78282,1.50,1.13
2012.01.05 09:22:11.992,0.78271,0.78282,1.50,1.13
2012.01.05 09:22:12.181,0.78269,0.78282,1.50,1.13
2012.01.05 09:22:13.305,0.78269,0.78282,1.50,1.13
2012.01.05 09:22:14.075,0.78267,0.78282,1.50,1.13
2012.01.05 09:22:14.399,0.78267,0.78282,1.50,1.13
2012.01.05 09:22:14.735,0.7827,0.78282,1.50,1.13
2012.01.05 09:22:15.271,0.7827,0.78282,1.50,1.13
2012.01.05 09:22:18.072,0.78271,0.78282,1.50,1.13
2012.01.05 09:22:18.594,0.7827,0.78282,1.50,1.13
2012.01.05 09:22:19.265,0.78271,0.78287,2.25,3.00
2012.01.05 09:22:19.397,0.78273,0.78287,1.50,2.63
2012.01.05 09:22:19.665,0.78274,0.78287,1.50,2.63
2012.01.05 09:22:19.807,0.78272,0.78287,1.50,2.63
2012.01.05 09:22:19.946,0.78268,0.78286,3.00,2.25
2012.01.05 09:22:20.491,0.78268,0.78284,4.50,2.25
2012.01.05 09:22:20.636,0.7827,0.78287,2.25,2.63
2012.01.05 09:22:21.112,0.78273,0.78289,2.25,2.25
2012.01.05 09:22:21.450,0.78276,0.78291,2.25,3.00
2012.01.05 09:22:22.006,0.78278,0.78291,1.50,3.00
2012.01.05 09:22:23.468,0.78277,0.7829,1.50,2.25
2012.01.05 09:22:23.971,0.78277,0.7829,1.50,2.25
2012.01.05 09:22:24.443,0.78277,0.7829,1.50,1.13
2012.01.05 09:22:25.125,0.78274,0.7829,2.25,3.00
2012.01.05 09:22:25.396,0.78272,0.78287,1.50,3.00
2012.01.05 09:22:25.903,0.78271,0.78287,1.50,4.50
2012.01.05 09:22:26.034,0.78269,0.78285,2.25,2.25
2012.01.05 09:22:26.525,0.78271,0.78287,1.50,6.00
2012.01.05 09:22:28.882,0.78269,0.78284,2.25,1.50
2012.01.05 09:22:29.266,0.78268,0.78272,1.50,1.50
2012.01.05 09:22:29.344,0.78259,0.78272,1.50,1.13
2012.01.05 09:22:29.484,0.7826,0.78273,2.25,2.25
2012.01.05 09:22:29.554,0.78262,0.78278,3.00,2.25
2012.01.05 09:22:29.766,0.78265,0.78278,1.50,1.35
2012.01.05 09:22:30.283,0.78265,0.78278,1.50,1.13
2012.01.05 09:22:30.354,0.78263,0.78278,3.00,1.13
2012.01.05 09:22:30.426,0.78263,0.78272,1.50,2.63
2012.01.05 09:22:30.634,0.78253,0.78266,2.25,2.25
2012.01.05 09:22:30.707,0.78254,0.78269,1.50,2.25
2012.01.05 09:22:30.835,0.78258,0.78269,2.25,1.39
2012.01.05 09:22:31.024,0.78259,0.78274,2.25,1.21
2012.01.05 09:22:31.096,0.78262,0.78276,1.50,1.13
2012.01.05 09:22:31.223,0.78262,0.78276,1.50,1.13
2012.01.05 09:22:31.555,0.78262,0.78276,1.50,1.13
2012.01.05 09:22:32.064,0.78262,0.78277,3.00,1.13
2012.01.05 09:22:33.017,0.78266,0.78277,1.50,1.13
2012.01.05 09:22:34.825,0.78266,0.78279,2.25,1.13
2012.01.05 09:22:35.414,0.78266,0.7828,1.50,1.13
2012.01.05 09:22:35.768,0.78268,0.7828,1.50,1.13
2012.01.05 09:22:36.107,0.78268,0.7828,1.50,1.13
2012.01.05 09:22:41.863,0.78266,0.78282,1.50,2.25
2012.01.05 09:22:42.849,0.78263,0.78278,3.00,4.88
2012.01.05 09:22:43.136,0.7826,0.78278,1.50,6.38
2012.01.05 09:22:43.718,0.78261,0.78277,1.50,2.25
2012.01.05 09:22:45.596,0.78262,0.78278,1.50,4.88
2012.01.05 09:22:45.810,0.78265,0.78281,1.50,3.75
2012.01.05 09:22:45.887,0.78265,0.78281,1.50,2.25
2012.01.05 09:22:46.236,0.78268,0.78283,1.50,2.63
2012.01.05 09:22:46.305,0.78268,0.78283,1.50,1.13
2012.01.05 09:22:47.318,0.78266,0.78282,1.50,2.25
2012.01.05 09:22:47.385,0.78265,0.78281,1.50,2.25
2012.01.05 09:22:49.701,0.78264,0.78278,2.25,2.63
2012.01.05 09:22:49.783,0.78264,0.78278,2.25,3.38
2012.01.05 09:22:49.996,0.7826,0.78277,2.25,3.00
2012.01.05 09:22:50.135,0.7826,0.78277,2.25,3.00
2012.01.05 09:22:50.347,0.78263,0.78277,1.50,3.00
2012.01.05 09:22:50.973,0.78263,0.78277,1.50,3.00
2012.01.05 09:22:51.165,0.78263,0.78277,3.23,3.00
2012.01.05 09:22:51.567,0.78265,0.78277,1.50,3.00
2012.01.05 09:22:52.081,0.78265,0.78277,1.50,2.25
2012.01.05 09:22:52.599,0.78266,0.78277,1.50,3.00
2012.01.05 09:22:52.946,0.78268,0.78277,1.50,3.00
2012.01.05 09:22:55.634,0.78267,0.78277,1.50,2.25
2012.01.05 09:22:56.584,0.78268,0.78277,1.50,2.25
2012.01.05 09:22:57.290,0.78268,0.78278,1.81,1.88
2012.01.05 09:22:57.931,0.78276,0.7828,1.50,2.25
2012.01.05 09:22:58.016,0.78268,0.7828,2.25,2.25
2012.01.05 09:22:58.860,0.78269,0.7828,1.50,2.25
2012.01.05 09:23:01.332,0.78267,0.7828,1.50,2.25
2012.01.05 09:23:05.137,0.78274,0.7828,1.73,2.25
2012.01.05 09:23:05.476,0.78277,0.78289,1.50,2.25
2012.01.05 09:23:05.543,0.78277,0.78289,1.50,2.25
2012.01.05 09:23:05.675,0.78283,0.78291,1.50,2.25
2012.01.05 09:23:05.747,0.78283,0.78295,3.00,1.21
2012.01.05 09:23:05.956,0.78282,0.78296,1.50,1.13
2012.01.05 09:23:06.156,0.7828,0.78296,2.25,2.63
2012.01.05 09:23:06.225,0.7828,0.78296,2.25,2.63
2012.01.05 09:23:06.772,0.7828,0.78296,2.25,2.63
2012.01.05 09:23:08.204,0.78281,0.78296,1.50,1.13
2012.01.05 09:23:08.726,0.78281,0.78296,1.50,1.13
2012.01.05 09:23:09.082,0.78281,0.78296,1.50,1.13
2012.01.05 09:23:10.148,0.78283,0.78296,1.50,1.13
2012.01.05 09:23:10.222,0.78279,0.78296,2.25,1.13
2012.01.05 09:23:10.809,0.78281,0.78296,1.50,1.13
2012.01.05 09:23:11.352,0.78278,0.78294,4.13,2.25
2012.01.05 09:23:12.363,0.7828,0.78296,2.25,2.63
2012.01.05 09:23:13.182,0.7828,0.78296,2.25,2.63
2012.01.05 09:23:14.183,0.78281,0.78296,1.50,1.13
2012.01.05 09:23:14.605,0.78282,0.78297,1.50,4.50
2012.01.05 09:23:15.175,0.78284,0.78298,2.25,2.25
2012.01.05 09:23:15.755,0.78285,0.783,2.25,1.50
2012.01.05 09:23:16.345,0.78285,0.78299,2.25,1.13
2012.01.05 09:23:17.404,0.78285,0.783,1.50,2.63
2012.01.05 09:23:17.543,0.78279,0.78297,2.25,2.25
2012.01.05 09:23:17.913,0.78281,0.78297,1.50,4.50
2012.01.05 09:23:18.646,0.78279,0.78297,2.25,4.50
2012.01.05 09:23:20.043,0.7828,0.78297,1.50,3.00
2012.01.05 09:23:20.320,0.78283,0.783,2.25,1.13
2012.01.05 09:23:20.394,0.78283,0.78299,2.25,1.13
2012.01.05 09:23:22.131,0.78283,0.78299,2.25,1.13
2012.01.05 09:23:22.760,0.78285,0.78299,1.50,1.13
2012.01.05 09:23:27.464,0.78285,0.78299,1.50,1.13
2012.01.05 09:23:27.535,0.78287,0.78299,1.88,1.13
2012.01.05 09:23:28.027,0.7829,0.78306,1.50,3.75
2012.01.05 09:23:28.381,0.7829,0.78307,1.50,3.00
2012.01.05 09:23:28.459,0.78292,0.78306,1.88,2.25
2012.01.05 09:23:28.875,0.78298,0.78306,1.50,2.25
2012.01.05 09:23:28.955,0.78299,0.78311,1.50,3.00
2012.01.05 09:23:29.029,0.78299,0.78311,1.50,3.00
2012.01.05 09:23:29.312,0.78296,0.78311,1.50,3.00
2012.01.05 09:23:29.386,0.78293,0.78311,4.28,4.50
2012.01.05 09:23:29.924,0.78295,0.78311,1.50,4.50
2012.01.05 09:23:31.605,0.78297,0.78314,1.50,1.50
2012.01.05 09:23:31.745,0.78297,0.78315,1.50,2.25
2012.01.05 09:23:31.886,0.78304,0.78317,1.50,3.00
2012.01.05 09:23:32.209,0.78301,0.78316,1.50,1.13
2012.01.05 09:23:32.414,0.78299,0.78316,1.50,1.13
2012.01.05 09:23:32.933,0.78298,0.78313,1.50,1.13
2012.01.05 09:23:33.195,0.78296,0.78314,3.38,3.38
2012.01.05 09:23:33.713,0.78297,0.78314,1.50,1.88
2012.01.05 09:23:36.984,0.78297,0.78314,1.50,1.88
2012.01.05 09:23:37.753,0.78296,0.78314,3.38,3.38
2012.01.05 09:23:38.347,0.78298,0.78314,1.50,3.38
2012.01.05 09:23:38.873,0.78297,0.78314,1.50,1.88
2012.01.05 09:23:39.396,0.78298,0.78314,1.50,3.38
2012.01.05 09:23:39.817,0.78296,0.78314,3.38,3.38
2012.01.05 09:23:40.204,0.78298,0.78314,1.50,3.38
2012.01.05 09:23:40.736,0.78298,0.78314,1.50,3.38
2012.01.05 09:23:42.804,0.78298,0.78314,1.50,3.38
2012.01.05 09:23:43.722,0.78298,0.78314,1.50,3.38
2012.01.05 09:23:44.281,0.78298,0.78314,1.50,3.38
2012.01.05 09:23:44.788,0.78298,0.78314,2.25,2.25
2012.01.05 09:23:44.993,0.78302,0.78317,1.50,1.13
2012.01.05 09:23:45.242,0.78302,0.78317,1.50,1.13
2012.01.05 09:23:45.691,0.78305,0.78317,1.50,1.13
2012.01.05 09:23:46.113,0.78303,0.78317,1.50,1.13
2012.01.05 09:23:46.243,0.78303,0.78317,1.50,1.13
2012.01.05 09:23:49.083,0.78303,0.78315,1.50,1.88
2012.01.05 09:23:49.164,0.78301,0.78315,1.50,1.88
2012.01.05 09:23:49.235,0.78299,0.78315,3.00,3.38
2012.01.05 09:23:49.375,0.78299,0.78314,1.50,1.13
2012.01.05 09:23:49.519,0.78296,0.78314,3.38,2.63
2012.01.05 09:23:50.169,0.78298,0.78314,1.50,1.13
2012.01.05 09:23:50.713,0.78299,0.78314,2.25,1.13
2012.01.05 09:23:55.069,0.78306,0.78317,1.88,3.00
2012.01.05 09:23:55.166,0.78306,0.78317,2.63,2.25
2012.01.05 09:23:55.253,0.78312,0.78317,1.50,2.25
2012.01.05 09:23:55.331,0.78312,0.7832,1.50,1.50
2012.01.05 09:23:55.408,0.78312,0.78325,1.50,1.13
2012.01.05 09:23:55.626,0.7831,0.78327,1.50,3.60
2012.01.05 09:23:56.185,0.78311,0.78323,1.50,1.13
2012.01.05 09:23:56.747,0.78311,0.78326,1.50,1.13
2012.01.05 09:23:57.278,0.78311,0.78326,2.25,1.13
2012.01.05 09:23:57.795,0.78311,0.78328,1.50,3.38
2012.01.05 09:23:58.328,0.78311,0.78328,2.25,3.38
2012.01.05 09:23:58.422,0.78316,0.78328,1.50,3.38
2012.01.05 09:23:58.756,0.78313,0.78328,2.25,3.38
2012.01.05 09:23:59.295,0.78313,0.78328,1.50,3.38
2012.01.05 09:24:00.346,0.78313,0.78328,1.50,3.38
2012.01.05 09:24:00.838,0.78316,0.78331,1.50,2.85
2012.01.05 09:24:01.201,0.78319,0.78331,1.50,1.73
2012.01.05 09:24:01.905,0.78316,0.78331,1.50,1.73
2012.01.05 09:24:02.203,0.78318,0.78332,1.50,2.10
2012.01.05 09:24:02.631,0.7832,0.78332,1.50,2.10
2012.01.05 09:24:03.189,0.78318,0.78332,2.25,2.10
2012.01.05 09:24:03.268,0.7832,0.78332,1.50,2.10
2012.01.05 09:24:03.404,0.78318,0.78332,2.25,2.10
2012.01.05 09:24:03.946,0.7832,0.78331,1.50,1.73
2012.01.05 09:24:04.362,0.78318,0.78331,1.50,1.73
2012.01.05 09:24:04.883,0.78319,0.78331,1.50,1.73
2012.01.05 09:24:06.576,0.7832,0.78331,1.50,1.13
2012.01.05 09:24:06.706,0.78322,0.78331,1.73,1.13
2012.01.05 09:24:06.849,0.78325,0.78338,1.50,4.13
2012.01.05 09:24:07.393,0.78326,0.78338,1.50,1.13
2012.01.05 09:24:07.466,0.78324,0.78338,2.25,1.13
2012.01.05 09:24:13.304,0.78324,0.78337,1.43,1.88
2012.01.05 09:24:13.657,0.78319,0.78332,1.50,1.50
2012.01.05 09:24:13.939,0.78315,0.78331,2.25,2.63
2012.01.05 09:24:14.698,0.78314,0.7833,2.25,3.75
2012.01.05 09:24:14.911,0.78315,0.7833,2.25,1.13
2012.01.05 09:24:15.269,0.78318,0.78331,1.50,1.13
2012.01.05 09:24:15.350,0.78316,0.78331,1.50,1.13
2012.01.05 09:24:16.168,0.78313,0.78331,3.75,2.63
2012.01.05 09:24:16.943,0.78314,0.78331,2.25,1.13
2012.01.05 09:24:19.385,0.78314,0.78328,1.50,2.25
2012.01.05 09:24:21.824,0.78314,0.7833,2.25,2.25
2012.01.05 09:24:22.523,0.78314,0.7833,2.25,2.25
2012.01.05 09:24:24.843,0.78313,0.78328,1.50,2.25
2012.01.05 09:24:25.033,0.78313,0.78328,2.25,2.25
2012.01.05 09:24:31.375,0.78313,0.78327,1.50,1.50
2012.01.05 09:24:32.461,0.78314,0.78328,1.50,2.25
2012.01.05 09:24:32.957,0.78313,0.78328,1.50,2.25
2012.01.05 09:24:34.543,0.78313,0.78328,2.25,1.50
2012.01.05 09:24:35.119,0.78313,0.78328,1.50,2.25
2012.01.05 09:24:35.883,0.78313,0.78331,3.00,2.25
2012.01.05 09:24:36.538,0.78313,0.78327,1.50,1.50
2012.01.05 09:24:37.161,0.78314,0.78329,1.50,2.25
2012.01.05 09:24:38.855,0.78314,0.78329,1.50,2.25
2012.01.05 09:24:40.013,0.78315,0.78331,1.50,2.63
2012.01.05 09:24:40.399,0.78315,0.78331,1.50,2.63
2012.01.05 09:24:43.553,0.78315,0.7833,1.50,2.25
