2012.01.24 03:00:00.477,0.80977,0.80995,2.25,2.25
2012.01.24 03:00:03.512,0.80978,0.80996,2.25,2.25
2012.01.24 03:00:04.032,0.80978,0.80996,2.25,2.25
2012.01.24 03:00:07.473,0.8098,0.80998,1.50,2.25
2012.01.24 03:00:07.542,0.8098,0.80998,1.50,2.25
2012.01.24 03:00:08.063,0.8098,0.80998,1.50,2.25
2012.01.24 03:00:08.263,0.8098,0.80996,1.50,2.25
2012.01.24 03:00:09.324,0.8098,0.80998,2.25,2.25
2012.01.24 03:00:10.124,0.80979,0.80997,1.50,2.25
2012.01.24 03:00:12.336,0.80979,0.80997,1.50,2.25
2012.01.24 03:00:12.834,0.80974,0.80989,1.65,1.50
2012.01.24 03:00:13.146,0.80971,0.80989,3.00,2.25
2012.01.24 03:00:17.747,0.80974,0.8099,1.50,2.25
2012.01.24 03:00:17.887,0.80972,0.8099,2.25,2.25
2012.01.24 03:00:18.387,0.8097,0.80988,3.45,2.25
2012.01.24 03:00:23.761,0.8097,0.80988,4.20,2.25
2012.01.24 03:00:32.042,0.8097,0.80988,3.45,2.25
2012.01.24 03:00:32.693,0.8097,0.80988,4.20,2.25
2012.01.24 03:00:33.174,0.80972,0.8099,1.50,2.25
2012.01.24 03:00:33.708,0.80972,0.8099,1.50,2.25
2012.01.24 03:00:33.896,0.8097,0.80986,3.45,2.25
2012.01.24 03:00:34.039,0.80967,0.80983,2.25,2.25
2012.01.24 03:00:34.106,0.80966,0.80981,2.70,1.50
2012.01.24 03:00:34.448,0.80971,0.80988,1.95,2.25
2012.01.24 03:00:35.225,0.80971,0.80988,1.95,2.25
2012.01.24 03:00:35.538,0.8097,0.80988,2.25,2.25
2012.01.24 03:00:35.670,0.8097,0.80988,4.95,2.63
2012.01.24 03:00:36.005,0.8097,0.80987,1.95,2.25
2012.01.24 03:00:36.525,0.8097,0.80987,1.95,2.25
2012.01.24 03:00:37.535,0.8097,0.80988,4.20,2.25
2012.01.24 03:00:38.351,0.8097,0.80988,4.20,2.25
2012.01.24 03:00:38.702,0.8097,0.80986,3.45,2.25
2012.01.24 03:00:40.093,0.80971,0.80987,1.50,2.25
2012.01.24 03:00:40.697,0.8097,0.80987,1.95,2.25
2012.01.24 03:00:42.811,0.80971,0.80987,1.50,2.25
2012.01.24 03:00:44.243,0.80971,0.80987,1.50,2.25
2012.01.24 03:00:44.835,0.80971,0.80987,1.50,2.25
2012.01.24 03:00:46.688,0.80971,0.80987,1.50,2.25
2012.01.24 03:00:46.883,0.80971,0.80987,1.50,2.25
2012.01.24 03:00:47.413,0.8097,0.80987,1.95,2.25
2012.01.24 03:00:47.953,0.8097,0.80987,1.95,2.25
2012.01.24 03:00:51.080,0.80972,0.80988,1.50,2.25
2012.01.24 03:00:57.077,0.80972,0.8099,1.50,2.25
2012.01.24 03:00:57.401,0.80974,0.8099,1.50,2.25
2012.01.24 03:00:57.904,0.80973,0.80989,1.50,2.25
2012.01.24 03:01:00.355,0.80971,0.80987,1.50,2.25
2012.01.24 03:01:06.124,0.80971,0.80989,1.50,2.25
2012.01.24 03:01:06.576,0.80966,0.80983,2.70,1.50
2012.01.24 03:01:06.643,0.80966,0.80983,2.70,2.25
2012.01.24 03:01:07.165,0.80967,0.80983,1.50,2.25
2012.01.24 03:01:10.744,0.80967,0.80984,1.50,2.25
2012.01.24 03:01:10.998,0.80971,0.80989,1.50,2.25
2012.01.24 03:01:11.304,0.80971,0.80989,1.50,2.25
2012.01.24 03:01:12.055,0.80971,0.80989,1.50,2.25
2012.01.24 03:01:12.774,0.80971,0.80989,1.50,2.25
2012.01.24 03:01:14.955,0.80968,0.80984,2.85,2.25
2012.01.24 03:01:15.202,0.80965,0.80983,4.95,2.25
2012.01.24 03:01:18.553,0.80966,0.80984,3.00,2.25
2012.01.24 03:01:19.113,0.80966,0.80984,2.25,2.25
2012.01.24 03:01:19.942,0.80968,0.80986,1.50,2.25
2012.01.24 03:01:20.570,0.80968,0.80984,1.50,2.25
2012.01.24 03:01:24.435,0.80968,0.80984,1.50,2.25
2012.01.24 03:01:25.224,0.80966,0.80982,1.50,2.25
2012.01.24 03:01:31.662,0.80967,0.80983,1.50,2.25
2012.01.24 03:01:37.184,0.80965,0.80983,4.20,2.25
2012.01.24 03:01:37.786,0.80966,0.80984,1.50,2.25
2012.01.24 03:01:42.362,0.80966,0.80984,3.00,2.25
2012.01.24 03:01:42.932,0.80966,0.80984,3.00,2.25
2012.01.24 03:01:44.184,0.80966,0.80984,2.25,2.25
2012.01.24 03:01:45.115,0.80966,0.80984,2.25,2.25
2012.01.24 03:01:45.365,0.80971,0.80987,1.50,2.25
2012.01.24 03:01:46.069,0.80969,0.80985,1.50,2.25
2012.01.24 03:01:46.137,0.80969,0.80985,1.50,2.25
2012.01.24 03:01:46.656,0.80969,0.80987,1.50,2.25
2012.01.24 03:01:46.993,0.80967,0.80985,2.25,2.25
2012.01.24 03:01:47.084,0.80969,0.80985,1.50,2.25
2012.01.24 03:01:49.514,0.80969,0.80985,1.50,2.25
2012.01.24 03:01:50.133,0.80968,0.80984,1.50,2.25
2012.01.24 03:01:53.836,0.80969,0.80985,1.50,2.25
2012.01.24 03:01:54.336,0.8097,0.80988,1.50,3.00
2012.01.24 03:02:00.336,0.8097,0.80986,1.50,2.25
2012.01.24 03:02:00.716,0.80969,0.80985,2.25,2.25
2012.01.24 03:02:23.626,0.80968,0.80986,1.50,2.25
2012.01.24 03:02:23.933,0.80968,0.80984,1.50,2.25
2012.01.24 03:02:24.495,0.80967,0.80983,2.25,2.25
2012.01.24 03:02:25.221,0.80967,0.80983,2.25,2.25
2012.01.24 03:02:28.586,0.80968,0.80983,1.50,2.25
2012.01.24 03:02:58.703,0.8097,0.80988,2.25,2.25
2012.01.24 03:03:05.634,0.8097,0.80988,2.25,2.25
2012.01.24 03:03:11.706,0.80974,0.80989,1.88,1.50
2012.01.24 03:03:16.064,0.80974,0.80987,1.88,1.50
2012.01.24 03:03:22.197,0.80974,0.80988,1.13,1.50
2012.01.24 03:03:24.072,0.80974,0.80988,1.13,1.50
2012.01.24 03:03:24.604,0.80974,0.80988,1.13,1.50
2012.01.24 03:03:25.184,0.80974,0.80986,1.13,1.50
2012.01.24 03:03:25.846,0.80972,0.80985,1.13,1.50
2012.01.24 03:03:27.394,0.80972,0.80986,1.88,1.50
2012.01.24 03:04:06.667,0.80972,0.80988,1.73,1.50
2012.01.24 03:04:07.237,0.80972,0.80987,1.73,1.50
2012.01.24 03:04:16.320,0.80972,0.80985,1.73,1.50
2012.01.24 03:04:17.593,0.80972,0.80987,1.73,1.50
2012.01.24 03:04:30.674,0.8097,0.80986,2.48,1.50
2012.01.24 03:04:32.196,0.80971,0.80987,2.48,1.50
2012.01.24 03:04:37.751,0.8097,0.80988,2.48,1.50
2012.01.24 03:04:40.414,0.8097,0.80986,2.48,1.50
2012.01.24 03:04:42.120,0.8097,0.80988,2.48,1.50
2012.01.24 03:04:42.199,0.80974,0.80988,1.73,1.50
2012.01.24 03:04:42.762,0.80972,0.80987,1.73,1.50
2012.01.24 03:04:44.283,0.80972,0.80987,1.73,1.50
2012.01.24 03:04:44.534,0.80971,0.80985,1.73,1.50
2012.01.24 03:04:44.842,0.80967,0.80985,2.25,2.25
2012.01.24 03:04:45.759,0.80969,0.80985,2.25,2.25
2012.01.24 03:04:45.944,0.80969,0.80985,2.25,2.25
2012.01.24 03:04:46.711,0.80968,0.80986,3.00,2.25
2012.01.24 03:04:47.150,0.80968,0.80986,3.00,2.25
2012.01.24 03:04:47.452,0.80968,0.80986,3.00,2.25
2012.01.24 03:04:47.944,0.8097,0.80988,1.50,2.25
2012.01.24 03:04:48.313,0.80969,0.80987,2.25,2.25
2012.01.24 03:05:01.186,0.8097,0.80986,1.50,2.25
2012.01.24 03:05:04.550,0.8097,0.80986,2.25,2.25
2012.01.24 03:05:08.928,0.8097,0.80986,2.25,2.25
2012.01.24 03:05:09.175,0.80971,0.80987,1.50,2.25
2012.01.24 03:05:09.849,0.8097,0.80986,1.50,2.25
2012.01.24 03:05:15.119,0.80971,0.80987,2.25,2.25
2012.01.24 03:05:15.622,0.8097,0.80986,2.25,2.25
2012.01.24 03:05:16.481,0.8097,0.80986,1.50,2.25
2012.01.24 03:05:18.884,0.80968,0.80984,2.25,2.25
2012.01.24 03:05:41.496,0.80968,0.80986,2.25,2.25
2012.01.24 03:05:46.056,0.80967,0.80985,3.00,2.25
2012.01.24 03:05:46.324,0.80969,0.80985,2.25,2.25
2012.01.24 03:05:47.044,0.80971,0.80987,2.25,2.25
2012.01.24 03:05:47.131,0.80974,0.80992,2.25,2.25
2012.01.24 03:05:47.207,0.80973,0.80988,1.50,1.50
2012.01.24 03:05:47.336,0.80972,0.80988,3.00,2.25
2012.01.24 03:05:57.397,0.80972,0.80988,2.25,2.25
2012.01.24 03:05:58.298,0.80971,0.80986,1.13,1.50
2012.01.24 03:06:01.905,0.80972,0.80986,1.50,1.50
2012.01.24 03:06:02.411,0.80972,0.80987,1.50,2.25
2012.01.24 03:06:04.913,0.80971,0.80987,1.13,2.25
2012.01.24 03:06:24.283,0.80971,0.80985,1.13,1.50
2012.01.24 03:06:24.842,0.80969,0.80984,1.88,1.50
2012.01.24 03:06:25.352,0.80971,0.80984,1.13,1.50
2012.01.24 03:06:28.046,0.80972,0.80984,1.50,1.50
2012.01.24 03:06:30.095,0.80972,0.80986,1.50,2.25
2012.01.24 03:06:30.717,0.80972,0.80985,1.50,1.50
2012.01.24 03:06:33.672,0.80972,0.80984,1.50,1.50
2012.01.24 03:06:46.564,0.80972,0.80986,1.88,2.25
2012.01.24 03:06:47.092,0.80972,0.80985,1.88,1.50
2012.01.24 03:06:47.162,0.80972,0.80985,1.88,1.50
2012.01.24 03:06:47.736,0.80972,0.80982,1.88,1.50
2012.01.24 03:06:48.402,0.80972,0.80984,1.88,1.50
2012.01.24 03:06:48.921,0.80972,0.80983,1.88,1.50
2012.01.24 03:06:49.881,0.80972,0.80984,1.88,1.50
2012.01.24 03:06:57.131,0.80972,0.80986,1.88,1.50
2012.01.24 03:06:57.641,0.80972,0.80985,1.88,1.50
2012.01.24 03:06:58.191,0.80972,0.80984,1.88,1.50
2012.01.24 03:07:01.061,0.80972,0.80986,1.88,1.50
2012.01.24 03:07:01.197,0.80974,0.80986,1.50,1.50
2012.01.24 03:07:01.834,0.80977,0.80987,1.13,1.50
2012.01.24 03:07:01.915,0.80977,0.80991,1.13,1.50
2012.01.24 03:07:04.204,0.80979,0.80991,1.50,1.50
2012.01.24 03:07:07.706,0.80981,0.80994,1.13,1.50
2012.01.24 03:07:11.416,0.8098,0.80994,1.13,1.50
2012.01.24 03:07:11.755,0.8098,0.80992,1.13,1.50
2012.01.24 03:07:13.292,0.8098,0.80991,1.13,1.50
2012.01.24 03:07:14.855,0.8098,0.80992,1.13,1.50
2012.01.24 03:07:15.443,0.8098,0.80991,1.13,1.50
2012.01.24 03:07:20.655,0.8098,0.80993,1.13,1.50
2012.01.24 03:07:20.995,0.80979,0.80991,1.88,1.50
2012.01.24 03:07:24.444,0.80979,0.80991,1.50,1.50
2012.01.24 03:07:24.573,0.80976,0.80989,1.50,1.50
2012.01.24 03:07:24.707,0.80974,0.80989,1.88,2.25
2012.01.24 03:07:24.897,0.80974,0.80984,1.50,1.50
2012.01.24 03:07:25.842,0.80971,0.80985,1.50,1.50
2012.01.24 03:07:28.175,0.80971,0.80987,3.00,2.25
2012.01.24 03:07:28.840,0.80971,0.80987,3.00,1.50
2012.01.24 03:07:39.141,0.8097,0.80985,1.50,1.50
2012.01.24 03:07:42.399,0.80972,0.80988,1.50,2.25
2012.01.24 03:07:43.335,0.80973,0.80988,1.50,2.25
2012.01.24 03:07:52.385,0.80973,0.80989,3.00,2.25
2012.01.24 03:07:52.514,0.80974,0.80991,1.13,2.25
2012.01.24 03:07:53.024,0.80977,0.80995,2.25,2.25
2012.01.24 03:07:53.274,0.80979,0.80995,3.38,2.25
2012.01.24 03:07:57.472,0.80979,0.80994,1.88,1.50
2012.01.24 03:08:13.355,0.8098,0.80996,1.13,2.25
2012.01.24 03:08:16.715,0.8098,0.80994,1.13,1.50
2012.01.24 03:08:17.329,0.80979,0.80997,3.38,2.25
2012.01.24 03:08:19.106,0.8098,0.80992,1.13,1.50
2012.01.24 03:08:19.237,0.80976,0.80992,2.25,2.25
2012.01.24 03:08:19.547,0.80974,0.8099,2.25,1.50
2012.01.24 03:08:19.903,0.80976,0.80992,1.50,2.25
2012.01.24 03:08:21.717,0.80975,0.80991,1.50,2.25
2012.01.24 03:08:21.794,0.80975,0.80991,2.25,2.25
2012.01.24 03:08:22.114,0.80975,0.80993,1.50,2.25
2012.01.24 03:08:25.023,0.80975,0.80991,1.50,2.25
2012.01.24 03:08:25.346,0.80971,0.80989,2.25,2.25
2012.01.24 03:08:30.705,0.80974,0.8099,1.50,2.25
2012.01.24 03:08:30.775,0.80974,0.8099,1.50,2.25
2012.01.24 03:08:31.168,0.80978,0.80996,1.50,3.38
2012.01.24 03:08:31.356,0.80977,0.80993,1.50,2.25
2012.01.24 03:08:31.633,0.80975,0.80991,2.25,2.25
2012.01.24 03:08:34.832,0.80974,0.80991,1.50,1.13
2012.01.24 03:08:35.047,0.80972,0.8099,1.50,2.25
2012.01.24 03:08:35.497,0.80968,0.80984,3.38,1.50
2012.01.24 03:08:35.999,0.80971,0.80987,2.25,2.25
2012.01.24 03:08:40.623,0.80971,0.80987,1.50,2.25
2012.01.24 03:08:41.142,0.80971,0.80987,1.50,2.25
2012.01.24 03:08:46.837,0.80973,0.80991,1.50,2.25
2012.01.24 03:08:47.956,0.80974,0.8099,1.50,2.25
2012.01.24 03:08:48.504,0.80973,0.80989,1.50,2.25
2012.01.24 03:08:48.823,0.80975,0.80991,1.50,2.25
2012.01.24 03:08:50.135,0.80975,0.80991,2.25,2.25
2012.01.24 03:08:50.267,0.80977,0.80993,1.50,2.25
2012.01.24 03:09:00.696,0.80977,0.80993,1.50,2.25
2012.01.24 03:09:01.022,0.80977,0.80993,1.50,2.25
2012.01.24 03:09:16.534,0.8098,0.80996,1.50,2.25
2012.01.24 03:09:16.933,0.8098,0.80998,1.50,2.25
2012.01.24 03:09:20.251,0.8098,0.80998,1.50,2.25
2012.01.24 03:09:20.644,0.80976,0.80994,2.25,2.25
2012.01.24 03:09:21.563,0.80979,0.80995,1.50,2.25
2012.01.24 03:09:21.883,0.80977,0.80995,1.50,2.25
2012.01.24 03:09:22.632,0.80978,0.80996,1.50,2.25
2012.01.24 03:09:25.755,0.80978,0.80996,1.50,2.25
2012.01.24 03:09:26.145,0.80979,0.80996,1.13,2.25
2012.01.24 03:09:26.393,0.8098,0.80996,1.13,2.25
2012.01.24 03:09:31.966,0.8098,0.80996,2.25,2.25
2012.01.24 03:09:32.494,0.8098,0.80996,1.50,2.25
2012.01.24 03:09:32.794,0.8098,0.80996,2.25,2.25
2012.01.24 03:09:41.607,0.80978,0.80994,2.63,1.50
2012.01.24 03:09:41.815,0.80975,0.80993,4.58,2.25
2012.01.24 03:09:42.125,0.80975,0.80993,2.25,2.63
2012.01.24 03:09:42.435,0.80973,0.80989,1.50,2.25
2012.01.24 03:09:42.744,0.80971,0.80987,2.25,2.25
2012.01.24 03:09:43.244,0.80972,0.8099,1.50,2.25
2012.01.24 03:10:18.386,0.80974,0.8099,1.50,2.25
2012.01.24 03:10:18.714,0.80972,0.8099,1.50,2.25
2012.01.24 03:10:28.093,0.80975,0.80991,1.50,3.38
2012.01.24 03:10:28.406,0.80977,0.80988,1.50,1.13
2012.01.24 03:10:29.276,0.80974,0.80988,1.50,1.13
2012.01.24 03:10:29.405,0.80976,0.80988,1.50,1.13
2012.01.24 03:10:29.725,0.80979,0.80991,1.50,1.13
2012.01.24 03:10:30.074,0.80977,0.80991,1.50,1.13
2012.01.24 03:10:31.598,0.80978,0.80991,1.50,1.13
2012.01.24 03:10:35.145,0.80978,0.80991,1.50,1.13
2012.01.24 03:10:35.539,0.80978,0.80993,1.50,1.13
2012.01.24 03:10:35.606,0.80978,0.80994,1.50,1.13
2012.01.24 03:10:36.136,0.80978,0.80994,1.50,1.13
2012.01.24 03:10:49.203,0.80981,0.80994,1.50,1.13
2012.01.24 03:10:49.803,0.80981,0.80994,1.50,1.13
2012.01.24 03:10:56.924,0.80979,0.80994,1.50,1.13
2012.01.24 03:10:57.507,0.80979,0.80994,1.50,1.13
2012.01.24 03:11:13.444,0.80979,0.80994,1.50,1.13
2012.01.24 03:11:13.514,0.80983,0.80994,1.50,1.13
2012.01.24 03:11:14.003,0.8098,0.80997,1.50,1.88
2012.01.24 03:11:15.453,0.80983,0.80997,1.50,1.88
2012.01.24 03:11:28.800,0.80984,0.80997,1.50,1.13
2012.01.24 03:11:28.866,0.80982,0.80997,1.50,1.13
2012.01.24 03:11:32.075,0.80983,0.80997,1.50,1.13
2012.01.24 03:11:42.947,0.80981,0.80997,1.50,2.63
2012.01.24 03:11:53.365,0.80983,0.80997,1.50,1.13
2012.01.24 03:11:59.313,0.80981,0.80996,1.50,1.50
2012.01.24 03:12:02.715,0.80981,0.80997,1.50,2.63
2012.01.24 03:12:02.986,0.80984,0.80997,1.50,1.13
2012.01.24 03:12:13.073,0.80983,0.80997,1.50,1.13
2012.01.24 03:12:13.754,0.8098,0.80996,1.50,2.25
2012.01.24 03:12:14.015,0.80981,0.80997,2.25,1.50
2012.01.24 03:12:14.145,0.80981,0.80997,2.63,1.50
2012.01.24 03:12:14.215,0.80986,0.81,1.50,1.50
2012.01.24 03:12:14.415,0.80984,0.80999,2.25,4.20
2012.01.24 03:12:14.677,0.80983,0.81,2.25,1.95
2012.01.24 03:12:14.931,0.80983,0.80999,2.25,2.25
2012.01.24 03:12:15.124,0.80979,0.80997,2.25,1.50
2012.01.24 03:12:24.458,0.80981,0.80997,2.25,2.25
2012.01.24 03:12:24.526,0.80978,0.80993,1.13,1.50
2012.01.24 03:12:25.083,0.80976,0.80992,2.25,1.50
2012.01.24 03:12:33.026,0.8098,0.80994,1.50,3.00
2012.01.24 03:12:33.334,0.8098,0.80998,2.25,3.00
2012.01.24 03:12:33.940,0.80979,0.80997,2.25,2.25
2012.01.24 03:12:53.037,0.80978,0.80994,2.25,1.50
2012.01.24 03:12:53.394,0.80978,0.80994,2.25,2.25
2012.01.24 03:12:57.994,0.80975,0.80988,1.13,1.50
2012.01.24 03:12:58.254,0.80972,0.80988,2.25,1.50
2012.01.24 03:12:58.859,0.80973,0.80991,2.25,3.00
2012.01.24 03:13:16.028,0.80979,0.80995,1.50,2.25
2012.01.24 03:13:16.155,0.80978,0.80994,1.50,2.25
2012.01.24 03:13:17.056,0.80979,0.80995,1.50,2.25
2012.01.24 03:13:19.945,0.80976,0.80992,1.50,2.25
2012.01.24 03:13:20.254,0.80975,0.80991,2.25,1.50
2012.01.24 03:13:20.880,0.80976,0.80992,2.25,1.50
2012.01.24 03:13:22.532,0.80976,0.80992,2.25,1.50
2012.01.24 03:13:31.673,0.80975,0.80991,2.25,1.50
2012.01.24 03:13:52.674,0.80975,0.80991,2.25,1.50
2012.01.24 03:13:53.788,0.80974,0.8099,2.25,1.50
2012.01.24 03:13:54.936,0.80972,0.8099,2.63,1.50
2012.01.24 03:13:55.707,0.80973,0.80991,2.25,3.00
2012.01.24 03:14:10.919,0.80973,0.80991,2.25,3.00
2012.01.24 03:14:11.567,0.80972,0.8099,2.63,1.50
2012.01.24 03:14:18.516,0.80973,0.80991,2.25,3.00
2012.01.24 03:14:19.040,0.80972,0.8099,2.63,1.50
2012.01.24 03:14:24.964,0.80973,0.80989,2.25,1.50
2012.01.24 03:14:31.261,0.80973,0.80991,2.25,3.00
2012.01.24 03:14:31.516,0.80973,0.80989,2.25,1.50
2012.01.24 03:14:32.124,0.80973,0.80989,2.63,2.25
2012.01.24 03:14:39.024,0.80974,0.8099,2.25,1.50
2012.01.24 03:14:39.274,0.80973,0.80989,2.25,2.25
2012.01.24 03:14:43.415,0.80973,0.80991,2.63,2.25
2012.01.24 03:14:43.604,0.80973,0.80991,2.63,2.25
2012.01.24 03:15:03.653,0.80973,0.80991,2.63,3.00
2012.01.24 03:15:03.806,0.80973,0.80991,2.63,3.00
2012.01.24 03:15:15.355,0.80973,0.80991,2.63,3.00
2012.01.24 03:15:16.615,0.80971,0.80988,2.25,1.88
2012.01.24 03:15:16.865,0.80971,0.80987,2.25,1.13
2012.01.24 03:15:17.005,0.80967,0.80985,1.50,2.63
2012.01.24 03:15:17.567,0.80968,0.80985,1.50,1.13
2012.01.24 03:15:21.828,0.80968,0.80983,1.50,1.50
2012.01.24 03:15:22.455,0.80959,0.80975,1.50,2.63
2012.01.24 03:15:22.586,0.80957,0.80975,2.25,2.63
2012.01.24 03:15:23.225,0.80959,0.80973,1.50,1.50
2012.01.24 03:15:27.217,0.80959,0.80973,1.50,1.50
2012.01.24 03:15:31.946,0.80958,0.80973,1.50,1.50
2012.01.24 03:15:35.018,0.80959,0.80973,1.50,1.50
2012.01.24 03:15:40.736,0.80958,0.80973,1.50,1.50
2012.01.24 03:15:44.736,0.80958,0.80974,1.50,2.25
2012.01.24 03:15:45.616,0.80959,0.80975,1.50,2.63
2012.01.24 03:15:55.135,0.80958,0.80974,1.50,2.25
2012.01.24 03:15:56.979,0.80958,0.80974,1.50,2.25
2012.01.24 03:15:57.547,0.80957,0.80973,1.50,1.50
2012.01.24 03:15:58.216,0.80954,0.8097,2.25,2.25
2012.01.24 03:16:00.442,0.80954,0.8097,2.25,3.00
2012.01.24 03:16:01.122,0.80953,0.8097,2.25,1.50
2012.01.24 03:16:02.075,0.80953,0.8097,2.25,1.50
2012.01.24 03:16:02.269,0.80953,0.80964,1.50,1.13
2012.01.24 03:16:02.458,0.80948,0.80964,2.25,2.63
2012.01.24 03:16:03.105,0.80946,0.80962,2.25,1.50
2012.01.24 03:16:04.196,0.80946,0.80964,2.25,3.38
2012.01.24 03:16:05.708,0.80947,0.80963,2.25,1.50
2012.01.24 03:16:05.776,0.80951,0.80967,1.50,2.63
2012.01.24 03:16:06.589,0.80948,0.80966,2.25,2.25
2012.01.24 03:16:07.268,0.80949,0.80967,1.50,2.63
2012.01.24 03:16:07.962,0.80949,0.80964,1.50,1.50
2012.01.24 03:16:08.483,0.80948,0.80964,2.25,1.50
2012.01.24 03:16:09.988,0.80948,0.80964,1.50,1.13
2012.01.24 03:16:10.177,0.80945,0.80963,3.00,2.63
2012.01.24 03:16:10.245,0.80945,0.80963,3.00,2.63
2012.01.24 03:16:11.620,0.80945,0.80963,3.00,2.63
2012.01.24 03:16:15.434,0.80945,0.80963,3.00,2.25
2012.01.24 03:16:15.955,0.8095,0.80966,1.50,2.25
2012.01.24 03:16:16.026,0.8095,0.80966,1.50,2.25
2012.01.24 03:16:16.516,0.80946,0.80962,2.70,1.50
2012.01.24 03:16:17.695,0.80949,0.80965,1.50,2.25
2012.01.24 03:16:19.465,0.80949,0.80965,1.50,2.25
2012.01.24 03:16:19.537,0.80946,0.80964,4.20,2.25
2012.01.24 03:16:19.608,0.80949,0.80965,1.50,2.25
2012.01.24 03:16:20.264,0.8095,0.80966,1.50,2.25
2012.01.24 03:16:20.556,0.80945,0.80961,3.00,1.50
2012.01.24 03:16:20.625,0.80948,0.80964,1.50,2.25
2012.01.24 03:16:21.165,0.80948,0.80964,2.25,2.25
2012.01.24 03:16:21.236,0.8095,0.80965,1.50,1.13
2012.01.24 03:16:21.548,0.8095,0.80968,1.50,3.00
2012.01.24 03:16:21.799,0.80952,0.80968,1.50,3.00
2012.01.24 03:16:22.166,0.80947,0.80965,3.00,2.25
2012.01.24 03:16:22.354,0.80947,0.80965,2.25,2.25
2012.01.24 03:16:23.628,0.80947,0.80965,2.25,2.25
2012.01.24 03:16:23.959,0.80946,0.80962,2.25,1.50
2012.01.24 03:16:24.975,0.80947,0.80964,2.25,1.13
2012.01.24 03:16:25.445,0.80951,0.80964,1.50,1.13
2012.01.24 03:16:26.057,0.80949,0.80967,2.25,2.25
2012.01.24 03:16:26.576,0.8095,0.80968,1.50,2.63
2012.01.24 03:16:26.886,0.80948,0.80966,1.50,2.25
2012.01.24 03:16:27.261,0.80948,0.80966,1.50,2.25
2012.01.24 03:16:28.009,0.80946,0.80962,3.00,2.25
2012.01.24 03:16:32.147,0.80946,0.80964,3.00,2.25
2012.01.24 03:16:33.399,0.80949,0.80965,1.50,2.25
2012.01.24 03:16:35.657,0.8095,0.80966,1.50,2.25
2012.01.24 03:16:37.989,0.80952,0.80968,1.50,2.63
2012.01.24 03:16:44.664,0.80952,0.80968,2.25,2.63
2012.01.24 03:16:45.004,0.80954,0.80968,1.50,1.13
2012.01.24 03:16:45.076,0.80952,0.80968,1.50,1.13
2012.01.24 03:16:47.104,0.80953,0.80968,1.50,1.13
2012.01.24 03:16:47.297,0.80951,0.80968,1.50,1.13
2012.01.24 03:16:48.694,0.8095,0.80968,1.50,2.63
2012.01.24 03:16:49.219,0.80952,0.80968,1.50,2.63
2012.01.24 03:16:50.024,0.80949,0.80965,1.50,2.25
2012.01.24 03:16:53.055,0.80948,0.80966,1.50,2.25
2012.01.24 03:16:53.485,0.8095,0.80966,1.50,2.25
2012.01.24 03:16:54.755,0.8095,0.80966,1.50,2.25
2012.01.24 03:16:57.060,0.80951,0.80968,1.50,1.13
2012.01.24 03:17:00.364,0.80952,0.80968,1.50,2.63
2012.01.24 03:17:03.143,0.8095,0.80968,1.50,2.63
2012.01.24 03:17:05.893,0.80952,0.80968,1.50,2.63
2012.01.24 03:17:07.494,0.8095,0.80968,1.50,2.63
2012.01.24 03:17:09.153,0.80951,0.80967,1.50,2.25
2012.01.24 03:17:13.067,0.8095,0.80968,1.50,2.63
2012.01.24 03:17:14.729,0.80951,0.80968,1.50,1.13
2012.01.24 03:17:14.987,0.80954,0.80969,1.50,1.50
2012.01.24 03:17:15.058,0.80954,0.80969,1.50,1.50
2012.01.24 03:17:15.576,0.80953,0.80969,1.50,1.50
2012.01.24 03:17:21.441,0.80952,0.80969,2.25,1.50
2012.01.24 03:17:21.983,0.80953,0.80969,1.50,1.50
2012.01.24 03:17:22.506,0.80953,0.80969,1.50,1.50
2012.01.24 03:17:31.203,0.80955,0.80969,1.50,1.50
2012.01.24 03:17:33.157,0.80953,0.80969,1.50,1.50
2012.01.24 03:17:37.157,0.80956,0.80969,1.50,1.50
2012.01.24 03:17:38.447,0.80956,0.80968,1.50,1.50
2012.01.24 03:17:38.975,0.80956,0.80969,1.50,1.50
2012.01.24 03:17:42.137,0.80956,0.80968,1.50,1.50
2012.01.24 03:17:42.681,0.80956,0.80969,1.50,1.50
2012.01.24 03:17:42.936,0.80958,0.80969,1.50,1.50
2012.01.24 03:17:43.448,0.80958,0.80968,1.50,1.50
2012.01.24 03:17:46.078,0.80956,0.80967,1.50,1.50
2012.01.24 03:17:46.458,0.80956,0.80969,1.50,1.50
2012.01.24 03:17:46.589,0.80956,0.80969,1.50,1.50
2012.01.24 03:17:48.380,0.80955,0.80969,1.50,1.50
2012.01.24 03:17:48.855,0.80957,0.80969,1.50,1.50
2012.01.24 03:17:49.477,0.80955,0.80969,1.50,1.50
2012.01.24 03:17:51.853,0.80955,0.80969,1.50,1.50
2012.01.24 03:17:51.942,0.80957,0.80969,1.50,1.50
2012.01.24 03:18:00.914,0.80956,0.80969,1.50,1.50
2012.01.24 03:18:06.758,0.80956,0.80969,1.50,1.50
2012.01.24 03:18:09.268,0.80956,0.80969,1.50,1.50
2012.01.24 03:18:10.135,0.80957,0.80969,1.50,1.50
2012.01.24 03:18:11.258,0.80956,0.80969,1.50,1.50
2012.01.24 03:18:13.207,0.80959,0.80969,1.50,1.50
2012.01.24 03:18:19.197,0.80958,0.80969,1.50,1.50
2012.01.24 03:18:19.797,0.80959,0.80969,1.50,1.50
2012.01.24 03:18:20.175,0.80959,0.80974,1.50,1.88
2012.01.24 03:18:20.674,0.8096,0.80974,1.50,1.88
2012.01.24 03:18:20.746,0.80962,0.80974,1.50,1.88
2012.01.24 03:18:22.126,0.80961,0.80974,1.50,1.88
2012.01.24 03:18:25.060,0.80958,0.80974,1.50,1.88
2012.01.24 03:18:27.542,0.80958,0.80974,1.50,1.88
2012.01.24 03:18:28.994,0.80962,0.80975,1.50,1.13
2012.01.24 03:18:29.064,0.80962,0.80975,1.50,1.13
2012.01.24 03:18:30.204,0.80961,0.80974,1.50,1.50
2012.01.24 03:18:35.776,0.80958,0.80974,1.50,1.50
2012.01.24 03:18:44.365,0.80954,0.80972,2.25,1.88
2012.01.24 03:19:02.334,0.80955,0.80973,2.25,2.63
2012.01.24 03:19:12.757,0.80953,0.80971,2.25,1.88
2012.01.24 03:19:13.456,0.80953,0.80971,2.25,1.88
2012.01.24 03:19:14.247,0.80953,0.80971,2.25,1.88
2012.01.24 03:19:15.454,0.80953,0.80971,2.25,1.88
2012.01.24 03:19:17.835,0.80953,0.80971,2.25,1.88
2012.01.24 03:19:27.984,0.80953,0.80971,2.25,2.63
2012.01.24 03:19:31.595,0.80953,0.80971,2.25,2.63
2012.01.24 03:19:31.845,0.80953,0.80971,2.25,3.38
2012.01.24 03:19:32.821,0.80953,0.80971,2.25,2.63
2012.01.24 03:19:33.354,0.80953,0.80971,2.25,2.63
2012.01.24 03:19:33.410,0.80957,0.80971,1.50,1.13
2012.01.24 03:19:33.481,0.80955,0.80971,1.50,1.13
2012.01.24 03:19:33.546,0.80955,0.80971,1.50,1.88
2012.01.24 03:19:35.803,0.80955,0.80972,2.25,1.13
2012.01.24 03:19:36.140,0.80955,0.8097,2.25,1.50
2012.01.24 03:19:36.664,0.80955,0.80972,2.25,1.13
2012.01.24 03:19:37.634,0.80955,0.80972,2.25,1.13
2012.01.24 03:19:39.704,0.80955,0.80972,2.25,1.88
2012.01.24 03:19:40.238,0.80954,0.8097,2.25,2.25
2012.01.24 03:19:41.525,0.80954,0.8097,2.25,2.25
2012.01.24 03:19:46.568,0.80955,0.80973,2.25,4.13
2012.01.24 03:19:46.637,0.80955,0.80971,2.25,1.13
2012.01.24 03:19:46.945,0.80956,0.80972,2.25,1.88
2012.01.24 03:19:47.258,0.80956,0.80971,1.50,1.13
2012.01.24 03:19:51.126,0.80956,0.80972,2.25,2.63
2012.01.24 03:19:52.287,0.80958,0.80972,1.50,1.13
2012.01.24 03:19:52.846,0.80956,0.80971,2.25,1.13
2012.01.24 03:20:08.468,0.80956,0.80973,2.25,1.13
2012.01.24 03:20:08.544,0.80958,0.80976,2.25,3.38
2012.01.24 03:20:08.679,0.80958,0.80974,2.25,2.70
2012.01.24 03:20:08.823,0.80956,0.80971,1.13,1.50
2012.01.24 03:20:09.196,0.80953,0.80969,2.63,1.50
2012.01.24 03:20:09.506,0.80953,0.80971,2.63,1.88
2012.01.24 03:20:10.027,0.80953,0.80969,1.13,1.50
2012.01.24 03:20:10.788,0.80953,0.80967,1.13,1.50
2012.01.24 03:20:11.545,0.80953,0.80967,1.13,1.50
2012.01.24 03:20:12.854,0.80953,0.80968,1.13,2.25
2012.01.24 03:20:13.206,0.80949,0.80965,1.13,1.50
2012.01.24 03:20:13.459,0.80946,0.80962,2.25,2.25
2012.01.24 03:20:13.646,0.80944,0.8096,3.00,1.50
2012.01.24 03:20:14.007,0.80942,0.80957,1.50,1.50
2012.01.24 03:20:14.135,0.80942,0.80959,1.50,2.25
2012.01.24 03:20:14.837,0.80947,0.80963,1.50,2.25
2012.01.24 03:20:14.905,0.80947,0.80963,2.25,2.25
2012.01.24 03:20:16.356,0.80945,0.80963,2.25,2.25
2012.01.24 03:20:16.882,0.80947,0.80963,1.50,2.25
2012.01.24 03:20:19.011,0.80949,0.80964,1.50,1.88
2012.01.24 03:20:19.678,0.8095,0.80964,1.50,1.50
2012.01.24 03:20:19.758,0.80948,0.80966,1.50,2.63
2012.01.24 03:20:19.830,0.80947,0.80963,2.25,1.50
2012.01.24 03:20:19.968,0.80949,0.80967,2.25,2.25
2012.01.24 03:20:20.231,0.80947,0.80963,2.25,1.50
2012.01.24 03:20:20.367,0.80948,0.80966,2.25,2.25
2012.01.24 03:20:20.437,0.80948,0.80966,2.25,2.25
2012.01.24 03:20:20.688,0.80949,0.80967,2.25,3.38
2012.01.24 03:20:21.058,0.80945,0.80963,2.25,1.50
2012.01.24 03:20:21.566,0.80948,0.80964,2.25,1.50
2012.01.24 03:20:22.597,0.80948,0.80964,2.25,2.25
2012.01.24 03:20:22.667,0.80948,0.80959,1.50,1.50
2012.01.24 03:20:22.798,0.80941,0.80958,1.88,2.25
2012.01.24 03:20:22.867,0.80941,0.80954,1.50,1.50
2012.01.24 03:20:23.454,0.80948,0.80966,1.50,3.38
2012.01.24 03:20:23.785,0.8095,0.80966,1.50,3.38
2012.01.24 03:20:24.356,0.80949,0.80963,1.50,1.50
2012.01.24 03:20:24.546,0.80939,0.80957,3.00,2.25
2012.01.24 03:20:24.615,0.80939,0.80957,2.25,2.25
2012.01.24 03:20:25.247,0.80939,0.80957,2.25,2.25
2012.01.24 03:20:25.578,0.80943,0.80957,1.13,1.50
2012.01.24 03:20:25.645,0.80943,0.80959,2.63,2.25
2012.01.24 03:20:25.777,0.80948,0.80965,2.25,2.06
2012.01.24 03:20:26.206,0.80948,0.80965,2.25,1.50
2012.01.24 03:20:26.916,0.80948,0.80965,2.25,1.88
2012.01.24 03:20:27.226,0.80946,0.80962,1.50,2.25
2012.01.24 03:20:27.949,0.80947,0.80963,1.50,2.25
2012.01.24 03:20:33.326,0.80949,0.80965,1.50,3.38
2012.01.24 03:20:33.538,0.80946,0.80964,1.50,2.25
2012.01.24 03:20:34.021,0.8095,0.80965,1.50,1.13
2012.01.24 03:20:34.607,0.80952,0.80967,1.50,1.88
2012.01.24 03:20:34.679,0.80948,0.80966,2.25,2.25
2012.01.24 03:20:36.841,0.8095,0.80966,1.50,2.25
2012.01.24 03:20:36.977,0.80948,0.80966,2.25,2.25
2012.01.24 03:20:37.771,0.80949,0.80967,1.50,2.63
2012.01.24 03:20:41.250,0.80949,0.80967,2.25,2.63
2012.01.24 03:20:41.878,0.80949,0.80967,1.50,2.63
2012.01.24 03:20:54.244,0.80952,0.80967,1.50,1.13
2012.01.24 03:20:54.606,0.80954,0.80967,1.50,1.13
2012.01.24 03:20:57.146,0.80953,0.80967,1.50,1.13
2012.01.24 03:21:00.990,0.80953,0.80967,1.50,1.13
2012.01.24 03:21:01.395,0.80953,0.80967,1.50,1.13
2012.01.24 03:21:08.855,0.80952,0.80967,1.50,1.13
2012.01.24 03:21:13.754,0.80951,0.80967,1.50,2.63
2012.01.24 03:21:13.826,0.80951,0.80967,1.50,2.63
2012.01.24 03:21:14.195,0.80948,0.80964,2.25,2.25
2012.01.24 03:21:14.270,0.80946,0.80962,2.25,2.25
2012.01.24 03:21:14.536,0.80947,0.80963,2.63,2.25
2012.01.24 03:21:14.666,0.80949,0.80967,1.50,2.25
2012.01.24 03:21:14.796,0.80949,0.80967,1.50,2.25
2012.01.24 03:21:15.405,0.80948,0.80966,2.25,2.25
2012.01.24 03:21:24.104,0.8095,0.80966,1.50,2.25
2012.01.24 03:21:26.908,0.80948,0.80964,2.25,1.50
2012.01.24 03:21:28.960,0.80949,0.80967,1.50,2.25
2012.01.24 03:21:31.323,0.80949,0.80967,1.50,2.25
2012.01.24 03:21:31.517,0.80946,0.80962,2.25,2.25
2012.01.24 03:21:31.705,0.80946,0.80964,2.25,2.63
2012.01.24 03:21:36.496,0.80946,0.80962,2.25,1.50
2012.01.24 03:21:36.805,0.80942,0.8096,2.25,2.25
2012.01.24 03:21:37.214,0.80945,0.80961,1.50,2.25
2012.01.24 03:21:39.654,0.80943,0.80961,1.50,2.25
2012.01.24 03:21:41.415,0.80943,0.80961,2.25,2.25
2012.01.24 03:21:41.605,0.80949,0.80962,1.50,1.13
2012.01.24 03:21:42.160,0.80949,0.80963,1.50,1.13
2012.01.24 03:21:49.204,0.80946,0.80963,2.25,1.13
2012.01.24 03:22:00.966,0.80946,0.80962,1.50,1.13
2012.01.24 03:22:01.036,0.80949,0.80962,1.50,1.13
2012.01.24 03:22:01.226,0.8095,0.80967,1.50,1.13
2012.01.24 03:22:02.816,0.80949,0.80965,1.50,2.25
2012.01.24 03:22:06.868,0.80946,0.80964,2.25,2.25
2012.01.24 03:22:07.009,0.80945,0.80961,1.50,2.25
2012.01.24 03:22:07.260,0.80942,0.80958,2.25,2.25
2012.01.24 03:22:08.019,0.80942,0.80958,2.25,2.25
2012.01.24 03:22:08.097,0.80947,0.80963,1.50,2.25
2012.01.24 03:22:08.516,0.80949,0.80964,1.50,1.13
2012.01.24 03:22:08.707,0.80942,0.80958,2.25,1.50
2012.01.24 03:22:09.300,0.80941,0.80957,2.25,1.13
2012.01.24 03:22:10.577,0.80941,0.80957,2.25,1.13
2012.01.24 03:22:20.226,0.80941,0.80957,4.20,2.63
2012.01.24 03:22:20.358,0.80947,0.80961,1.50,1.13
2012.01.24 03:22:20.485,0.80947,0.80962,1.50,2.25
2012.01.24 03:22:20.995,0.80946,0.80962,1.50,2.25
2012.01.24 03:22:21.496,0.80946,0.80962,1.50,2.25
2012.01.24 03:22:30.107,0.80947,0.80963,1.50,2.25
2012.01.24 03:22:57.688,0.80946,0.80962,1.50,2.25
2012.01.24 03:23:07.458,0.80947,0.80963,1.50,2.25
2012.01.24 03:23:08.111,0.80946,0.80962,1.50,2.25
2012.01.24 03:23:08.775,0.80946,0.80962,1.50,2.25
2012.01.24 03:23:09.099,0.80944,0.8096,1.50,2.25
2012.01.24 03:23:09.170,0.8094,0.80956,2.25,2.25
2012.01.24 03:23:09.699,0.80941,0.80959,1.50,2.25
2012.01.24 03:23:09.765,0.80939,0.80957,1.50,2.25
2012.01.24 03:23:10.176,0.80942,0.80958,1.50,2.25
2012.01.24 03:23:11.038,0.80939,0.80957,2.25,2.25
2012.01.24 03:23:11.228,0.80941,0.80959,1.50,2.25
2012.01.24 03:23:12.711,0.80944,0.8096,1.50,2.25
2012.01.24 03:23:13.506,0.80941,0.80959,1.50,2.25
2012.01.24 03:23:13.995,0.80944,0.8096,1.50,2.25
2012.01.24 03:23:14.217,0.80941,0.80959,1.50,2.25
2012.01.24 03:23:33.205,0.80944,0.8096,1.50,2.25
2012.01.24 03:24:00.757,0.80944,0.80959,1.50,1.50
2012.01.24 03:24:00.828,0.8094,0.80958,1.50,2.25
2012.01.24 03:24:00.968,0.8094,0.80958,1.50,2.25
2012.01.24 03:24:01.592,0.80941,0.80959,1.50,2.25
2012.01.24 03:24:02.033,0.80941,0.80953,1.50,2.48
2012.01.24 03:24:02.116,0.80937,0.80953,2.25,5.48
2012.01.24 03:24:02.632,0.80937,0.80951,1.50,1.13
2012.01.24 03:24:02.706,0.80933,0.80951,1.50,2.63
2012.01.24 03:24:03.229,0.80934,0.80951,1.50,1.13
2012.01.24 03:24:03.903,0.80935,0.80951,1.50,1.13
2012.01.24 03:24:04.048,0.80933,0.80951,1.50,2.63
2012.01.24 03:24:07.736,0.80933,0.8095,1.50,2.70
2012.01.24 03:24:07.806,0.80931,0.80949,1.50,2.25
2012.01.24 03:24:08.350,0.80929,0.80946,2.25,1.13
2012.01.24 03:24:08.419,0.80929,0.80945,1.50,1.13
2012.01.24 03:24:16.876,0.80933,0.80949,2.25,1.88
2012.01.24 03:24:16.950,0.80935,0.80949,1.50,2.25
2012.01.24 03:24:17.255,0.80931,0.80948,1.50,1.50
2012.01.24 03:24:17.807,0.8093,0.80946,2.25,1.13
2012.01.24 03:24:18.149,0.8093,0.80946,1.50,1.13
2012.01.24 03:24:18.737,0.80928,0.80946,1.50,2.63
2012.01.24 03:24:19.065,0.8093,0.80946,1.50,2.63
2012.01.24 03:24:19.555,0.80928,0.80946,1.50,2.63
2012.01.24 03:24:24.589,0.80926,0.80944,1.50,2.25
2012.01.24 03:24:24.718,0.80928,0.80944,1.50,2.25
2012.01.24 03:24:26.116,0.80926,0.80944,1.50,2.25
2012.01.24 03:24:31.104,0.80926,0.80944,1.50,2.25
2012.01.24 03:24:37.557,0.80926,0.80944,1.50,2.25
2012.01.24 03:24:38.101,0.80928,0.80944,1.50,2.25
2012.01.24 03:24:48.083,0.80928,0.80943,1.50,1.50
2012.01.24 03:24:48.166,0.80922,0.80938,2.25,2.63
2012.01.24 03:24:48.240,0.80922,0.80938,1.50,2.63
2012.01.24 03:24:48.581,0.80926,0.80942,1.50,1.13
2012.01.24 03:24:48.839,0.80921,0.80939,2.25,2.63
2012.01.24 03:24:48.909,0.80921,0.80939,2.25,2.63
2012.01.24 03:24:49.137,0.80919,0.80937,2.25,2.25
2012.01.24 03:24:53.217,0.80918,0.80935,2.25,1.13
2012.01.24 03:24:53.407,0.80916,0.80934,1.50,2.63
2012.01.24 03:24:53.960,0.80917,0.80934,1.50,1.13
2012.01.24 03:24:54.306,0.80919,0.80934,1.50,1.13
2012.01.24 03:24:56.588,0.8092,0.80934,1.50,1.13
2012.01.24 03:24:57.090,0.80922,0.80934,1.50,1.13
2012.01.24 03:25:19.696,0.80919,0.80934,1.50,1.13
2012.01.24 03:25:25.586,0.80919,0.80934,1.50,1.13
2012.01.24 03:25:38.149,0.80923,0.80938,1.50,1.88
2012.01.24 03:25:38.418,0.80923,0.80933,1.50,1.13
2012.01.24 03:25:38.490,0.8092,0.80933,1.50,1.13
2012.01.24 03:25:38.558,0.80915,0.80931,1.50,2.25
2012.01.24 03:25:39.077,0.80917,0.80933,1.50,2.25
2012.01.24 03:25:39.777,0.80919,0.80935,1.50,2.63
2012.01.24 03:25:40.026,0.8092,0.80935,1.50,1.13
2012.01.24 03:25:40.216,0.8092,0.80936,2.25,1.50
2012.01.24 03:25:40.822,0.80919,0.80935,2.25,1.50
2012.01.24 03:25:41.361,0.80919,0.80937,2.25,2.25
2012.01.24 03:25:42.179,0.80923,0.80939,2.25,2.33
2012.01.24 03:25:42.756,0.80927,0.80941,1.50,3.00
2012.01.24 03:25:51.868,0.80922,0.80938,2.25,1.50
2012.01.24 03:25:52.935,0.80922,0.8094,2.25,1.50
2012.01.24 03:25:55.616,0.80922,0.80938,2.25,1.50
2012.01.24 03:25:55.686,0.80922,0.8094,2.25,1.50
2012.01.24 03:25:56.595,0.80922,0.8094,2.25,2.25
2012.01.24 03:25:56.847,0.80919,0.80935,2.25,1.50
2012.01.24 03:25:56.979,0.80919,0.80935,2.25,2.25
2012.01.24 03:25:57.167,0.8092,0.80935,1.50,1.13
2012.01.24 03:26:01.724,0.80918,0.80935,1.50,1.13
2012.01.24 03:26:35.635,0.80918,0.80936,2.25,2.63
2012.01.24 03:26:36.186,0.80922,0.80938,1.50,2.25
2012.01.24 03:26:46.591,0.8092,0.80936,1.50,2.25
2012.01.24 03:26:52.821,0.80919,0.80937,2.25,2.25
2012.01.24 03:27:07.340,0.80922,0.80938,1.50,2.25
2012.01.24 03:27:10.787,0.80922,0.80938,1.50,2.25
2012.01.24 03:27:12.437,0.80922,0.80938,1.50,2.25
2012.01.24 03:27:40.777,0.8092,0.80936,2.25,2.25
2012.01.24 03:27:47.504,0.8092,0.80936,2.25,2.25
2012.01.24 03:28:00.614,0.8092,0.80936,2.25,2.25
2012.01.24 03:28:00.870,0.80917,0.80933,2.63,1.50
2012.01.24 03:28:01.256,0.80918,0.80934,2.25,1.50
2012.01.24 03:28:09.224,0.80918,0.80934,2.25,1.50
2012.01.24 03:28:10.157,0.80917,0.80933,2.63,1.50
2012.01.24 03:28:10.675,0.80917,0.80933,2.63,1.50
2012.01.24 03:28:17.697,0.80912,0.8093,3.38,1.50
2012.01.24 03:28:18.290,0.80916,0.80932,2.25,2.81
2012.01.24 03:28:19.894,0.80916,0.80932,3.00,2.81
2012.01.24 03:28:20.871,0.80916,0.80932,2.25,2.81
2012.01.24 03:28:21.415,0.80916,0.80932,2.25,1.50
2012.01.24 03:28:54.789,0.80916,0.80932,3.00,1.50
2012.01.24 03:28:54.862,0.80918,0.80934,1.50,2.25
2012.01.24 03:28:55.047,0.80917,0.80933,2.25,2.25
2012.01.24 03:29:07.541,0.80918,0.80934,1.50,2.25
2012.01.24 03:29:08.111,0.80916,0.80934,2.25,2.25
2012.01.24 03:29:25.359,0.80916,0.80934,3.00,2.25
2012.01.24 03:29:25.486,0.80916,0.80934,2.25,2.25
2012.01.24 03:29:26.175,0.80917,0.80935,1.50,2.25
2012.01.24 03:29:39.907,0.80917,0.80933,2.25,2.25
2012.01.24 03:29:40.699,0.80919,0.80935,2.25,2.25
2012.01.24 03:29:40.889,0.8092,0.80936,2.25,2.63
2012.01.24 03:29:41.079,0.80924,0.80936,2.25,1.13
2012.01.24 03:29:41.209,0.80925,0.80941,1.50,1.13
2012.01.24 03:29:41.398,0.80926,0.80944,2.25,2.25
2012.01.24 03:29:41.921,0.8093,0.80946,1.50,3.00
2012.01.24 03:29:42.908,0.8093,0.80946,2.25,2.25
2012.01.24 03:29:43.470,0.8093,0.80946,2.25,2.25
2012.01.24 03:29:43.918,0.80931,0.80947,2.25,4.50
2012.01.24 03:29:43.991,0.80931,0.80947,2.25,3.75
2012.01.24 03:29:49.431,0.80931,0.80947,2.25,3.00
2012.01.24 03:29:50.687,0.80931,0.80948,2.25,5.70
2012.01.24 03:30:01.042,0.80929,0.80947,1.50,1.50
2012.01.24 03:30:01.123,0.80929,0.80948,2.25,5.70
2012.01.24 03:30:01.305,0.80929,0.80947,2.25,1.50
2012.01.24 03:30:01.556,0.8093,0.80948,2.25,5.70
2012.01.24 03:30:02.926,0.80928,0.80947,2.25,1.50
2012.01.24 03:30:09.186,0.80928,0.80947,2.25,2.25
2012.01.24 03:30:09.719,0.80926,0.80946,2.25,1.50
2012.01.24 03:30:12.178,0.80928,0.80947,2.25,3.75
2012.01.24 03:30:12.690,0.80928,0.80947,2.25,3.75
2012.01.24 03:30:14.515,0.80928,0.80947,2.25,3.00
2012.01.24 03:30:23.728,0.80928,0.80947,2.25,3.75
2012.01.24 03:30:26.246,0.80928,0.80947,2.25,3.75
2012.01.24 03:30:26.970,0.80928,0.80947,2.25,3.00
2012.01.24 03:30:28.484,0.80927,0.80946,2.25,2.25
2012.01.24 03:30:29.007,0.80927,0.80946,2.25,3.00
2012.01.24 03:30:30.588,0.80925,0.80945,2.25,1.50
2012.01.24 03:30:30.837,0.80925,0.80944,2.25,1.50
2012.01.24 03:30:31.168,0.80924,0.80941,1.50,1.13
2012.01.24 03:30:32.098,0.80923,0.80941,1.50,1.13
2012.01.24 03:30:32.532,0.80925,0.80941,1.50,1.13
2012.01.24 03:30:33.060,0.80924,0.80941,1.50,1.13
2012.01.24 03:30:39.948,0.80925,0.80941,1.50,1.13
2012.01.24 03:30:41.135,0.80923,0.80941,1.50,1.13
2012.01.24 03:30:42.237,0.80923,0.80941,1.50,1.13
2012.01.24 03:30:44.820,0.80923,0.80941,1.50,1.13
2012.01.24 03:31:02.235,0.80923,0.80941,1.50,1.13
2012.01.24 03:31:02.906,0.80923,0.80941,2.25,1.88
2012.01.24 03:31:03.098,0.80919,0.80938,2.25,2.63
2012.01.24 03:31:03.416,0.80919,0.80935,1.50,1.13
2012.01.24 03:31:04.171,0.8092,0.80935,1.50,1.13
2012.01.24 03:31:06.398,0.8092,0.80935,1.50,1.13
2012.01.24 03:31:07.122,0.80918,0.80935,1.50,1.13
2012.01.24 03:31:08.677,0.80919,0.80935,1.50,2.63
2012.01.24 03:31:09.344,0.8092,0.80935,1.50,1.13
2012.01.24 03:31:21.297,0.80919,0.80935,1.50,2.63
2012.01.24 03:31:21.727,0.80919,0.80934,1.50,1.13
2012.01.24 03:31:22.158,0.80916,0.80934,1.50,2.63
2012.01.24 03:31:22.666,0.80917,0.80934,1.50,1.13
2012.01.24 03:31:24.819,0.80919,0.80934,1.50,1.13
2012.01.24 03:31:25.497,0.80918,0.80934,1.50,1.13
2012.01.24 03:31:26.356,0.80918,0.80934,1.50,1.13
2012.01.24 03:31:26.768,0.8092,0.80934,1.50,1.13
2012.01.24 03:31:28.839,0.80918,0.80934,1.50,1.13
2012.01.24 03:31:29.454,0.80919,0.80934,1.50,1.13
2012.01.24 03:31:32.610,0.80912,0.80929,1.50,1.50
2012.01.24 03:31:32.739,0.80909,0.80919,3.75,1.95
2012.01.24 03:31:33.059,0.80899,0.80918,1.70,2.25
2012.01.24 03:31:33.618,0.80902,0.80919,2.25,2.70
2012.01.24 03:31:34.386,0.80903,0.80919,1.50,2.70
2012.01.24 03:31:34.821,0.80911,0.80919,1.50,2.70
2012.01.24 03:31:34.963,0.80913,0.80924,1.50,1.50
2012.01.24 03:31:35.310,0.80913,0.80928,1.50,1.13
2012.01.24 03:31:35.499,0.80913,0.8093,1.50,1.88
2012.01.24 03:31:35.652,0.80913,0.8093,1.50,1.88
2012.01.24 03:31:36.178,0.80914,0.8093,1.50,1.88
2012.01.24 03:31:36.892,0.80913,0.8093,1.50,1.88
2012.01.24 03:31:37.028,0.80916,0.8093,1.50,1.88
2012.01.24 03:31:37.478,0.80916,0.8093,1.50,1.88
2012.01.24 03:31:37.548,0.80913,0.8093,1.50,1.88
2012.01.24 03:31:37.617,0.80913,0.8093,1.50,1.88
2012.01.24 03:31:38.181,0.80914,0.8093,1.50,1.88
2012.01.24 03:31:38.891,0.80915,0.8093,1.50,1.88
2012.01.24 03:31:39.956,0.80916,0.8093,1.50,1.88
2012.01.24 03:31:40.027,0.80916,0.8093,1.50,1.88
2012.01.24 03:31:40.566,0.80915,0.8093,1.50,1.88
2012.01.24 03:31:40.696,0.80915,0.8093,1.50,1.88
2012.01.24 03:31:42.002,0.80914,0.8093,1.50,2.63
2012.01.24 03:31:42.628,0.80914,0.8093,1.50,2.63
2012.01.24 03:31:45.328,0.80914,0.8093,1.50,1.13
2012.01.24 03:31:46.810,0.80913,0.8093,1.50,1.13
2012.01.24 03:31:47.167,0.80912,0.80929,1.50,1.68
2012.01.24 03:31:47.811,0.80912,0.80929,1.50,1.68
2012.01.24 03:31:48.441,0.80913,0.80929,1.50,1.13
2012.01.24 03:31:52.908,0.80913,0.80929,1.50,1.13
2012.01.24 03:31:53.275,0.80913,0.80929,1.50,1.13
2012.01.24 03:31:54.298,0.80914,0.80929,1.50,1.13
2012.01.24 03:31:57.450,0.80914,0.80929,1.50,1.13
2012.01.24 03:32:02.787,0.80914,0.80929,1.50,1.13
2012.01.24 03:32:03.128,0.80914,0.80929,1.50,1.13
2012.01.24 03:32:03.537,0.80912,0.80929,1.50,1.13
2012.01.24 03:32:04.251,0.80912,0.80929,1.50,1.13
2012.01.24 03:32:05.201,0.80914,0.80929,1.50,1.13
2012.01.24 03:32:05.518,0.80914,0.80929,1.50,1.13
2012.01.24 03:32:09.100,0.80913,0.80929,1.50,1.13
2012.01.24 03:32:09.715,0.80913,0.80929,1.50,1.13
2012.01.24 03:32:11.331,0.80915,0.80929,1.50,1.13
2012.01.24 03:32:11.680,0.80914,0.80929,1.50,1.68
2012.01.24 03:32:12.385,0.80914,0.80929,1.50,1.13
2012.01.24 03:32:17.177,0.80914,0.80929,1.50,1.13
2012.01.24 03:32:18.542,0.80918,0.80929,1.50,1.13
2012.01.24 03:32:18.730,0.80918,0.80934,2.25,2.06
2012.01.24 03:32:18.860,0.80918,0.80934,2.25,1.50
2012.01.24 03:32:21.956,0.80918,0.80934,2.25,2.25
2012.01.24 03:32:22.492,0.80918,0.80934,2.25,1.50
2012.01.24 03:32:30.138,0.8092,0.80936,2.25,2.25
2012.01.24 03:32:32.460,0.80918,0.80936,2.25,2.25
2012.01.24 03:32:33.112,0.8092,0.80936,1.50,2.25
2012.01.24 03:32:34.883,0.80919,0.80935,2.25,2.25
2012.01.24 03:32:35.782,0.8092,0.80936,1.50,2.25
2012.01.24 03:32:36.302,0.80919,0.80935,2.25,2.25
2012.01.24 03:32:38.150,0.80917,0.80933,2.25,1.50
2012.01.24 03:32:38.753,0.80918,0.80934,2.25,3.00
2012.01.24 03:32:52.685,0.80917,0.80933,2.25,1.50
2012.01.24 03:33:11.954,0.80917,0.80935,2.25,2.25
2012.01.24 03:33:13.012,0.80917,0.80934,2.25,1.50
2012.01.24 03:33:15.265,0.80917,0.80935,2.25,2.25
2012.01.24 03:33:16.723,0.80917,0.80934,2.25,1.50
2012.01.24 03:33:25.738,0.80917,0.80935,2.25,2.25
2012.01.24 03:33:27.727,0.8092,0.80936,1.50,2.25
2012.01.24 03:33:28.700,0.80919,0.80934,2.25,1.50
2012.01.24 03:33:32.607,0.80919,0.80937,1.50,1.50
2012.01.24 03:33:33.322,0.80918,0.80936,1.50,1.50
2012.01.24 03:33:53.608,0.80918,0.80936,1.50,2.25
2012.01.24 03:34:14.100,0.80918,0.80936,2.25,2.25
2012.01.24 03:34:14.638,0.80918,0.80934,1.50,2.25
2012.01.24 03:34:15.317,0.8092,0.80936,1.50,2.25
2012.01.24 03:34:15.628,0.80918,0.80936,1.50,2.25
2012.01.24 03:34:16.574,0.80919,0.80935,1.50,2.25
2012.01.24 03:34:18.996,0.80921,0.80937,1.50,2.25
2012.01.24 03:34:19.074,0.80921,0.80937,1.50,2.25
2012.01.24 03:34:19.273,0.80921,0.80937,1.50,2.25
2012.01.24 03:34:19.931,0.80921,0.80937,1.50,2.25
2012.01.24 03:34:20.758,0.80921,0.80937,1.50,2.25
2012.01.24 03:34:21.320,0.80921,0.80937,1.50,3.00
2012.01.24 03:34:21.512,0.80917,0.80933,2.63,1.50
2012.01.24 03:34:22.079,0.80917,0.80935,2.25,2.25
2012.01.24 03:34:22.741,0.8092,0.80936,1.50,3.00
2012.01.24 03:34:23.494,0.8092,0.80936,1.50,3.00
2012.01.24 03:34:25.452,0.8092,0.80936,2.25,3.00
2012.01.24 03:34:25.582,0.8092,0.80936,2.25,3.00
2012.01.24 03:34:25.785,0.8092,0.80936,1.50,2.25
2012.01.24 03:34:25.855,0.8092,0.80936,2.25,2.25
2012.01.24 03:34:26.196,0.80922,0.8094,1.50,3.00
2012.01.24 03:34:26.941,0.80921,0.80939,1.50,2.25
2012.01.24 03:34:27.025,0.80921,0.80939,2.25,2.25
2012.01.24 03:34:27.214,0.80922,0.80939,1.50,1.50
2012.01.24 03:34:28.222,0.80921,0.80939,2.25,3.00
2012.01.24 03:34:31.351,0.80918,0.80934,2.25,1.50
2012.01.24 03:34:31.672,0.80916,0.80934,1.50,3.00
2012.01.24 03:34:31.973,0.80918,0.80934,1.50,3.00
2012.01.24 03:34:32.045,0.80916,0.80932,1.50,2.25
2012.01.24 03:34:32.947,0.80913,0.80929,1.50,2.25
2012.01.24 03:34:33.025,0.8091,0.80928,1.50,2.25
2012.01.24 03:34:33.858,0.80913,0.80929,1.50,2.25
2012.01.24 03:34:33.933,0.80913,0.80929,1.50,2.25
2012.01.24 03:34:34.142,0.80911,0.80929,1.50,2.25
2012.01.24 03:34:34.342,0.80913,0.80929,1.50,2.25
2012.01.24 03:34:34.809,0.80913,0.8093,1.50,1.13
2012.01.24 03:34:35.450,0.80911,0.80927,1.50,2.25
2012.01.24 03:34:36.108,0.80911,0.80927,1.50,2.25
2012.01.24 03:34:36.712,0.80913,0.80929,1.50,2.25
2012.01.24 03:34:36.778,0.80913,0.80929,1.50,2.25
2012.01.24 03:34:37.902,0.80912,0.80928,1.50,2.25
2012.01.24 03:34:38.406,0.80912,0.80928,1.50,2.25
2012.01.24 03:34:52.149,0.80911,0.80929,1.50,2.25
2012.01.24 03:34:52.618,0.80913,0.80929,1.50,2.25
2012.01.24 03:34:53.190,0.80912,0.80928,1.50,2.25
2012.01.24 03:34:58.217,0.80914,0.8093,1.50,1.13
2012.01.24 03:35:21.550,0.80914,0.8093,1.50,2.63
2012.01.24 03:35:21.813,0.80917,0.8093,1.50,1.13
2012.01.24 03:35:22.070,0.8092,0.80936,1.50,2.25
2012.01.24 03:35:22.669,0.80918,0.80934,2.25,2.25
2012.01.24 03:35:23.659,0.80918,0.80934,2.25,2.25
2012.01.24 03:35:28.318,0.80918,0.80934,2.25,2.25
2012.01.24 03:35:38.499,0.80918,0.80934,2.25,2.25
2012.01.24 03:35:41.453,0.80922,0.8094,1.50,3.38
2012.01.24 03:35:41.760,0.80922,0.80938,1.50,2.25
2012.01.24 03:35:42.018,0.80919,0.80937,1.50,2.25
2012.01.24 03:35:42.702,0.80919,0.80937,1.50,2.25
2012.01.24 03:35:43.289,0.80919,0.80937,1.50,2.25
2012.01.24 03:35:44.530,0.80918,0.80936,1.50,2.25
2012.01.24 03:35:44.971,0.8092,0.80936,1.50,2.25
2012.01.24 03:35:45.581,0.80918,0.80936,1.50,2.25
2012.01.24 03:35:45.780,0.80918,0.80936,1.50,2.25
2012.01.24 03:35:45.849,0.80918,0.80936,1.50,2.25
2012.01.24 03:35:46.674,0.80919,0.80937,1.50,2.25
2012.01.24 03:36:00.640,0.80918,0.80936,1.50,2.25
2012.01.24 03:36:00.712,0.80915,0.80933,3.75,2.25
2012.01.24 03:36:00.782,0.80913,0.80931,2.25,2.25
2012.01.24 03:36:01.181,0.80918,0.80934,1.50,2.25
2012.01.24 03:36:01.273,0.80918,0.80934,1.50,2.25
2012.01.24 03:36:01.786,0.80918,0.80934,1.50,2.25
2012.01.24 03:36:02.360,0.80917,0.80933,1.50,2.25
2012.01.24 03:36:03.470,0.80917,0.80933,1.50,2.25
2012.01.24 03:36:04.120,0.80918,0.80934,1.50,2.25
2012.01.24 03:36:04.188,0.80918,0.80934,1.50,2.25
2012.01.24 03:36:04.720,0.80917,0.80933,1.50,2.25
2012.01.24 03:36:05.481,0.80914,0.80932,3.75,2.25
2012.01.24 03:36:05.551,0.80914,0.80932,4.50,2.25
2012.01.24 03:36:05.932,0.80917,0.80933,1.50,2.25
2012.01.24 03:36:06.261,0.80915,0.80931,1.50,2.25
2012.01.24 03:36:06.398,0.80914,0.8093,3.75,2.25
2012.01.24 03:36:06.474,0.80916,0.80934,2.25,2.25
2012.01.24 03:36:07.357,0.80918,0.80934,1.50,2.25
2012.01.24 03:36:07.911,0.80919,0.80936,1.50,1.13
2012.01.24 03:36:09.181,0.8092,0.80936,1.50,1.13
2012.01.24 03:36:14.058,0.8092,0.80936,1.50,1.13
2012.01.24 03:36:15.372,0.80923,0.80936,1.50,1.13
2012.01.24 03:36:17.118,0.80922,0.80936,1.50,1.13
2012.01.24 03:36:24.812,0.8092,0.80936,1.50,2.63
2012.01.24 03:36:36.471,0.80919,0.80935,1.50,2.25
2012.01.24 03:36:37.072,0.80919,0.80935,1.50,2.25
2012.01.24 03:36:37.699,0.8092,0.80936,1.50,2.63
2012.01.24 03:36:38.599,0.80919,0.80935,1.50,2.25
2012.01.24 03:36:40.310,0.80917,0.80933,1.50,2.25
2012.01.24 03:36:40.838,0.80918,0.80934,1.50,2.25
2012.01.24 03:36:41.772,0.80919,0.80936,1.50,1.13
2012.01.24 03:36:42.382,0.80918,0.80936,1.50,2.63
2012.01.24 03:36:44.809,0.80915,0.80933,1.50,2.25
2012.01.24 03:36:44.883,0.80912,0.80928,1.50,2.25
2012.01.24 03:36:45.433,0.80912,0.80928,3.00,2.25
2012.01.24 03:36:45.822,0.80918,0.80933,1.50,1.13
2012.01.24 03:36:46.129,0.80922,0.80937,1.50,1.31
2012.01.24 03:36:46.381,0.80922,0.80938,1.50,2.25
2012.01.24 03:36:46.690,0.80919,0.80937,1.50,2.25
2012.01.24 03:36:46.763,0.80917,0.80935,1.50,2.25
2012.01.24 03:36:48.541,0.80921,0.80937,1.50,2.25
2012.01.24 03:36:51.460,0.80917,0.80935,1.50,2.25
2012.01.24 03:36:52.049,0.80917,0.80935,1.50,2.25
2012.01.24 03:37:03.258,0.80919,0.80937,1.50,2.25
2012.01.24 03:37:06.951,0.80919,0.80937,1.50,2.25
2012.01.24 03:37:12.128,0.80921,0.80935,1.13,2.25
2012.01.24 03:37:15.238,0.80921,0.80934,1.13,1.50
2012.01.24 03:37:17.141,0.80919,0.80937,2.63,2.25
2012.01.24 03:37:41.285,0.80919,0.80932,1.13,1.50
2012.01.24 03:37:41.348,0.80919,0.80935,1.13,1.50
2012.01.24 03:37:41.678,0.80919,0.80933,1.13,1.50
2012.01.24 03:37:41.989,0.8092,0.80935,1.13,1.50
2012.01.24 03:37:42.554,0.80919,0.80935,2.63,2.25
2012.01.24 03:37:49.600,0.80919,0.80933,1.13,1.50
2012.01.24 03:37:50.419,0.80921,0.80936,1.13,2.25
2012.01.24 03:37:50.491,0.80919,0.80936,1.13,2.25
2012.01.24 03:37:51.243,0.80919,0.80936,1.88,2.25
2012.01.24 03:37:51.831,0.80926,0.80939,1.13,1.50
2012.01.24 03:37:52.020,0.80921,0.80936,1.13,1.50
2012.01.24 03:37:55.060,0.80921,0.80937,1.13,1.50
2012.01.24 03:38:00.380,0.80921,0.80936,1.13,1.50
2012.01.24 03:39:03.676,0.8092,0.80936,1.88,1.50
2012.01.24 03:39:40.508,0.80922,0.80934,1.13,1.50
2012.01.24 03:39:53.417,0.80922,0.80936,1.13,1.50
2012.01.24 03:39:55.269,0.80922,0.80937,1.13,2.25
2012.01.24 03:40:06.664,0.80921,0.80937,1.88,2.25
2012.01.24 03:40:07.218,0.80924,0.80938,1.13,1.50
2012.01.24 03:40:07.736,0.80922,0.80938,1.13,2.25
2012.01.24 03:40:09.839,0.80922,0.80935,1.13,1.50
2012.01.24 03:40:11.781,0.80922,0.80933,1.13,1.50
2012.01.24 03:40:12.217,0.80922,0.80935,1.13,1.50
2012.01.24 03:40:13.193,0.80922,0.80933,1.13,1.50
2012.01.24 03:40:13.776,0.80922,0.80934,1.13,1.50
2012.01.24 03:40:14.300,0.80921,0.80933,1.13,1.50
2012.01.24 03:40:14.373,0.80924,0.80935,1.13,1.50
2012.01.24 03:40:25.969,0.80917,0.80929,1.50,2.70
2012.01.24 03:40:26.172,0.80917,0.80931,2.25,2.25
2012.01.24 03:40:26.422,0.80917,0.80934,1.50,1.31
2012.01.24 03:40:26.730,0.8092,0.80936,1.50,2.25
2012.01.24 03:40:26.801,0.80918,0.80934,1.50,2.25
2012.01.24 03:40:26.930,0.80918,0.80934,1.50,2.25
2012.01.24 03:40:27.000,0.80911,0.80929,4.95,2.25
2012.01.24 03:40:27.130,0.80911,0.80929,4.95,2.25
2012.01.24 03:40:27.260,0.80915,0.80933,1.50,2.25
2012.01.24 03:40:53.774,0.80914,0.8093,1.50,2.25
2012.01.24 03:40:54.150,0.80914,0.8093,1.50,2.25
2012.01.24 03:40:58.421,0.80914,0.8093,1.50,2.25
2012.01.24 03:41:04.642,0.80914,0.80932,1.50,2.25
2012.01.24 03:41:05.217,0.80913,0.80931,1.50,2.25
2012.01.24 03:41:05.918,0.80915,0.80931,1.50,2.25
2012.01.24 03:41:07.169,0.80913,0.80931,1.50,2.25
2012.01.24 03:41:07.613,0.80915,0.80931,1.50,2.25
2012.01.24 03:41:08.082,0.80913,0.80929,1.50,1.50
2012.01.24 03:41:19.699,0.80914,0.80929,1.50,1.50
2012.01.24 03:41:25.578,0.80914,0.80929,1.50,1.50
2012.01.24 03:41:34.998,0.80917,0.80933,1.50,2.25
2012.01.24 03:41:43.217,0.80917,0.80928,1.50,1.50
2012.01.24 03:41:43.351,0.80912,0.80928,1.50,1.50
2012.01.24 03:41:43.418,0.80912,0.80928,1.50,1.50
2012.01.24 03:41:43.683,0.80909,0.80923,2.25,2.25
2012.01.24 03:41:43.754,0.80907,0.80923,1.50,2.25
2012.01.24 03:41:44.322,0.80907,0.80925,1.50,2.25
2012.01.24 03:41:44.621,0.80909,0.80927,1.50,2.25
2012.01.24 03:41:55.612,0.80906,0.80922,1.50,2.25
2012.01.24 03:41:55.682,0.80904,0.80922,1.50,2.25
2012.01.24 03:41:55.752,0.80906,0.80922,1.50,2.25
2012.01.24 03:41:56.286,0.80901,0.80919,2.25,2.25
2012.01.24 03:41:57.014,0.80902,0.8092,1.50,2.25
2012.01.24 03:41:57.686,0.809,0.80916,2.63,2.25
2012.01.24 03:42:03.950,0.80897,0.80916,1.13,2.25
2012.01.24 03:42:04.330,0.80899,0.80915,1.50,1.13
2012.01.24 03:42:07.101,0.80896,0.80915,1.50,1.13
2012.01.24 03:42:09.735,0.80896,0.80915,1.50,1.13
2012.01.24 03:42:10.690,0.80896,0.80915,1.50,2.63
2012.01.24 03:42:10.760,0.8089,0.8091,1.50,2.25
2012.01.24 03:42:15.139,0.80894,0.80912,1.50,2.25
2012.01.24 03:42:15.802,0.80894,0.80912,1.50,2.25
2012.01.24 03:42:22.025,0.80893,0.80909,1.50,2.63
2012.01.24 03:42:22.743,0.80891,0.80909,1.50,2.63
2012.01.24 03:42:23.300,0.8089,0.80906,1.50,2.25
2012.01.24 03:42:23.937,0.8089,0.80906,1.50,2.25
2012.01.24 03:42:24.476,0.8089,0.80906,1.50,2.25
2012.01.24 03:42:28.341,0.8089,0.80908,1.50,2.25
2012.01.24 03:42:28.789,0.80888,0.80904,1.50,2.25
2012.01.24 03:42:33.410,0.80889,0.80907,1.50,2.25
2012.01.24 03:42:34.654,0.80888,0.80904,1.50,2.25
2012.01.24 03:43:01.942,0.80888,0.80904,1.50,2.25
2012.01.24 03:43:02.141,0.80886,0.80902,1.50,2.25
2012.01.24 03:43:02.979,0.80886,0.80902,1.50,2.25
2012.01.24 03:43:03.295,0.80888,0.80904,1.50,2.25
2012.01.24 03:43:07.770,0.80889,0.80905,1.50,2.25
2012.01.24 03:43:07.900,0.80889,0.80905,1.50,2.25
2012.01.24 03:43:08.455,0.80887,0.80905,3.00,2.25
2012.01.24 03:43:11.727,0.80887,0.80905,2.25,2.25
2012.01.24 03:43:22.622,0.80885,0.80903,2.25,2.25
2012.01.24 03:43:24.197,0.80885,0.80903,2.25,2.25
2012.01.24 03:43:24.328,0.80885,0.80903,2.25,2.25
2012.01.24 03:43:28.251,0.80885,0.80903,2.25,2.25
2012.01.24 03:43:28.820,0.80885,0.80903,2.25,2.25
2012.01.24 03:43:29.680,0.80885,0.80903,2.25,2.25
2012.01.24 03:43:30.277,0.80882,0.80899,1.50,2.25
2012.01.24 03:43:31.440,0.80882,0.80899,1.50,1.50
2012.01.24 03:43:34.300,0.80886,0.80902,2.25,2.25
2012.01.24 03:43:34.858,0.80885,0.80901,4.50,2.25
2012.01.24 03:43:40.630,0.80885,0.80903,4.50,2.25
2012.01.24 03:43:41.140,0.80885,0.80903,4.50,2.25
2012.01.24 03:43:50.305,0.80885,0.80902,3.00,2.25
2012.01.24 03:44:10.992,0.80889,0.80905,1.50,2.25
2012.01.24 03:44:11.552,0.80887,0.80905,2.25,2.25
2012.01.24 03:44:16.454,0.80888,0.80905,1.50,2.25
2012.01.24 03:44:16.651,0.80888,0.80906,3.00,2.25
2012.01.24 03:44:16.846,0.80889,0.80907,3.00,2.63
2012.01.24 03:44:17.042,0.80892,0.80907,1.50,1.13
2012.01.24 03:44:17.718,0.80892,0.80907,1.50,1.13
2012.01.24 03:44:17.991,0.8089,0.80906,1.50,2.25
2012.01.24 03:44:23.580,0.80891,0.80907,1.50,2.63
2012.01.24 03:44:26.590,0.8089,0.80906,1.50,2.25
2012.01.24 03:44:28.343,0.8089,0.80906,1.50,2.25
2012.01.24 03:44:28.530,0.80888,0.80904,1.50,2.25
2012.01.24 03:44:30.050,0.80888,0.80906,1.50,2.25
2012.01.24 03:44:30.769,0.80888,0.80904,2.25,2.25
2012.01.24 03:44:31.272,0.80889,0.80905,1.50,2.25
2012.01.24 03:44:32.417,0.80888,0.80904,2.25,2.25
2012.01.24 03:44:34.452,0.80889,0.80905,1.50,2.25
2012.01.24 03:44:34.967,0.80887,0.80905,2.25,2.25
2012.01.24 03:44:38.132,0.80889,0.80905,1.50,2.25
2012.01.24 03:44:40.916,0.80887,0.80905,2.25,2.25
2012.01.24 03:44:46.632,0.80888,0.80906,2.25,2.25
2012.01.24 03:44:59.959,0.8089,0.80907,1.50,1.13
2012.01.24 03:45:00.823,0.80889,0.80907,2.25,1.88
2012.01.24 03:45:01.271,0.80889,0.80907,2.25,2.63
2012.01.24 03:45:03.485,0.80885,0.80899,3.00,1.50
2012.01.24 03:45:03.612,0.80882,0.80897,1.50,1.50
2012.01.24 03:45:04.131,0.80882,0.80897,1.50,1.50
2012.01.24 03:45:06.921,0.80884,0.80897,1.50,1.50
2012.01.24 03:45:06.989,0.80886,0.80901,2.25,1.13
2012.01.24 03:45:07.119,0.80891,0.80904,1.50,2.51
2012.01.24 03:45:07.670,0.80891,0.80904,1.50,1.65
2012.01.24 03:45:10.173,0.80891,0.80903,1.50,1.58
2012.01.24 03:45:15.339,0.8089,0.80901,1.50,1.50
2012.01.24 03:45:18.055,0.8089,0.80902,1.50,1.58
2012.01.24 03:45:18.154,0.80891,0.80901,1.50,1.50
2012.01.24 03:45:18.679,0.80891,0.80902,1.50,1.50
2012.01.24 03:45:19.020,0.80886,0.80899,1.50,1.50
2012.01.24 03:45:19.280,0.80886,0.80899,1.50,1.50
2012.01.24 03:45:19.603,0.80886,0.80896,1.50,1.50
2012.01.24 03:45:20.724,0.80883,0.80897,1.50,1.50
2012.01.24 03:45:24.110,0.80885,0.80896,1.50,1.50
2012.01.24 03:45:26.877,0.80882,0.80896,1.50,1.50
2012.01.24 03:45:26.967,0.80882,0.80896,1.50,1.50
2012.01.24 03:45:27.040,0.80882,0.80898,1.50,1.50
2012.01.24 03:45:27.694,0.80882,0.80897,1.50,1.50
2012.01.24 03:45:29.064,0.80882,0.80898,1.50,1.50
2012.01.24 03:45:29.629,0.80882,0.80897,1.50,1.50
2012.01.24 03:45:31.811,0.80885,0.809,1.50,1.50
2012.01.24 03:45:31.939,0.80887,0.80902,1.50,1.13
2012.01.24 03:45:32.133,0.80885,0.80899,1.50,1.50
2012.01.24 03:45:32.660,0.80883,0.80901,2.25,1.50
2012.01.24 03:45:33.944,0.80882,0.809,3.00,1.50
2012.01.24 03:45:34.192,0.80885,0.809,1.50,1.50
2012.01.24 03:45:35.259,0.80886,0.809,1.50,1.50
2012.01.24 03:45:35.332,0.80886,0.80902,1.50,1.13
2012.01.24 03:45:37.779,0.80886,0.80901,1.50,1.50
2012.01.24 03:45:47.679,0.80885,0.80901,3.00,1.50
2012.01.24 03:45:47.757,0.80881,0.80896,1.50,1.50
2012.01.24 03:45:50.742,0.80885,0.80898,1.50,1.50
2012.01.24 03:45:50.834,0.80883,0.80898,1.50,2.25
2012.01.24 03:45:52.189,0.80886,0.80898,1.50,1.50
2012.01.24 03:45:52.442,0.80889,0.80905,3.00,2.33
2012.01.24 03:45:52.640,0.80891,0.80902,1.50,1.50
2012.01.24 03:45:52.831,0.80891,0.80905,1.50,2.33
2012.01.24 03:45:53.379,0.80886,0.80902,3.45,1.50
2012.01.24 03:45:53.581,0.80886,0.80902,1.50,2.25
2012.01.24 03:45:54.011,0.80882,0.80897,1.50,1.50
2012.01.24 03:45:54.080,0.80882,0.809,3.00,2.25
2012.01.24 03:45:55.054,0.80883,0.809,1.50,2.25
2012.01.24 03:45:55.591,0.80884,0.80899,1.50,2.25
2012.01.24 03:45:56.113,0.80883,0.80899,3.00,2.25
2012.01.24 03:46:02.471,0.80884,0.809,1.50,2.25
2012.01.24 03:46:02.922,0.80881,0.80896,1.50,1.50
2012.01.24 03:46:03.432,0.8088,0.80895,1.50,2.25
2012.01.24 03:46:03.979,0.8088,0.80894,1.50,1.50
2012.01.24 03:46:04.434,0.80878,0.80894,3.00,1.50
2012.01.24 03:46:05.084,0.80879,0.80895,2.25,1.50
2012.01.24 03:46:11.911,0.80878,0.80895,1.50,2.25
2012.01.24 03:46:12.459,0.80879,0.80895,1.50,2.25
2012.01.24 03:46:15.183,0.8088,0.80898,1.50,2.25
2012.01.24 03:46:17.714,0.8088,0.80898,2.25,2.25
2012.01.24 03:46:20.466,0.80882,0.809,1.50,2.63
2012.01.24 03:46:23.090,0.80881,0.80897,2.25,2.25
2012.01.24 03:46:35.973,0.8088,0.80896,1.50,2.25
2012.01.24 03:46:37.732,0.8088,0.80896,2.25,2.25
2012.01.24 03:46:38.292,0.80881,0.80897,1.50,2.25
2012.01.24 03:46:38.424,0.80881,0.80896,1.50,1.50
2012.01.24 03:46:38.754,0.80877,0.8089,2.25,1.13
2012.01.24 03:46:39.031,0.80868,0.80886,1.50,2.25
2012.01.24 03:46:39.840,0.80867,0.80885,1.50,2.25
2012.01.24 03:46:39.916,0.80867,0.80885,1.50,2.25
2012.01.24 03:46:40.474,0.80867,0.80885,2.25,2.25
2012.01.24 03:46:44.231,0.80868,0.80886,1.50,2.25
2012.01.24 03:46:49.322,0.80867,0.80883,2.25,1.50
2012.01.24 03:46:49.454,0.80865,0.80883,2.25,2.25
2012.01.24 03:46:49.830,0.80864,0.8088,1.50,2.25
2012.01.24 03:46:50.418,0.80864,0.8088,1.50,2.25
2012.01.24 03:46:51.387,0.80862,0.8088,1.50,2.25
2012.01.24 03:46:52.755,0.80864,0.8088,1.50,2.25
2012.01.24 03:46:53.262,0.80867,0.80882,1.50,1.13
2012.01.24 03:46:53.343,0.80865,0.80882,1.50,1.13
2012.01.24 03:46:53.873,0.80866,0.80882,1.50,1.13
2012.01.24 03:46:55.023,0.80865,0.80882,1.50,1.13
2012.01.24 03:46:55.883,0.80867,0.80882,1.50,1.13
2012.01.24 03:46:56.194,0.80863,0.80879,3.00,1.50
2012.01.24 03:46:56.966,0.80863,0.80879,1.50,2.63
2012.01.24 03:46:58.584,0.80861,0.80877,2.25,2.25
2012.01.24 03:46:59.863,0.80861,0.80877,1.50,2.25
2012.01.24 03:47:00.708,0.80859,0.80875,2.25,2.25
2012.01.24 03:47:02.984,0.80856,0.80872,2.25,1.50
2012.01.24 03:47:03.322,0.80854,0.8087,3.00,1.50
2012.01.24 03:47:03.594,0.80857,0.80873,1.50,1.50
2012.01.24 03:47:04.119,0.80857,0.80873,1.50,2.25
2012.01.24 03:47:04.662,0.80856,0.80872,3.00,2.25
2012.01.24 03:47:05.251,0.80856,0.80871,1.50,1.50
2012.01.24 03:47:06.100,0.80856,0.80872,3.00,2.25
2012.01.24 03:47:09.823,0.80854,0.8087,3.00,1.50
2012.01.24 03:47:12.402,0.80851,0.80865,1.50,1.50
2012.01.24 03:47:12.471,0.80851,0.80865,1.50,1.50
2012.01.24 03:47:13.525,0.80856,0.80865,1.50,1.50
2012.01.24 03:47:13.713,0.80854,0.80872,2.25,2.25
2012.01.24 03:47:13.850,0.80854,0.80872,2.25,2.25
2012.01.24 03:47:15.800,0.80856,0.80872,1.50,2.25
2012.01.24 03:47:17.390,0.80856,0.80872,1.50,1.50
2012.01.24 03:47:17.733,0.80855,0.80869,1.50,1.50
2012.01.24 03:47:18.413,0.80857,0.80872,3.00,1.13
2012.01.24 03:47:18.720,0.80857,0.80873,3.00,1.13
2012.01.24 03:47:26.711,0.80857,0.80873,3.00,1.13
2012.01.24 03:47:27.159,0.80859,0.80875,2.25,1.88
2012.01.24 03:47:27.290,0.80861,0.80875,1.50,1.88
2012.01.24 03:47:27.871,0.80859,0.80875,2.25,2.63
2012.01.24 03:47:28.598,0.80859,0.80875,1.50,2.63
2012.01.24 03:47:28.822,0.80858,0.80874,1.50,2.25
2012.01.24 03:47:34.552,0.80856,0.80873,1.50,2.25
2012.01.24 03:47:36.050,0.80851,0.80862,1.50,1.50
2012.01.24 03:47:36.540,0.80851,0.8086,1.50,1.50
2012.01.24 03:47:36.921,0.80851,0.80865,1.50,1.50
2012.01.24 03:47:37.865,0.80851,0.80863,1.50,1.50
2012.01.24 03:47:40.256,0.80853,0.80866,1.50,1.50
2012.01.24 03:47:40.332,0.80853,0.80869,1.50,1.50
2012.01.24 03:47:40.854,0.80853,0.80868,1.50,1.50
2012.01.24 03:47:42.024,0.80853,0.80869,1.50,1.50
2012.01.24 03:47:42.815,0.80853,0.80868,1.50,1.50
2012.01.24 03:47:43.170,0.80852,0.80865,1.50,1.50
2012.01.24 03:47:43.696,0.80851,0.80866,1.50,1.50
2012.01.24 03:47:44.450,0.80854,0.80864,1.50,1.50
2012.01.24 03:47:44.538,0.80856,0.80871,1.50,1.50
2012.01.24 03:47:44.611,0.80856,0.80871,1.50,2.25
2012.01.24 03:47:45.015,0.80856,0.80868,1.50,1.50
2012.01.24 03:47:45.333,0.80856,0.80869,1.50,1.50
2012.01.24 03:47:45.666,0.80856,0.80871,1.50,1.50
2012.01.24 03:47:46.004,0.80856,0.80868,1.50,1.50
2012.01.24 03:47:46.361,0.80856,0.8087,1.50,1.50
2012.01.24 03:47:46.735,0.80856,0.8087,1.50,1.50
2012.01.24 03:47:47.313,0.80856,0.80869,1.50,1.50
2012.01.24 03:47:47.386,0.80856,0.80867,1.50,1.50
2012.01.24 03:47:47.460,0.80855,0.80867,1.50,1.50
2012.01.24 03:47:48.054,0.80851,0.80868,1.50,1.50
2012.01.24 03:47:48.124,0.80851,0.80865,1.50,1.50
2012.01.24 03:47:48.446,0.80851,0.80865,1.50,1.50
2012.01.24 03:47:48.513,0.80851,0.80867,1.50,1.50
2012.01.24 03:47:48.703,0.80851,0.80865,1.50,1.50
2012.01.24 03:47:49.075,0.80851,0.80866,1.50,1.50
2012.01.24 03:47:49.772,0.80851,0.80863,1.50,1.50
2012.01.24 03:47:50.280,0.80851,0.80862,1.50,1.50
2012.01.24 03:47:50.923,0.80851,0.80864,1.50,1.50
2012.01.24 03:47:55.293,0.80851,0.80867,1.50,1.50
2012.01.24 03:47:55.832,0.80853,0.80869,1.50,1.50
2012.01.24 03:47:56.360,0.80853,0.80868,1.50,1.50
2012.01.24 03:47:57.286,0.80853,0.80871,3.00,2.25
2012.01.24 03:47:57.614,0.80853,0.80868,1.50,1.50
2012.01.24 03:47:57.682,0.80853,0.80868,1.50,1.50
2012.01.24 03:47:59.991,0.80855,0.80868,1.50,1.50
2012.01.24 03:48:01.122,0.80855,0.80867,1.50,1.50
2012.01.24 03:48:01.637,0.80855,0.80868,1.50,1.50
2012.01.24 03:48:04.004,0.80852,0.80868,3.00,1.50
2012.01.24 03:48:04.071,0.80852,0.80866,1.50,1.50
2012.01.24 03:48:04.983,0.80854,0.80866,1.50,1.50
2012.01.24 03:48:05.567,0.80854,0.80868,1.50,1.50
2012.01.24 03:48:05.818,0.80852,0.80868,3.00,1.50
2012.01.24 03:48:06.062,0.80854,0.80867,1.50,1.50
2012.01.24 03:48:06.189,0.80854,0.80869,1.50,1.50
2012.01.24 03:48:06.259,0.80854,0.80867,1.50,1.50
2012.01.24 03:48:06.329,0.80852,0.80867,1.50,1.50
2012.01.24 03:48:06.579,0.80852,0.80869,1.50,1.50
2012.01.24 03:48:07.428,0.80854,0.80869,1.50,1.50
2012.01.24 03:48:08.411,0.80852,0.80869,1.50,1.50
2012.01.24 03:48:10.070,0.80852,0.80869,1.50,1.50
2012.01.24 03:48:11.792,0.80856,0.8087,1.50,1.50
2012.01.24 03:48:12.871,0.80856,0.80871,1.50,1.50
2012.01.24 03:48:15.031,0.80856,0.8087,1.50,1.50
2012.01.24 03:48:15.222,0.80856,0.80874,3.00,2.63
2012.01.24 03:48:15.294,0.80858,0.80874,1.50,1.13
2012.01.24 03:48:15.554,0.80861,0.80877,1.50,1.13
2012.01.24 03:48:15.751,0.80861,0.80877,2.25,1.50
2012.01.24 03:48:16.025,0.80862,0.80876,1.50,1.50
2012.01.24 03:48:16.362,0.80863,0.80881,2.25,2.25
2012.01.24 03:48:17.263,0.80866,0.80884,1.50,2.25
2012.01.24 03:48:17.343,0.80868,0.80886,2.25,1.50
2012.01.24 03:48:17.680,0.80868,0.80884,2.25,1.50
2012.01.24 03:48:18.222,0.80865,0.80883,2.63,1.50
2012.01.24 03:48:21.744,0.80865,0.80881,1.13,1.50
2012.01.24 03:48:22.056,0.80864,0.80878,1.13,1.50
2012.01.24 03:48:22.303,0.80862,0.80878,1.13,1.50
2012.01.24 03:48:22.429,0.80865,0.80881,2.25,1.50
2012.01.24 03:48:23.050,0.80864,0.80882,2.25,1.50
2012.01.24 03:48:29.229,0.80864,0.80882,2.25,1.50
2012.01.24 03:48:29.554,0.80863,0.80878,1.13,1.50
2012.01.24 03:48:30.205,0.80863,0.80877,1.13,1.50
2012.01.24 03:48:30.976,0.80863,0.80875,1.13,1.50
2012.01.24 03:48:31.046,0.80861,0.80872,2.70,1.50
2012.01.24 03:48:31.112,0.80861,0.80874,2.70,1.50
2012.01.24 03:48:31.305,0.80858,0.80874,2.08,1.50
2012.01.24 03:48:31.623,0.80859,0.80875,2.25,2.25
2012.01.24 03:48:31.822,0.80856,0.80872,1.50,1.50
2012.01.24 03:48:32.145,0.80856,0.8087,1.50,1.50
2012.01.24 03:48:32.701,0.80855,0.8087,1.50,1.50
2012.01.24 03:48:32.965,0.80855,0.80873,3.00,2.25
2012.01.24 03:48:33.577,0.80855,0.80873,3.00,2.25
2012.01.24 03:48:37.487,0.80855,0.80873,2.25,2.25
2012.01.24 03:48:38.011,0.80855,0.80873,3.00,2.25
2012.01.24 03:48:38.580,0.80855,0.80873,2.25,2.25
2012.01.24 03:48:40.663,0.80854,0.8087,2.25,1.50
2012.01.24 03:48:40.902,0.80855,0.80873,2.25,2.25
2012.01.24 03:48:43.597,0.80855,0.80873,3.00,2.25
2012.01.24 03:48:45.325,0.80855,0.80873,2.25,2.25
2012.01.24 03:48:46.861,0.80856,0.80874,1.50,2.25
2012.01.24 03:48:47.370,0.80856,0.80872,2.25,2.25
2012.01.24 03:48:55.690,0.80856,0.80874,3.00,2.25
2012.01.24 03:48:55.761,0.80859,0.80875,1.50,2.25
2012.01.24 03:48:56.084,0.80857,0.80875,3.00,1.50
2012.01.24 03:48:56.667,0.80858,0.80876,2.25,1.50
2012.01.24 03:48:56.743,0.80857,0.80875,1.50,2.25
2012.01.24 03:48:57.460,0.80856,0.80873,1.50,2.25
2012.01.24 03:48:57.965,0.80857,0.80873,1.50,2.25
2012.01.24 03:48:58.967,0.80856,0.80872,2.25,2.25
2012.01.24 03:48:59.863,0.80857,0.80873,1.50,2.25
2012.01.24 03:49:02.273,0.80855,0.80873,2.25,2.25
2012.01.24 03:49:07.212,0.80857,0.80873,1.50,2.25
2012.01.24 03:49:07.560,0.80858,0.80876,2.25,2.25
2012.01.24 03:49:07.692,0.80858,0.80876,1.50,2.25
2012.01.24 03:49:08.061,0.80856,0.80872,2.25,2.25
2012.01.24 03:49:10.093,0.80857,0.80873,1.50,2.25
2012.01.24 03:49:10.847,0.80856,0.80872,2.25,2.25
2012.01.24 03:49:13.977,0.80856,0.80872,2.25,2.25
2012.01.24 03:49:14.146,0.80856,0.80872,2.25,2.25
2012.01.24 03:49:16.141,0.80856,0.80872,1.50,2.25
2012.01.24 03:49:16.761,0.80853,0.80871,3.00,2.25
2012.01.24 03:49:20.316,0.80856,0.80872,1.50,2.25
2012.01.24 03:49:23.292,0.80856,0.80872,2.25,2.25
2012.01.24 03:49:23.944,0.80855,0.8087,1.50,2.70
2012.01.24 03:49:24.016,0.80849,0.80867,2.25,2.25
2012.01.24 03:49:24.085,0.80847,0.80863,3.00,1.50
2012.01.24 03:49:24.403,0.80847,0.80863,3.00,1.50
2012.01.24 03:49:25.065,0.80849,0.80865,2.25,1.50
2012.01.24 03:49:28.713,0.80849,0.80867,2.25,1.50
2012.01.24 03:49:29.778,0.80848,0.80866,2.25,1.50
2012.01.24 03:49:32.733,0.80847,0.80864,1.50,1.50
2012.01.24 03:49:33.964,0.80847,0.80864,1.50,1.50
2012.01.24 03:49:34.213,0.80848,0.80866,2.25,1.50
2012.01.24 03:49:35.001,0.80847,0.80864,1.50,1.50
2012.01.24 03:49:40.406,0.80849,0.80865,2.25,1.50
2012.01.24 03:49:42.363,0.80849,0.80865,2.25,1.50
2012.01.24 03:49:46.042,0.80849,0.80865,2.25,1.50
2012.01.24 03:49:51.182,0.80849,0.80864,2.25,1.95
2012.01.24 03:49:51.513,0.8084,0.80858,2.25,1.50
2012.01.24 03:49:51.582,0.8084,0.80858,2.25,1.50
2012.01.24 03:49:52.084,0.80841,0.80859,2.25,1.50
2012.01.24 03:49:53.288,0.80843,0.80861,2.25,2.25
2012.01.24 03:49:53.493,0.80843,0.80861,2.25,1.50
2012.01.24 03:50:01.341,0.80843,0.80861,2.25,2.25
2012.01.24 03:50:01.839,0.80841,0.80859,2.25,1.50
2012.01.24 03:50:04.013,0.80841,0.80857,2.25,1.50
2012.01.24 03:50:04.314,0.80843,0.80861,2.25,2.25
2012.01.24 03:50:04.443,0.80843,0.80861,2.25,1.50
2012.01.24 03:50:04.759,0.80841,0.80859,2.25,1.50
2012.01.24 03:50:23.465,0.80851,0.80863,2.55,1.50
2012.01.24 03:50:23.746,0.80854,0.80872,2.25,2.63
2012.01.24 03:50:23.813,0.80853,0.80869,2.25,1.50
2012.01.24 03:50:23.942,0.80853,0.80869,1.50,2.25
2012.01.24 03:50:24.135,0.80849,0.80865,2.25,1.50
2012.01.24 03:50:24.324,0.80849,0.80865,2.25,1.50
2012.01.24 03:50:24.574,0.8085,0.80866,2.25,2.25
2012.01.24 03:50:25.094,0.80849,0.80865,2.25,2.25
2012.01.24 03:50:26.753,0.80849,0.80865,2.25,1.50
2012.01.24 03:50:27.296,0.8085,0.80866,2.25,2.25
2012.01.24 03:50:29.693,0.80851,0.80869,1.50,2.25
2012.01.24 03:50:30.255,0.80852,0.80868,1.50,2.25
2012.01.24 03:50:31.431,0.80851,0.80867,1.50,2.25
2012.01.24 03:50:33.726,0.80852,0.80868,1.50,2.25
2012.01.24 03:50:37.754,0.8085,0.80868,2.25,2.25
2012.01.24 03:50:38.272,0.80849,0.80865,2.25,1.50
2012.01.24 03:50:40.746,0.8085,0.80866,2.25,2.25
2012.01.24 03:50:49.008,0.80843,0.80856,1.50,1.50
2012.01.24 03:50:49.338,0.80848,0.80863,1.50,1.50
2012.01.24 03:50:49.477,0.80846,0.80863,1.50,1.50
2012.01.24 03:50:50.024,0.80845,0.80863,2.25,3.00
2012.01.24 03:50:50.277,0.80848,0.80863,1.50,1.50
2012.01.24 03:50:50.595,0.8085,0.80866,1.50,2.25
2012.01.24 03:50:50.731,0.8085,0.80866,2.25,1.50
2012.01.24 03:50:51.043,0.8085,0.80866,1.50,2.25
2012.01.24 03:50:51.759,0.80851,0.80868,1.50,1.13
2012.01.24 03:50:52.253,0.80851,0.80868,1.50,1.13
2012.01.24 03:50:52.584,0.80851,0.80867,1.50,2.25
2012.01.24 03:50:53.156,0.80852,0.80868,1.50,2.63
2012.01.24 03:50:53.485,0.8085,0.80866,2.25,2.63
2012.01.24 03:50:53.556,0.80848,0.80864,2.25,2.25
2012.01.24 03:50:53.874,0.80848,0.80864,1.50,3.00
2012.01.24 03:50:54.075,0.80844,0.80862,2.25,2.25
2012.01.24 03:50:54.386,0.80847,0.80863,1.50,2.25
2012.01.24 03:50:55.385,0.80847,0.80863,1.50,2.25
2012.01.24 03:50:56.027,0.80847,0.80863,1.50,2.25
2012.01.24 03:50:59.316,0.80849,0.80865,1.50,2.63
2012.01.24 03:51:01.223,0.80849,0.80864,1.50,1.13
2012.01.24 03:51:03.015,0.80849,0.8086,1.50,2.70
2012.01.24 03:51:03.157,0.80841,0.80857,1.50,2.25
2012.01.24 03:51:03.297,0.80842,0.80858,3.00,1.50
2012.01.24 03:51:03.547,0.80849,0.80867,1.50,3.00
2012.01.24 03:51:03.674,0.80849,0.80867,2.25,1.50
2012.01.24 03:51:03.994,0.80849,0.80867,2.25,1.50
2012.01.24 03:51:04.433,0.80849,0.80865,2.25,1.50
2012.01.24 03:51:10.089,0.80849,0.80865,2.25,2.25
2012.01.24 03:51:11.335,0.80849,0.80865,2.25,1.50
2012.01.24 03:51:11.888,0.80849,0.80867,2.25,1.50
2012.01.24 03:51:12.453,0.80848,0.80866,2.25,1.50
2012.01.24 03:51:12.522,0.80848,0.80866,2.25,2.25
2012.01.24 03:51:17.002,0.80849,0.80867,2.25,1.88
2012.01.24 03:51:18.202,0.80849,0.80867,2.25,1.50
2012.01.24 03:51:18.513,0.80852,0.80868,2.25,1.50
2012.01.24 03:51:18.762,0.80853,0.8087,2.25,1.13
2012.01.24 03:51:48.602,0.80853,0.80869,2.25,1.50
2012.01.24 03:51:57.174,0.80853,0.8087,2.25,1.13
2012.01.24 03:52:03.534,0.80856,0.8087,1.50,1.13
2012.01.24 03:52:07.552,0.80851,0.80867,2.25,1.50
2012.01.24 03:52:08.064,0.8085,0.80868,2.25,1.50
2012.01.24 03:52:09.047,0.8085,0.80868,2.25,1.50
2012.01.24 03:52:10.943,0.80848,0.80866,2.63,1.50
2012.01.24 03:52:18.204,0.80848,0.80866,2.63,1.50
2012.01.24 03:52:18.334,0.80852,0.80868,1.50,2.25
2012.01.24 03:52:18.585,0.80848,0.80866,2.25,1.50
2012.01.24 03:52:20.832,0.80851,0.80867,2.25,1.50
2012.01.24 03:52:22.315,0.80851,0.80869,2.25,2.25
2012.01.24 03:52:46.805,0.80853,0.80869,2.25,1.50
2012.01.24 03:52:47.403,0.80851,0.80869,2.25,2.25
2012.01.24 03:52:49.923,0.8085,0.80868,2.25,1.50
2012.01.24 03:52:51.023,0.80851,0.80869,2.25,2.63
2012.01.24 03:52:53.192,0.80854,0.80869,1.50,1.13
2012.01.24 03:52:54.732,0.80853,0.80869,2.25,2.63
2012.01.24 03:52:56.772,0.80855,0.80873,2.25,2.25
2012.01.24 03:52:56.962,0.80856,0.80873,1.50,2.25
2012.01.24 03:53:00.980,0.80856,0.80873,1.50,2.25
2012.01.24 03:53:01.474,0.80856,0.80873,1.50,2.25
2012.01.24 03:53:03.544,0.80856,0.80871,1.50,1.50
2012.01.24 03:53:07.983,0.80856,0.80871,1.50,1.50
2012.01.24 03:53:08.117,0.80857,0.80873,2.63,2.25
2012.01.24 03:53:08.244,0.80859,0.80877,3.00,2.25
2012.01.24 03:53:08.315,0.80861,0.80877,1.50,1.50
2012.01.24 03:53:08.695,0.8086,0.80877,1.13,1.50
2012.01.24 03:53:08.764,0.80865,0.80881,2.25,1.50
2012.01.24 03:53:08.965,0.80865,0.80881,2.25,1.50
2012.01.24 03:53:09.195,0.80865,0.80881,2.25,1.50
2012.01.24 03:53:09.264,0.80863,0.80879,2.25,1.50
2012.01.24 03:53:09.797,0.80863,0.80879,2.25,1.50
2012.01.24 03:53:13.000,0.80863,0.80881,2.25,1.50
2012.01.24 03:53:14.185,0.80862,0.8088,2.25,1.50
2012.01.24 03:53:14.787,0.80864,0.8088,2.25,1.50
2012.01.24 03:53:14.862,0.80866,0.80884,2.25,1.50
2012.01.24 03:53:16.050,0.80869,0.80885,2.25,1.50
2012.01.24 03:53:17.756,0.8087,0.80886,2.25,2.25
2012.01.24 03:53:17.884,0.8087,0.80886,2.25,2.25
2012.01.24 03:53:18.195,0.80868,0.80884,2.25,1.50
2012.01.24 03:53:18.748,0.80869,0.80885,2.25,1.50
2012.01.24 03:53:19.484,0.80865,0.80883,2.25,1.50
2012.01.24 03:53:20.600,0.80866,0.80884,2.25,1.50
2012.01.24 03:53:22.194,0.80868,0.80886,2.25,2.25
2012.01.24 03:53:23.195,0.80867,0.80885,2.25,2.25
2012.01.24 03:53:23.713,0.80867,0.80885,2.25,2.25
2012.01.24 03:53:23.785,0.80864,0.80882,2.25,1.50
2012.01.24 03:53:24.335,0.80864,0.80882,2.25,2.25
2012.01.24 03:53:24.846,0.80862,0.8088,2.25,1.50
2012.01.24 03:53:24.917,0.80864,0.80882,2.25,2.25
2012.01.24 03:53:25.634,0.80861,0.80881,2.25,1.50
2012.01.24 03:53:26.283,0.80861,0.80881,2.25,2.25
2012.01.24 03:53:27.672,0.80862,0.80882,2.25,2.25
2012.01.24 03:53:29.098,0.80861,0.80884,2.25,2.25
2012.01.24 03:53:29.705,0.80861,0.80884,2.25,2.25
2012.01.24 03:53:31.483,0.80861,0.80884,2.25,2.25
2012.01.24 03:53:38.891,0.80864,0.80885,2.25,2.25
2012.01.24 03:53:39.203,0.80864,0.80885,2.25,2.25
2012.01.24 03:53:39.882,0.80864,0.80885,2.25,2.25
2012.01.24 03:53:40.152,0.80864,0.80885,2.25,2.25
2012.01.24 03:53:41.483,0.80861,0.80884,2.25,2.25
2012.01.24 03:53:46.316,0.80861,0.80884,2.25,2.25
2012.01.24 03:53:46.562,0.80861,0.80884,2.25,2.25
2012.01.24 03:53:46.634,0.80861,0.80882,2.25,1.50
2012.01.24 03:53:47.166,0.80863,0.80884,2.25,2.25
2012.01.24 03:53:47.989,0.80863,0.80886,2.25,2.25
2012.01.24 03:53:48.723,0.80864,0.80887,2.25,2.25
2012.01.24 03:54:15.584,0.80867,0.80888,1.50,3.00
2012.01.24 03:54:15.653,0.80866,0.80888,2.25,3.00
2012.01.24 03:54:15.784,0.80865,0.80887,2.25,2.25
2012.01.24 03:54:18.616,0.80866,0.80887,2.25,2.25
2012.01.24 03:54:19.045,0.80866,0.80887,2.25,2.25
2012.01.24 03:54:19.367,0.80865,0.80886,2.25,2.25
2012.01.24 03:54:20.029,0.80859,0.80882,2.63,2.25
2012.01.24 03:54:28.171,0.80863,0.80884,2.25,2.25
2012.01.24 03:54:35.273,0.80863,0.80884,2.25,2.25
2012.01.24 03:54:37.710,0.80863,0.80884,2.25,2.25
2012.01.24 03:54:38.705,0.80863,0.80884,2.25,2.25
2012.01.24 03:54:47.945,0.80863,0.80884,2.25,2.25
2012.01.24 03:54:48.372,0.80864,0.80883,2.25,1.13
2012.01.24 03:54:48.561,0.80864,0.80882,1.50,1.13
2012.01.24 03:54:50.342,0.80864,0.80885,2.25,2.63
2012.01.24 03:54:50.471,0.80864,0.80885,2.25,2.25
2012.01.24 03:54:50.912,0.80864,0.80887,2.25,2.25
2012.01.24 03:54:51.643,0.80863,0.80886,2.25,2.25
2012.01.24 03:54:52.712,0.80865,0.80886,2.25,2.25
2012.01.24 03:55:02.271,0.80865,0.80882,2.25,1.13
2012.01.24 03:55:02.958,0.80865,0.80883,2.25,1.13
2012.01.24 03:55:03.024,0.80865,0.80881,1.50,1.13
2012.01.24 03:55:18.598,0.80865,0.80881,1.50,1.13
2012.01.24 03:55:18.785,0.80869,0.80881,1.50,1.13
2012.01.24 03:55:18.974,0.80871,0.80885,1.50,1.88
2012.01.24 03:55:19.827,0.80868,0.80884,1.50,2.25
2012.01.24 03:55:20.404,0.80868,0.80884,1.50,2.25
2012.01.24 03:55:21.603,0.80868,0.80885,1.50,1.88
2012.01.24 03:55:22.285,0.80868,0.80885,1.50,1.88
2012.01.24 03:55:22.536,0.80866,0.80882,1.50,2.25
2012.01.24 03:55:23.003,0.80867,0.80883,2.25,2.25
2012.01.24 03:55:28.643,0.80867,0.80885,1.50,3.38
2012.01.24 03:55:32.134,0.80868,0.80885,1.50,1.88
2012.01.24 03:55:44.123,0.80868,0.80885,1.50,1.88
2012.01.24 03:55:44.194,0.80871,0.80885,3.45,1.88
2012.01.24 03:55:44.445,0.80873,0.80886,1.50,1.50
2012.01.24 03:55:50.190,0.80873,0.80889,1.50,1.50
2012.01.24 03:55:57.874,0.80873,0.80889,2.25,3.00
2012.01.24 03:55:57.947,0.8088,0.80893,2.70,2.63
2012.01.24 03:55:58.014,0.80881,0.80896,1.35,1.88
2012.01.24 03:55:58.146,0.80881,0.80896,1.35,1.88
2012.01.24 03:55:58.222,0.80879,0.80893,2.45,1.13
2012.01.24 03:55:58.595,0.8087,0.80887,2.90,1.50
2012.01.24 03:55:59.236,0.80871,0.80888,2.25,1.50
2012.01.24 03:56:00.342,0.80871,0.80888,3.00,1.50
2012.01.24 03:56:00.684,0.8088,0.80897,2.90,2.63
2012.01.24 03:56:00.937,0.80873,0.80889,2.25,2.25
2012.01.24 03:56:01.005,0.80871,0.80884,1.14,1.50
2012.01.24 03:56:01.195,0.80866,0.80884,2.45,1.50
2012.01.24 03:56:01.446,0.80865,0.80883,4.40,1.50
2012.01.24 03:56:01.980,0.80866,0.80884,2.45,1.50
2012.01.24 03:56:02.836,0.80866,0.80884,2.45,1.50
2012.01.24 03:56:03.105,0.80872,0.80888,2.25,2.25
2012.01.24 03:56:03.525,0.80866,0.80884,3.00,1.50
2012.01.24 03:56:03.653,0.80866,0.80882,3.00,1.50
2012.01.24 03:56:04.422,0.80867,0.80883,2.25,2.25
2012.01.24 03:56:05.429,0.80869,0.80885,1.50,2.25
2012.01.24 03:56:06.350,0.80869,0.80885,1.50,2.25
2012.01.24 03:56:06.544,0.80865,0.80882,3.30,2.25
2012.01.24 03:56:08.110,0.80865,0.80882,3.30,2.25
2012.01.24 03:56:08.444,0.80861,0.80877,2.25,1.50
2012.01.24 03:56:08.755,0.80857,0.80873,2.25,1.50
2012.01.24 03:56:08.826,0.80858,0.80876,2.25,2.25
2012.01.24 03:56:09.320,0.80858,0.80876,2.25,1.50
2012.01.24 03:56:09.574,0.80861,0.80879,3.00,2.63
2012.01.24 03:56:09.764,0.80859,0.80875,2.25,1.50
2012.01.24 03:56:09.963,0.80859,0.80875,1.50,2.25
2012.01.24 03:56:11.410,0.80859,0.80875,1.50,2.25
2012.01.24 03:56:11.603,0.80862,0.80878,1.50,1.13
2012.01.24 03:56:12.253,0.80861,0.80877,1.50,2.25
2012.01.24 03:56:13.092,0.80861,0.80877,2.25,1.50
2012.01.24 03:56:13.403,0.80863,0.80881,2.25,1.50
2012.01.24 03:56:14.046,0.80866,0.80882,1.50,2.25
2012.01.24 03:56:14.584,0.80866,0.80882,2.25,2.25
2012.01.24 03:56:14.807,0.8087,0.80884,1.50,1.50
2012.01.24 03:56:15.204,0.80867,0.80884,2.25,1.50
2012.01.24 03:56:15.275,0.80872,0.80888,1.50,3.38
2012.01.24 03:56:15.713,0.80873,0.80888,1.50,1.50
2012.01.24 03:56:16.361,0.80872,0.80888,1.50,3.00
2012.01.24 03:56:16.443,0.80869,0.80887,2.85,2.25
2012.01.24 03:56:17.055,0.80869,0.80887,1.50,2.25
2012.01.24 03:56:20.943,0.8087,0.80886,1.50,2.25
2012.01.24 03:56:21.540,0.80871,0.80887,1.50,2.25
2012.01.24 03:56:22.904,0.80871,0.80887,2.25,2.25
2012.01.24 03:56:23.333,0.80876,0.80892,1.50,2.25
2012.01.24 03:56:23.404,0.80876,0.80892,2.25,1.50
2012.01.24 03:56:23.993,0.80876,0.80892,2.25,1.50
2012.01.24 03:56:26.474,0.80875,0.80891,2.63,1.50
2012.01.24 03:56:33.155,0.80876,0.80892,2.25,1.50
2012.01.24 03:56:33.864,0.80875,0.80891,2.63,1.50
2012.01.24 03:56:35.589,0.80876,0.80892,2.25,1.50
2012.01.24 03:57:05.336,0.80875,0.80891,2.63,1.50
2012.01.24 03:57:09.072,0.80875,0.80893,2.63,2.25
2012.01.24 03:57:15.256,0.80875,0.80892,1.13,1.50
2012.01.24 03:57:18.738,0.80875,0.80893,2.63,2.25
2012.01.24 03:57:20.795,0.80875,0.80891,2.63,1.50
2012.01.24 03:57:23.959,0.80875,0.80891,1.88,1.50
2012.01.24 03:57:38.969,0.80873,0.80889,1.88,1.50
2012.01.24 03:57:39.382,0.80875,0.80889,1.13,1.50
2012.01.24 03:57:42.875,0.80875,0.8089,1.13,1.50
2012.01.24 03:57:43.175,0.80876,0.8089,1.13,1.50
2012.01.24 03:57:55.248,0.80876,0.8089,1.13,1.50
2012.01.24 03:57:57.593,0.80876,0.80892,2.63,1.50
2012.01.24 03:58:18.475,0.80878,0.80894,2.25,1.50
2012.01.24 03:58:18.545,0.80878,0.80894,2.25,1.50
2012.01.24 03:58:19.052,0.80879,0.80895,2.25,2.25
2012.01.24 03:58:20.274,0.80878,0.80894,2.25,1.50
2012.01.24 03:58:20.704,0.80882,0.80898,2.63,1.50
2012.01.24 03:58:20.834,0.80882,0.80898,3.38,1.50
2012.01.24 03:58:21.324,0.80889,0.80898,1.13,1.50
2012.01.24 03:58:21.397,0.80891,0.80907,2.25,2.40
2012.01.24 03:58:21.467,0.80889,0.80907,2.63,2.40
2012.01.24 03:58:21.788,0.80885,0.80902,1.13,1.50
2012.01.24 03:58:22.106,0.80884,0.80902,1.50,2.25
2012.01.24 03:58:22.176,0.80881,0.80897,1.88,2.25
2012.01.24 03:58:22.245,0.80882,0.80897,1.13,1.50
2012.01.24 03:58:22.696,0.80883,0.80899,2.25,1.50
2012.01.24 03:58:23.845,0.80882,0.80897,1.13,1.50
2012.01.24 03:58:27.083,0.80882,0.80897,1.13,1.50
2012.01.24 03:58:36.519,0.80882,0.80897,1.13,1.50
2012.01.24 03:58:37.045,0.80882,0.80897,1.13,1.50
2012.01.24 03:58:40.841,0.80882,0.80898,1.13,1.50
2012.01.24 03:58:44.101,0.80882,0.80896,1.13,1.50
2012.01.24 03:59:08.337,0.80882,0.80895,1.13,1.50
2012.01.24 03:59:09.300,0.80877,0.80895,1.50,2.25
2012.01.24 03:59:17.061,0.80877,0.80895,1.50,2.25
2012.01.24 03:59:17.843,0.80876,0.80892,1.50,2.25
2012.01.24 03:59:31.692,0.80878,0.80894,1.50,2.25
2012.01.24 03:59:34.206,0.80878,0.80894,1.50,2.25
2012.01.24 03:59:34.945,0.80879,0.80895,1.50,2.25
2012.01.24 03:59:35.256,0.80883,0.80896,1.13,1.50
2012.01.24 03:59:39.504,0.80883,0.80895,1.13,1.50
2012.01.24 03:59:39.808,0.80877,0.80895,1.50,2.25
