2016.11.11 11:00:00.299,0.71934,0.71942,1.50,1.00
2016.11.11 11:00:00.794,0.71935,0.71944,1.50,1.00
2016.11.11 11:00:01.707,0.71937,0.71944,1.00,1.00
2016.11.11 11:00:01.758,0.71937,0.71946,1.00,1.00
2016.11.11 11:00:01.988,0.71939,0.71947,1.00,1.00
2016.11.11 11:00:02.140,0.71937,0.71947,1.50,1.00
2016.11.11 11:00:02.496,0.71936,0.71945,1.50,1.00
2016.11.11 11:00:03.041,0.71936,0.71944,1.50,1.00
2016.11.11 11:00:03.387,0.71937,0.71946,1.00,1.12
2016.11.11 11:00:03.792,0.71939,0.71947,1.00,1.00
2016.11.11 11:00:04.200,0.71939,0.71949,1.00,1.00
2016.11.11 11:00:04.468,0.71939,0.71947,1.00,1.00
2016.11.11 11:00:05.298,0.71939,0.71949,1.00,1.12
2016.11.11 11:00:05.705,0.7194,0.71947,1.00,1.00
2016.11.11 11:00:06.377,0.71939,0.71949,1.50,1.12
2016.11.11 11:00:06.681,0.71941,0.71948,1.00,1.00
2016.11.11 11:00:07.086,0.71938,0.71946,1.00,1.00
2016.11.11 11:00:07.693,0.71939,0.71948,1.00,1.00
2016.11.11 11:00:08.218,0.71938,0.71947,1.50,1.00
2016.11.11 11:00:09.688,0.71938,0.71948,1.50,1.00
2016.11.11 11:00:10.196,0.71938,0.71947,1.50,1.00
2016.11.11 11:00:13.003,0.71938,0.71946,1.50,1.00
2016.11.11 11:00:13.104,0.71938,0.71944,1.00,1.00
2016.11.11 11:00:13.155,0.71936,0.71944,2.25,1.00
2016.11.11 11:00:14.002,0.71936,0.71946,2.25,1.00
2016.11.11 11:00:14.541,0.71936,0.71945,1.12,1.00
2016.11.11 11:00:14.980,0.71936,0.71942,1.00,1.00
2016.11.11 11:00:15.489,0.71934,0.71942,1.50,1.00
2016.11.11 11:00:15.693,0.71933,0.71939,1.37,1.00
2016.11.11 11:00:15.795,0.71932,0.71939,1.50,1.00
2016.11.11 11:00:16.296,0.71929,0.71941,1.00,1.00
2016.11.11 11:00:16.398,0.71929,0.71939,1.00,1.00
2016.11.11 11:00:16.601,0.71929,0.71941,1.00,1.00
2016.11.11 11:00:16.905,0.71931,0.71943,1.00,1.50
2016.11.11 11:00:17.211,0.71933,0.71942,1.87,1.00
2016.11.11 11:00:17.465,0.7193,0.7194,1.12,1.00
2016.11.11 11:00:17.517,0.71929,0.71938,2.25,1.00
2016.11.11 11:00:17.591,0.71929,0.7194,2.25,1.00
2016.11.11 11:00:18.299,0.71929,0.71941,1.87,1.00
2016.11.11 11:00:19.007,0.71929,0.7194,1.12,1.00
2016.11.11 11:00:19.219,0.71929,0.71935,1.00,1.00
2016.11.11 11:00:19.321,0.71929,0.71937,1.00,1.50
2016.11.11 11:00:19.524,0.71929,0.71939,1.00,1.00
2016.11.11 11:00:19.928,0.71929,0.71941,1.00,2.25
2016.11.11 11:00:21.339,0.71929,0.71939,1.00,1.00
2016.11.11 11:00:21.744,0.71931,0.71942,1.00,1.50
2016.11.11 11:00:21.795,0.71934,0.71944,1.00,1.12
2016.11.11 11:00:22.335,0.71935,0.71945,1.00,1.00
2016.11.11 11:00:22.437,0.71935,0.71947,1.00,2.25
2016.11.11 11:00:23.199,0.71935,0.71947,2.25,1.50
2016.11.11 11:00:23.719,0.71935,0.71946,2.62,1.00
2016.11.11 11:00:26.640,0.71936,0.71948,2.25,1.50
2016.11.11 11:00:27.187,0.71937,0.71949,1.12,1.50
2016.11.11 11:00:27.693,0.71937,0.71948,1.12,1.00
2016.11.11 11:00:28.275,0.71936,0.71946,2.62,1.00
2016.11.11 11:00:33.420,0.71935,0.71946,1.12,1.00
2016.11.11 11:00:34.121,0.71935,0.71945,1.87,1.00
2016.11.11 11:00:34.627,0.71935,0.71946,1.87,1.00
2016.11.11 11:00:35.694,0.71935,0.71946,2.62,1.00
2016.11.11 11:00:36.744,0.71936,0.71947,1.12,1.00
2016.11.11 11:00:37.342,0.71936,0.71945,1.12,1.00
2016.11.11 11:00:37.892,0.71937,0.71945,1.00,1.00
2016.11.11 11:00:42.568,0.71937,0.71944,1.00,1.00
2016.11.11 11:00:43.649,0.71935,0.71944,1.12,1.00
2016.11.11 11:00:44.199,0.71935,0.71943,1.12,1.00
2016.11.11 11:00:45.744,0.71936,0.71943,1.00,1.00
2016.11.11 11:00:46.858,0.71936,0.71945,1.00,1.00
2016.11.11 11:00:47.565,0.71934,0.71944,1.00,1.00
2016.11.11 11:00:47.667,0.71936,0.71945,1.00,1.00
2016.11.11 11:00:47.851,0.71936,0.71947,1.50,1.50
2016.11.11 11:00:47.952,0.71936,0.71945,1.50,1.00
2016.11.11 11:00:51.890,0.71936,0.71944,1.50,1.00
2016.11.11 11:00:52.279,0.71936,0.71946,1.50,1.00
2016.11.11 11:00:52.482,0.71936,0.71944,1.50,1.00
2016.11.11 11:00:53.666,0.71936,0.71946,1.50,1.00
2016.11.11 11:00:54.173,0.71936,0.71945,1.50,1.00
2016.11.11 11:00:55.091,0.71937,0.71945,1.00,1.00
2016.11.11 11:00:55.267,0.71937,0.71947,1.87,1.00
2016.11.11 11:00:55.774,0.71939,0.71948,1.00,1.00
2016.11.11 11:00:56.281,0.71939,0.71949,1.00,1.00
2016.11.11 11:00:56.433,0.71937,0.71948,2.62,1.00
2016.11.11 11:00:56.586,0.71937,0.71946,2.62,1.00
2016.11.11 11:00:58.300,0.71937,0.71948,1.00,1.00
2016.11.11 11:00:59.793,0.71936,0.71948,1.50,1.00
2016.11.11 11:00:59.895,0.71936,0.71946,1.50,1.00
2016.11.11 11:01:00.099,0.71936,0.71948,1.50,1.00
2016.11.11 11:01:01.498,0.71936,0.71946,1.50,1.00
2016.11.11 11:01:01.599,0.71937,0.71949,1.50,1.00
2016.11.11 11:01:01.903,0.71937,0.71947,2.25,1.00
2016.11.11 11:01:02.004,0.71937,0.71949,2.25,1.50
2016.11.11 11:01:02.378,0.71936,0.71948,1.50,1.00
2016.11.11 11:01:02.429,0.71938,0.71949,1.00,2.25
2016.11.11 11:01:03.487,0.71936,0.71949,1.87,2.25
2016.11.11 11:01:04.188,0.71936,0.71946,1.12,1.00
2016.11.11 11:01:04.731,0.71935,0.71946,1.50,1.00
2016.11.11 11:01:05.240,0.71935,0.71947,1.50,1.00
2016.11.11 11:01:05.745,0.71936,0.71947,1.00,1.00
2016.11.11 11:01:06.188,0.71936,0.71945,1.00,1.00
2016.11.11 11:01:06.694,0.71937,0.71945,1.00,1.00
2016.11.11 11:01:14.146,0.71935,0.71945,1.50,1.00
2016.11.11 11:01:17.527,0.71935,0.71944,2.25,1.00
2016.11.11 11:01:18.046,0.71935,0.71943,2.25,1.00
2016.11.11 11:01:18.847,0.71935,0.71944,3.00,1.00
2016.11.11 11:01:18.981,0.71937,0.71944,1.00,1.00
2016.11.11 11:01:19.032,0.71937,0.71946,1.00,1.00
2016.11.11 11:01:19.134,0.71937,0.71944,1.00,1.00
2016.11.11 11:01:19.643,0.71937,0.71946,1.00,1.00
2016.11.11 11:01:20.150,0.71937,0.71945,1.00,1.00
2016.11.11 11:01:22.159,0.71937,0.71946,1.50,1.00
2016.11.11 11:01:22.666,0.71937,0.71947,1.50,1.00
2016.11.11 11:01:23.207,0.71937,0.71946,1.00,1.00
2016.11.11 11:01:23.713,0.71937,0.71947,1.00,1.00
2016.11.11 11:01:24.624,0.71937,0.71946,1.00,1.00
2016.11.11 11:01:26.543,0.71937,0.71945,1.00,1.00
2016.11.11 11:01:27.086,0.71936,0.71944,1.00,1.00
2016.11.11 11:01:27.593,0.71937,0.71945,1.00,1.00
2016.11.11 11:01:28.056,0.71937,0.71948,1.00,1.00
2016.11.11 11:01:28.717,0.71937,0.71945,1.00,1.00
2016.11.11 11:01:29.224,0.71937,0.71946,1.00,1.00
2016.11.11 11:01:29.846,0.71937,0.71947,1.00,1.00
2016.11.11 11:01:30.389,0.71937,0.71946,1.00,1.00
2016.11.11 11:01:32.642,0.71936,0.71946,1.87,1.00
2016.11.11 11:01:33.956,0.71936,0.71947,1.87,1.00
2016.11.11 11:01:34.462,0.71936,0.71946,1.87,1.00
2016.11.11 11:01:35.728,0.71937,0.71946,1.00,1.00
2016.11.11 11:01:36.234,0.71937,0.71945,1.00,1.00
2016.11.11 11:01:36.739,0.71936,0.71945,1.87,1.00
2016.11.11 11:01:38.070,0.71936,0.71947,2.62,1.00
2016.11.11 11:01:38.121,0.71939,0.71947,1.00,1.00
2016.11.11 11:01:38.173,0.71939,0.71949,1.00,3.00
2016.11.11 11:01:38.882,0.71939,0.71948,1.00,1.00
2016.11.11 11:01:39.954,0.71937,0.71948,1.12,1.00
2016.11.11 11:01:40.479,0.71938,0.71946,1.00,1.00
2016.11.11 11:01:41.480,0.71938,0.71948,1.00,1.50
2016.11.11 11:01:42.228,0.71937,0.71948,1.12,1.50
2016.11.11 11:01:44.233,0.71937,0.71949,1.12,1.50
2016.11.11 11:01:47.493,0.71939,0.71949,1.00,1.00
2016.11.11 11:01:47.545,0.71939,0.71951,1.50,1.50
2016.11.11 11:01:47.950,0.71939,0.71949,1.50,1.00
2016.11.11 11:01:48.491,0.71939,0.71948,1.50,1.00
2016.11.11 11:01:48.992,0.71938,0.71948,1.50,1.00
2016.11.11 11:01:49.792,0.7194,0.71948,1.00,1.00
2016.11.11 11:01:50.234,0.71938,0.71948,1.00,1.00
2016.11.11 11:01:50.841,0.71937,0.71948,1.87,1.50
2016.11.11 11:01:50.994,0.71937,0.71946,1.00,1.00
2016.11.11 11:01:51.298,0.71937,0.71948,1.00,2.25
2016.11.11 11:01:51.807,0.71937,0.71947,1.00,1.00
2016.11.11 11:01:52.269,0.71937,0.71945,1.00,1.00
2016.11.11 11:01:52.471,0.71937,0.7195,1.50,2.25
2016.11.11 11:01:53.006,0.71937,0.71949,1.87,1.00
2016.11.11 11:01:53.536,0.71937,0.71948,1.87,1.00
2016.11.11 11:01:54.401,0.71937,0.71947,1.87,1.00
2016.11.11 11:01:54.929,0.71938,0.71946,1.00,1.00
2016.11.11 11:01:55.994,0.71938,0.71944,1.00,1.00
2016.11.11 11:01:56.117,0.71934,0.71944,2.62,1.00
2016.11.11 11:01:56.269,0.71934,0.71942,1.00,1.00
2016.11.11 11:01:56.787,0.71934,0.71943,1.00,1.00
2016.11.11 11:02:00.116,0.71933,0.71943,1.50,1.00
2016.11.11 11:02:00.624,0.71933,0.71942,2.25,1.00
2016.11.11 11:02:01.698,0.71933,0.71944,2.25,1.00
2016.11.11 11:02:02.356,0.71934,0.71944,1.00,1.00
2016.11.11 11:02:02.407,0.71934,0.71946,1.50,1.50
2016.11.11 11:02:02.458,0.7194,0.71946,1.50,1.00
2016.11.11 11:02:02.509,0.7194,0.71949,1.50,1.00
2016.11.11 11:02:03.015,0.71939,0.71949,1.00,1.00
2016.11.11 11:02:03.300,0.71941,0.71953,1.50,1.35
2016.11.11 11:02:03.458,0.71943,0.71953,2.25,1.00
2016.11.11 11:02:03.965,0.71943,0.71953,2.25,1.00
2016.11.11 11:02:05.668,0.71945,0.71954,1.00,1.50
2016.11.11 11:02:06.193,0.71943,0.71955,2.62,1.00
2016.11.11 11:02:06.698,0.71943,0.71954,1.12,1.00
2016.11.11 11:02:07.862,0.71943,0.71953,1.00,1.00
2016.11.11 11:02:08.217,0.71942,0.71951,2.62,1.00
2016.11.11 11:02:08.571,0.7194,0.71948,2.62,1.00
2016.11.11 11:02:08.621,0.7194,0.71948,1.12,1.00
2016.11.11 11:02:08.672,0.71938,0.71946,2.62,1.00
2016.11.11 11:02:09.254,0.71938,0.71946,1.00,1.00
2016.11.11 11:02:09.760,0.71937,0.71946,1.00,1.00
2016.11.11 11:02:10.165,0.71937,0.71948,1.00,1.00
2016.11.11 11:02:10.866,0.71937,0.71947,1.00,1.00
2016.11.11 11:02:11.372,0.71936,0.71948,3.00,1.00
2016.11.11 11:02:11.878,0.71937,0.71947,1.00,1.50
2016.11.11 11:02:12.414,0.71937,0.71946,1.00,1.00
2016.11.11 11:02:15.746,0.71937,0.71947,1.00,1.00
2016.11.11 11:02:16.266,0.71937,0.71948,1.00,1.50
2016.11.11 11:02:17.628,0.71937,0.71946,1.00,1.00
2016.11.11 11:02:18.288,0.71937,0.71945,1.00,1.00
2016.11.11 11:02:18.339,0.71935,0.71945,1.12,1.00
2016.11.11 11:02:18.592,0.71935,0.71943,1.87,1.00
2016.11.11 11:02:19.133,0.71935,0.71944,1.87,1.00
2016.11.11 11:02:19.447,0.71938,0.71946,1.00,1.00
2016.11.11 11:02:20.356,0.71938,0.71947,1.00,1.00
2016.11.11 11:02:20.894,0.71938,0.71946,1.00,1.00
2016.11.11 11:02:21.588,0.71938,0.71945,1.00,1.00
2016.11.11 11:02:23.090,0.71938,0.71946,1.00,1.00
2016.11.11 11:02:23.596,0.71938,0.71947,1.00,1.00
2016.11.11 11:02:24.102,0.71938,0.71946,1.00,1.00
2016.11.11 11:02:24.457,0.71938,0.71948,1.00,1.50
2016.11.11 11:02:25.382,0.71938,0.71947,1.00,1.00
2016.11.11 11:02:25.889,0.71938,0.71948,1.00,1.00
2016.11.11 11:02:26.406,0.71938,0.71947,1.00,1.00
2016.11.11 11:02:27.167,0.71938,0.71949,1.00,2.25
2016.11.11 11:02:27.461,0.71938,0.71947,1.50,1.00
2016.11.11 11:02:27.969,0.71938,0.71948,1.00,1.00
2016.11.11 11:02:28.476,0.71938,0.71947,1.00,1.00
2016.11.11 11:02:29.018,0.71938,0.71946,1.00,1.00
2016.11.11 11:02:29.474,0.71938,0.71948,1.00,1.50
2016.11.11 11:02:30.034,0.71937,0.71947,1.50,1.00
2016.11.11 11:02:30.542,0.71938,0.71947,1.00,1.00
2016.11.11 11:02:31.214,0.71938,0.71948,1.00,1.00
2016.11.11 11:02:31.586,0.71938,0.71946,1.00,1.00
2016.11.11 11:02:32.581,0.71937,0.71945,1.50,1.00
2016.11.11 11:02:33.088,0.71938,0.71945,1.00,1.00
2016.11.11 11:02:34.395,0.71938,0.71946,1.00,1.00
2016.11.11 11:02:34.599,0.71938,0.71948,1.00,1.00
2016.11.11 11:02:35.031,0.71938,0.71946,1.00,1.00
2016.11.11 11:02:35.284,0.71938,0.71948,1.50,1.00
2016.11.11 11:02:35.386,0.7194,0.71948,1.12,1.00
2016.11.11 11:02:35.488,0.71938,0.71947,1.00,1.00
2016.11.11 11:02:35.995,0.71937,0.71946,1.87,1.00
2016.11.11 11:02:37.690,0.71938,0.71946,1.00,1.50
2016.11.11 11:02:38.528,0.71938,0.71943,1.00,1.00
2016.11.11 11:02:38.932,0.71934,0.71941,2.62,1.50
2016.11.11 11:02:39.034,0.71931,0.71938,1.00,1.00
2016.11.11 11:02:42.743,0.71929,0.71939,1.00,1.50
2016.11.11 11:02:43.208,0.71929,0.71936,1.00,1.00
2016.11.11 11:02:43.714,0.71929,0.71938,1.00,1.50
2016.11.11 11:02:44.221,0.71929,0.71939,1.00,1.00
2016.11.11 11:02:44.768,0.71929,0.7194,1.00,1.50
2016.11.11 11:02:45.344,0.71929,0.71939,1.00,1.50
2016.11.11 11:02:45.849,0.71929,0.71938,1.00,1.00
2016.11.11 11:02:47.848,0.7193,0.71939,1.00,1.00
2016.11.11 11:02:48.437,0.7193,0.7194,1.00,1.00
2016.11.11 11:02:48.842,0.7193,0.71936,1.00,1.00
2016.11.11 11:02:49.145,0.71928,0.71934,1.00,1.00
2016.11.11 11:02:49.349,0.71925,0.71934,1.50,1.50
2016.11.11 11:02:49.451,0.71923,0.71929,1.00,1.00
2016.11.11 11:02:49.598,0.71918,0.71928,1.00,1.00
2016.11.11 11:02:49.649,0.71918,0.71926,1.00,1.00
2016.11.11 11:02:50.005,0.71916,0.71927,1.00,1.00
2016.11.11 11:02:50.265,0.71916,0.71925,1.00,1.00
2016.11.11 11:02:50.769,0.71918,0.71926,1.00,1.00
2016.11.11 11:02:51.072,0.71923,0.71928,1.00,1.00
2016.11.11 11:02:51.174,0.71923,0.71934,1.00,1.00
2016.11.11 11:02:51.726,0.71923,0.71932,1.87,1.00
2016.11.11 11:02:51.929,0.71924,0.71934,1.00,1.00
2016.11.11 11:02:52.436,0.71925,0.71934,1.12,1.00
2016.11.11 11:02:56.943,0.71926,0.71936,1.00,1.00
2016.11.11 11:02:57.450,0.71927,0.71937,1.00,1.00
2016.11.11 11:02:58.734,0.71927,0.71935,1.50,1.00
2016.11.11 11:02:59.038,0.71924,0.71932,1.00,1.00
2016.11.11 11:02:59.139,0.71922,0.71931,2.25,1.00
2016.11.11 11:02:59.342,0.71924,0.71934,1.00,1.50
2016.11.11 11:02:59.693,0.71922,0.71933,1.87,1.00
2016.11.11 11:03:00.198,0.71923,0.71934,1.00,1.00
2016.11.11 11:03:04.838,0.71925,0.71934,1.00,1.00
2016.11.11 11:03:05.353,0.71925,0.71935,1.50,1.50
2016.11.11 11:03:08.846,0.71925,0.71936,1.50,1.50
2016.11.11 11:03:09.355,0.71925,0.71935,1.50,1.50
2016.11.11 11:03:09.969,0.71925,0.71937,1.50,1.50
2016.11.11 11:03:10.273,0.71925,0.71935,1.87,1.00
2016.11.11 11:03:10.475,0.71925,0.71938,2.62,3.00
2016.11.11 11:03:10.728,0.71928,0.71937,1.00,1.00
2016.11.11 11:03:11.351,0.71928,0.71938,1.00,2.25
2016.11.11 11:03:13.791,0.71928,0.71937,1.00,1.00
2016.11.11 11:03:14.147,0.71926,0.71937,1.00,1.00
2016.11.11 11:03:15.011,0.71926,0.71938,1.50,2.25
2016.11.11 11:03:15.531,0.71926,0.71937,1.50,1.00
2016.11.11 11:03:17.470,0.71926,0.71935,1.00,1.00
2016.11.11 11:03:17.672,0.71926,0.71937,1.00,1.00
2016.11.11 11:03:18.995,0.71926,0.71938,1.50,3.00
2016.11.11 11:03:19.702,0.71926,0.71937,1.50,1.00
2016.11.11 11:03:21.005,0.71926,0.71936,1.00,1.00
2016.11.11 11:03:21.510,0.71926,0.71935,1.50,1.00
2016.11.11 11:03:22.180,0.71926,0.71937,1.50,1.00
2016.11.11 11:03:22.688,0.71926,0.71938,3.00,1.00
2016.11.11 11:03:23.254,0.71927,0.71937,1.12,1.00
2016.11.11 11:03:23.618,0.71927,0.71939,1.12,2.25
2016.11.11 11:03:23.720,0.7193,0.71938,1.00,1.00
2016.11.11 11:03:23.821,0.7193,0.7194,1.00,1.00
2016.11.11 11:03:24.276,0.71929,0.71938,1.00,1.00
2016.11.11 11:03:24.813,0.71928,0.71938,1.00,1.00
2016.11.11 11:03:27.190,0.71928,0.71937,1.00,1.00
2016.11.11 11:03:27.697,0.71926,0.71937,1.00,1.50
2016.11.11 11:03:27.799,0.71926,0.71935,1.00,1.00
2016.11.11 11:03:28.103,0.71926,0.71937,1.00,1.00
2016.11.11 11:03:28.205,0.71926,0.71935,1.00,1.00
2016.11.11 11:03:28.403,0.71926,0.71937,1.00,1.00
2016.11.11 11:03:29.205,0.71926,0.71936,1.50,1.00
2016.11.11 11:03:29.711,0.71926,0.71937,1.50,1.00
2016.11.11 11:03:29.919,0.71926,0.71935,1.50,1.00
2016.11.11 11:03:31.395,0.71926,0.71937,1.00,1.50
2016.11.11 11:03:31.929,0.71926,0.71936,1.00,1.00
2016.11.11 11:03:37.596,0.71926,0.71935,1.00,1.00
2016.11.11 11:03:38.738,0.71926,0.71936,1.00,1.00
2016.11.11 11:03:39.244,0.71926,0.71935,1.00,1.00
2016.11.11 11:03:39.799,0.71927,0.71935,1.00,1.00
2016.11.11 11:03:40.304,0.71927,0.71934,1.00,1.00
2016.11.11 11:03:45.183,0.71926,0.71934,1.00,1.00
2016.11.11 11:03:45.691,0.71926,0.71935,1.00,1.00
2016.11.11 11:03:45.944,0.71926,0.71933,1.50,1.00
2016.11.11 11:03:47.336,0.71924,0.71933,1.00,1.00
2016.11.11 11:03:47.633,0.71924,0.71935,1.50,1.50
2016.11.11 11:03:48.040,0.71927,0.71935,1.00,1.50
2016.11.11 11:03:48.344,0.71927,0.71933,1.00,1.00
2016.11.11 11:03:49.001,0.71925,0.71933,1.50,1.00
2016.11.11 11:03:55.944,0.71925,0.71934,1.50,1.00
2016.11.11 11:03:56.791,0.71925,0.71932,1.50,1.00
2016.11.11 11:03:56.842,0.71925,0.71934,1.00,1.00
2016.11.11 11:03:57.384,0.71925,0.71935,1.00,1.50
2016.11.11 11:03:57.893,0.71925,0.71934,1.00,1.00
2016.11.11 11:04:00.787,0.71925,0.71936,1.50,1.50
2016.11.11 11:04:01.312,0.71926,0.71937,1.50,1.00
2016.11.11 11:04:01.477,0.71927,0.71935,1.00,1.00
2016.11.11 11:04:03.586,0.71927,0.71936,1.00,1.00
2016.11.11 11:04:04.095,0.71926,0.71936,1.00,1.00
2016.11.11 11:04:04.601,0.71926,0.71937,1.50,1.00
2016.11.11 11:04:04.915,0.71928,0.71938,1.00,1.50
2016.11.11 11:04:06.562,0.71927,0.71938,1.00,1.50
2016.11.11 11:04:07.068,0.71927,0.71937,1.00,1.00
2016.11.11 11:04:10.434,0.7193,0.71937,1.00,1.00
2016.11.11 11:04:10.485,0.71931,0.71939,1.00,1.00
2016.11.11 11:04:10.738,0.71928,0.71937,3.37,1.00
2016.11.11 11:04:10.788,0.71926,0.71936,1.80,1.00
2016.11.11 11:04:11.467,0.71926,0.71935,1.87,1.00
2016.11.11 11:04:11.973,0.71927,0.71936,1.00,1.00
2016.11.11 11:04:12.377,0.71927,0.71934,1.00,1.00
2016.11.11 11:04:14.116,0.71927,0.71933,1.00,1.00
2016.11.11 11:04:14.318,0.71925,0.71933,1.00,1.00
2016.11.11 11:04:15.099,0.71925,0.71934,1.00,1.00
2016.11.11 11:04:15.889,0.71925,0.71933,1.00,1.00
2016.11.11 11:04:16.399,0.71925,0.71932,1.00,1.00
2016.11.11 11:04:17.394,0.71925,0.7193,1.00,1.00
2016.11.11 11:04:18.479,0.71923,0.71932,1.87,1.00
2016.11.11 11:04:18.985,0.71926,0.71934,1.00,1.00
2016.11.11 11:04:20.403,0.71924,0.71934,1.50,1.00
2016.11.11 11:04:20.909,0.71924,0.71933,1.50,1.00
2016.11.11 11:04:21.419,0.71924,0.71932,1.00,1.00
2016.11.11 11:04:22.001,0.71924,0.71931,1.00,1.00
2016.11.11 11:04:22.507,0.71924,0.7193,1.00,1.00
2016.11.11 11:04:23.013,0.71925,0.7193,1.00,1.00
2016.11.11 11:04:23.610,0.71925,0.71931,1.50,1.00
2016.11.11 11:04:24.115,0.71925,0.7193,1.00,1.00
2016.11.11 11:04:24.644,0.71926,0.7193,1.00,1.00
2016.11.11 11:04:27.743,0.71926,0.71931,1.00,1.00
2016.11.11 11:04:29.437,0.71922,0.7193,1.12,1.00
2016.11.11 11:04:29.640,0.71919,0.71927,1.37,1.00
2016.11.11 11:04:29.691,0.71918,0.71927,1.00,1.00
2016.11.11 11:04:29.742,0.71918,0.71924,1.00,1.00
2016.11.11 11:04:29.945,0.71916,0.71925,1.50,1.00
2016.11.11 11:04:30.566,0.71916,0.71924,1.00,1.00
2016.11.11 11:04:31.943,0.71916,0.71922,1.00,1.00
2016.11.11 11:04:32.137,0.71914,0.71922,1.12,1.00
2016.11.11 11:04:32.643,0.71915,0.71922,1.50,1.00
2016.11.11 11:04:33.340,0.71915,0.71924,1.50,1.00
2016.11.11 11:04:33.934,0.71916,0.71924,1.00,1.00
2016.11.11 11:04:42.969,0.71916,0.71925,1.00,1.00
2016.11.11 11:04:45.430,0.71916,0.71927,1.00,1.00
2016.11.11 11:04:48.415,0.71916,0.71928,1.50,3.00
2016.11.11 11:04:49.539,0.71917,0.71928,1.00,2.25
2016.11.11 11:04:51.250,0.71917,0.7193,1.50,1.00
2016.11.11 11:04:51.453,0.71919,0.7193,1.00,1.00
2016.11.11 11:04:51.858,0.71919,0.71928,1.00,1.00
2016.11.11 11:04:52.692,0.71919,0.71927,1.00,1.00
2016.11.11 11:04:52.743,0.71916,0.71927,1.00,1.00
2016.11.11 11:04:53.048,0.71914,0.71925,1.12,1.50
2016.11.11 11:04:53.302,0.71908,0.71921,3.00,1.12
2016.11.11 11:04:53.353,0.71909,0.71919,1.00,1.00
2016.11.11 11:04:53.843,0.71911,0.71921,1.50,1.00
2016.11.11 11:04:53.995,0.71911,0.71924,2.25,2.62
2016.11.11 11:04:54.046,0.71913,0.71924,1.00,1.50
2016.11.11 11:04:54.400,0.71913,0.71926,1.50,2.25
2016.11.11 11:04:55.041,0.71914,0.71925,1.00,1.00
2016.11.11 11:04:55.549,0.71915,0.71926,1.50,1.00
2016.11.11 11:04:56.060,0.71915,0.71925,1.50,1.00
2016.11.11 11:04:57.392,0.71915,0.71926,1.00,1.00
2016.11.11 11:05:01.442,0.71915,0.71925,2.25,1.00
2016.11.11 11:05:02.400,0.71914,0.71925,1.00,1.00
2016.11.11 11:05:02.452,0.71914,0.71923,1.00,1.00
2016.11.11 11:05:02.503,0.71912,0.71922,1.00,1.00
2016.11.11 11:05:02.604,0.7191,0.71921,1.00,1.12
2016.11.11 11:05:03.009,0.71912,0.71923,1.00,1.87
2016.11.11 11:05:03.161,0.71914,0.71925,1.00,1.50
2016.11.11 11:05:03.515,0.71912,0.71924,1.50,1.00
2016.11.11 11:05:04.250,0.71912,0.71925,1.50,1.00
2016.11.11 11:05:04.756,0.71913,0.71925,1.00,1.00
2016.11.11 11:05:05.329,0.71913,0.71924,1.00,1.00
2016.11.11 11:05:06.101,0.71913,0.71925,1.00,1.50
2016.11.11 11:05:06.606,0.71914,0.71926,1.00,1.50
2016.11.11 11:05:07.272,0.71917,0.71926,1.00,1.00
2016.11.11 11:05:07.779,0.71917,0.71927,1.00,1.50
2016.11.11 11:05:11.389,0.71917,0.71925,1.00,1.30
2016.11.11 11:05:12.806,0.71917,0.71927,1.00,1.00
2016.11.11 11:05:12.987,0.71919,0.71928,1.00,1.00
2016.11.11 11:05:13.089,0.71917,0.7193,2.62,1.30
2016.11.11 11:05:13.978,0.71918,0.7193,1.00,1.00
2016.11.11 11:05:15.012,0.71919,0.71929,1.00,1.00
2016.11.11 11:05:17.083,0.71918,0.71931,1.50,1.30
2016.11.11 11:05:17.285,0.71919,0.71929,1.00,1.00
2016.11.11 11:05:22.845,0.71918,0.71929,1.00,1.00
2016.11.11 11:05:23.191,0.71913,0.71924,1.87,1.50
2016.11.11 11:05:23.495,0.71915,0.71925,1.00,1.50
2016.11.11 11:05:24.000,0.71915,0.71926,1.00,1.00
2016.11.11 11:05:25.594,0.71915,0.71927,1.00,1.30
2016.11.11 11:05:25.897,0.71919,0.71928,1.00,1.00
2016.11.11 11:05:26.415,0.71919,0.71927,1.00,1.00
2016.11.11 11:05:26.617,0.71916,0.71928,1.00,1.30
2016.11.11 11:05:27.147,0.71916,0.71927,1.00,1.00
2016.11.11 11:05:28.358,0.71916,0.71928,1.00,1.30
2016.11.11 11:05:30.158,0.71916,0.71926,1.00,1.00
2016.11.11 11:05:30.543,0.71916,0.71928,1.50,1.30
2016.11.11 11:05:31.048,0.71917,0.71927,1.00,1.00
2016.11.11 11:05:32.225,0.71916,0.71927,1.00,1.00
2016.11.11 11:05:32.730,0.71916,0.71926,1.00,1.00
2016.11.11 11:05:34.944,0.71916,0.71927,1.50,1.50
2016.11.11 11:05:35.449,0.71916,0.71928,1.50,1.30
2016.11.11 11:05:36.710,0.71917,0.71928,1.00,1.30
2016.11.11 11:05:36.761,0.7192,0.71928,1.00,1.30
2016.11.11 11:05:37.290,0.71919,0.71929,1.00,1.22
2016.11.11 11:05:40.435,0.7192,0.71928,1.12,1.00
2016.11.11 11:05:40.587,0.71923,0.71933,1.50,1.00
2016.11.11 11:05:40.638,0.71923,0.71935,1.50,1.00
2016.11.11 11:05:40.790,0.71925,0.71935,1.00,1.50
2016.11.11 11:05:41.334,0.71923,0.71935,3.37,1.50
2016.11.11 11:05:42.440,0.71925,0.71935,1.00,1.00
2016.11.11 11:05:43.035,0.71926,0.71936,1.50,1.00
2016.11.11 11:05:43.546,0.71926,0.71937,1.50,2.25
2016.11.11 11:05:44.094,0.71924,0.71936,2.62,1.00
2016.11.11 11:05:44.398,0.71924,0.71934,1.00,1.50
2016.11.11 11:05:44.729,0.71924,0.71932,1.00,1.00
2016.11.11 11:05:45.751,0.71924,0.71934,1.00,1.50
2016.11.11 11:05:46.257,0.71925,0.71934,1.00,1.00
2016.11.11 11:05:46.593,0.71927,0.71936,1.00,1.00
2016.11.11 11:05:47.351,0.71927,0.71935,1.00,1.00
2016.11.11 11:05:48.476,0.71927,0.71936,1.00,1.00
2016.11.11 11:05:48.881,0.71927,0.71934,1.00,1.00
2016.11.11 11:05:49.384,0.71926,0.71934,1.00,1.00
2016.11.11 11:05:49.985,0.71926,0.71935,1.00,1.00
2016.11.11 11:05:50.490,0.71926,0.71934,1.00,1.00
2016.11.11 11:05:50.998,0.71926,0.71933,1.00,1.00
2016.11.11 11:05:51.504,0.71926,0.71934,1.00,1.00
2016.11.11 11:05:51.704,0.71924,0.71934,1.00,1.00
2016.11.11 11:05:51.756,0.71924,0.71932,1.00,1.00
2016.11.11 11:05:52.263,0.71925,0.71934,1.00,1.00
2016.11.11 11:05:52.771,0.71925,0.71933,1.00,1.00
2016.11.11 11:05:52.873,0.71925,0.71935,1.00,1.50
2016.11.11 11:05:55.094,0.71926,0.71935,1.00,1.00
2016.11.11 11:05:55.784,0.71926,0.71934,1.00,1.00
2016.11.11 11:05:56.296,0.71926,0.71935,1.00,1.50
2016.11.11 11:05:57.688,0.71925,0.71935,1.00,1.50
2016.11.11 11:05:58.193,0.71925,0.71934,1.00,1.00
2016.11.11 11:05:58.789,0.71925,0.71935,1.50,2.25
2016.11.11 11:06:01.491,0.71925,0.71934,1.50,1.00
2016.11.11 11:06:01.722,0.71925,0.71932,1.00,1.00
2016.11.11 11:06:02.228,0.71924,0.71932,1.00,1.00
2016.11.11 11:06:03.044,0.71925,0.71932,1.50,1.00
2016.11.11 11:06:03.518,0.71926,0.71934,1.00,1.00
2016.11.11 11:06:04.324,0.71926,0.71935,1.00,1.00
2016.11.11 11:06:05.178,0.71926,0.71934,1.00,1.00
2016.11.11 11:06:05.431,0.71926,0.71937,1.50,1.00
2016.11.11 11:06:05.533,0.71926,0.71935,1.00,1.00
2016.11.11 11:06:06.443,0.71926,0.71936,1.50,1.00
2016.11.11 11:06:06.977,0.71927,0.71935,1.00,1.00
2016.11.11 11:06:07.129,0.71927,0.71937,1.00,1.00
2016.11.11 11:06:12.540,0.71929,0.71936,1.50,1.00
2016.11.11 11:06:12.642,0.71929,0.71938,1.00,1.00
2016.11.11 11:06:12.968,0.71927,0.71939,2.62,1.00
2016.11.11 11:06:13.019,0.71927,0.71937,2.62,1.00
2016.11.11 11:06:13.526,0.71927,0.71936,1.12,1.00
2016.11.11 11:06:14.422,0.71926,0.71936,1.00,1.00
2016.11.11 11:06:17.337,0.71926,0.71937,1.00,1.50
2016.11.11 11:06:17.843,0.71926,0.71936,1.00,1.00
2016.11.11 11:06:18.349,0.71926,0.71937,1.87,1.50
2016.11.11 11:06:19.140,0.71927,0.71937,1.00,1.50
2016.11.11 11:06:19.646,0.71926,0.71937,1.00,1.50
2016.11.11 11:06:19.951,0.71926,0.71934,1.50,1.00
2016.11.11 11:06:23.542,0.71926,0.71936,1.00,1.50
2016.11.11 11:06:26.444,0.71926,0.71935,1.00,1.00
2016.11.11 11:06:26.850,0.71923,0.71934,2.25,1.00
2016.11.11 11:06:27.132,0.71921,0.7193,1.00,1.00
2016.11.11 11:06:27.184,0.71918,0.7193,2.62,1.00
2016.11.11 11:06:27.691,0.71918,0.71929,1.00,1.00
2016.11.11 11:06:28.195,0.71918,0.7193,1.00,1.00
2016.11.11 11:06:30.043,0.71922,0.71932,1.00,1.50
2016.11.11 11:06:30.347,0.71924,0.71935,1.50,1.50
2016.11.11 11:06:32.349,0.71925,0.71935,1.00,1.00
2016.11.11 11:06:33.466,0.71922,0.71933,1.37,1.00
2016.11.11 11:06:33.816,0.71917,0.71926,1.12,1.00
2016.11.11 11:06:34.332,0.71917,0.71925,1.12,1.00
2016.11.11 11:06:35.649,0.71917,0.71927,1.00,1.00
2016.11.11 11:06:36.338,0.71917,0.71926,1.00,1.00
2016.11.11 11:06:36.541,0.71917,0.71923,1.00,1.00
2016.11.11 11:06:37.047,0.71916,0.71924,1.50,1.00
2016.11.11 11:06:37.556,0.71916,0.71926,1.50,1.00
2016.11.11 11:06:38.163,0.71916,0.71927,2.25,1.00
2016.11.11 11:06:38.675,0.71916,0.71926,2.25,1.00
2016.11.11 11:06:39.673,0.71916,0.71927,2.25,1.00
2016.11.11 11:06:40.188,0.71916,0.71926,2.25,1.00
2016.11.11 11:06:41.648,0.71916,0.71924,1.00,1.00
2016.11.11 11:06:43.494,0.71916,0.71927,1.00,1.50
2016.11.11 11:06:43.900,0.71916,0.71925,1.00,1.00
2016.11.11 11:06:45.993,0.71916,0.71924,1.00,1.00
2016.11.11 11:06:46.293,0.71916,0.71926,1.00,1.00
2016.11.11 11:06:49.187,0.71917,0.71926,1.00,1.00
2016.11.11 11:06:52.340,0.71916,0.71926,1.50,1.00
2016.11.11 11:06:54.218,0.71916,0.71925,1.00,1.00
2016.11.11 11:06:56.582,0.71916,0.71926,1.00,1.00
2016.11.11 11:06:57.088,0.71916,0.71925,1.00,1.50
2016.11.11 11:07:06.492,0.71916,0.71924,1.00,1.00
2016.11.11 11:07:09.440,0.71916,0.71925,1.00,1.00
2016.11.11 11:07:10.612,0.71916,0.71923,1.00,1.00
2016.11.11 11:07:10.663,0.71913,0.71923,1.37,1.50
2016.11.11 11:07:10.715,0.71911,0.71921,2.25,1.00
2016.11.11 11:07:10.766,0.71911,0.71922,1.00,1.00
2016.11.11 11:07:10.867,0.71909,0.71921,1.12,1.00
2016.11.11 11:07:11.381,0.71909,0.7192,1.00,1.00
2016.11.11 11:07:11.924,0.71908,0.7192,1.12,1.00
2016.11.11 11:07:14.787,0.71911,0.7192,1.00,1.00
2016.11.11 11:07:14.838,0.71913,0.71923,1.00,1.12
2016.11.11 11:07:15.370,0.71914,0.71924,1.00,1.00
2016.11.11 11:07:15.782,0.71913,0.71921,1.87,1.00
2016.11.11 11:07:15.934,0.71908,0.7192,1.12,1.50
2016.11.11 11:07:16.086,0.71908,0.71918,1.87,1.00
2016.11.11 11:07:16.372,0.71908,0.7192,1.00,2.25
2016.11.11 11:07:17.035,0.71908,0.71919,1.00,1.00
2016.11.11 11:07:17.641,0.7191,0.7192,1.00,1.00
2016.11.11 11:07:17.793,0.71913,0.71924,1.00,1.00
2016.11.11 11:07:17.844,0.71915,0.71925,1.00,2.25
2016.11.11 11:07:18.196,0.71915,0.71923,1.00,1.00
2016.11.11 11:07:18.552,0.71913,0.71923,1.12,1.00
2016.11.11 11:07:19.165,0.71912,0.71922,1.37,1.00
2016.11.11 11:07:19.216,0.71911,0.71921,1.00,1.00
2016.11.11 11:07:19.267,0.71908,0.71918,2.25,1.00
2016.11.11 11:07:19.369,0.71907,0.71919,1.50,1.00
2016.11.11 11:07:19.571,0.71907,0.71917,1.50,1.00
2016.11.11 11:07:20.341,0.71907,0.71918,1.50,1.50
2016.11.11 11:07:23.538,0.71907,0.71916,1.50,1.00
2016.11.11 11:07:24.044,0.71907,0.71917,1.50,1.00
2016.11.11 11:07:26.497,0.71907,0.71918,1.50,2.25
2016.11.11 11:07:28.692,0.71907,0.71919,2.25,1.00
2016.11.11 11:07:29.047,0.7191,0.71922,1.00,1.50
2016.11.11 11:07:29.363,0.71915,0.71924,1.00,1.00
2016.11.11 11:07:29.870,0.71915,0.71925,1.00,1.50
2016.11.11 11:07:31.075,0.71916,0.71925,1.00,1.50
2016.11.11 11:07:31.176,0.71914,0.71925,1.00,1.50
2016.11.11 11:07:31.278,0.71914,0.71922,1.00,1.00
2016.11.11 11:07:31.784,0.71911,0.71922,1.37,1.50
2016.11.11 11:07:31.835,0.71909,0.71922,1.87,1.50
2016.11.11 11:07:32.341,0.71908,0.71921,3.00,1.50
2016.11.11 11:07:32.864,0.71908,0.71921,3.37,1.50
2016.11.11 11:07:33.695,0.71908,0.71919,2.62,1.00
2016.11.11 11:07:34.201,0.71908,0.7192,1.00,2.25
2016.11.11 11:07:35.550,0.71909,0.7192,1.00,1.50
2016.11.11 11:07:37.312,0.71908,0.71919,1.87,1.00
2016.11.11 11:07:37.838,0.71908,0.71918,1.00,1.00
2016.11.11 11:07:40.804,0.71908,0.71919,1.00,1.50
2016.11.11 11:07:41.666,0.71907,0.71916,1.00,1.00
2016.11.11 11:07:43.482,0.71906,0.71916,2.62,1.00
2016.11.11 11:07:43.787,0.71906,0.71914,1.50,1.00
2016.11.11 11:07:44.245,0.71906,0.71916,2.25,1.00
2016.11.11 11:07:44.788,0.71906,0.71917,2.25,1.00
2016.11.11 11:07:45.372,0.71906,0.71916,2.25,1.00
2016.11.11 11:07:46.740,0.71906,0.71917,2.25,1.00
2016.11.11 11:07:47.268,0.71907,0.71917,1.00,1.00
2016.11.11 11:07:47.790,0.71907,0.71916,1.12,1.00
2016.11.11 11:07:47.942,0.71907,0.71914,1.12,1.00
2016.11.11 11:07:48.044,0.71907,0.71917,2.62,1.00
2016.11.11 11:07:48.549,0.71907,0.71916,2.62,1.00
2016.11.11 11:07:50.337,0.71908,0.71915,1.50,1.00
2016.11.11 11:07:50.541,0.71907,0.71915,1.50,1.00
2016.11.11 11:07:51.061,0.71906,0.71914,2.62,1.00
2016.11.11 11:07:51.465,0.71906,0.71916,2.62,1.00
2016.11.11 11:07:53.688,0.71906,0.71917,2.62,1.00
2016.11.11 11:07:53.739,0.71908,0.71917,1.00,1.00
2016.11.11 11:07:54.247,0.71907,0.71916,1.00,1.00
2016.11.11 11:07:54.765,0.71907,0.71915,1.00,1.00
2016.11.11 11:07:55.069,0.71907,0.71917,1.00,1.00
2016.11.11 11:07:57.765,0.71907,0.71918,1.00,1.00
2016.11.11 11:07:57.917,0.71911,0.71918,1.00,1.00
2016.11.11 11:07:57.968,0.71912,0.7192,1.00,1.00
2016.11.11 11:07:58.170,0.71912,0.71922,1.12,1.00
2016.11.11 11:07:58.842,0.71912,0.71921,1.00,1.00
2016.11.11 11:07:58.994,0.7191,0.7192,1.50,1.00
2016.11.11 11:07:59.096,0.7191,0.71918,1.12,1.00
2016.11.11 11:07:59.554,0.7191,0.71921,1.12,1.00
2016.11.11 11:08:00.713,0.7191,0.71922,1.00,3.00
2016.11.11 11:08:00.765,0.71913,0.71922,1.00,1.00
2016.11.11 11:08:01.069,0.71914,0.71924,1.50,1.00
2016.11.11 11:08:01.771,0.71914,0.71925,1.50,1.50
2016.11.11 11:08:02.277,0.71914,0.71924,1.87,1.00
2016.11.11 11:08:03.550,0.71915,0.71924,1.00,1.00
2016.11.11 11:08:04.059,0.71915,0.71923,1.50,1.00
2016.11.11 11:08:06.296,0.71915,0.71924,1.00,1.00
2016.11.11 11:08:06.871,0.71915,0.71923,1.00,1.00
2016.11.11 11:08:09.992,0.71915,0.71925,1.50,1.00
2016.11.11 11:08:10.498,0.71916,0.71925,1.00,1.00
2016.11.11 11:08:10.685,0.71918,0.71927,1.00,1.00
2016.11.11 11:08:11.598,0.71918,0.71929,1.50,1.50
2016.11.11 11:08:11.902,0.71918,0.71927,1.00,1.00
2016.11.11 11:08:12.418,0.71917,0.71927,1.00,1.50
2016.11.11 11:08:12.923,0.71917,0.71926,1.00,1.00
2016.11.11 11:08:13.993,0.71917,0.71925,1.00,1.00
2016.11.11 11:08:14.494,0.71916,0.71925,1.50,1.00
2016.11.11 11:08:15.202,0.71917,0.71926,1.00,1.00
2016.11.11 11:08:15.708,0.71917,0.71927,1.00,1.00
2016.11.11 11:08:16.279,0.71916,0.71927,2.25,1.00
2016.11.11 11:08:16.887,0.71918,0.71926,1.00,1.00
2016.11.11 11:08:17.291,0.71916,0.71927,2.25,1.00
2016.11.11 11:08:17.493,0.71918,0.71926,1.00,1.00
2016.11.11 11:08:18.035,0.71918,0.71927,1.00,1.00
2016.11.11 11:08:18.541,0.71917,0.71927,1.12,1.00
2016.11.11 11:08:18.895,0.71917,0.71925,1.00,1.00
2016.11.11 11:08:21.303,0.71917,0.71927,1.00,1.00
2016.11.11 11:08:21.835,0.71917,0.71926,1.00,1.00
2016.11.11 11:08:24.643,0.71918,0.71926,1.00,1.00
2016.11.11 11:08:24.745,0.71918,0.71929,1.00,1.00
2016.11.11 11:08:25.048,0.71918,0.71927,1.50,1.00
2016.11.11 11:08:29.224,0.71919,0.71926,1.00,1.00
2016.11.11 11:08:30.338,0.71919,0.71927,1.00,1.00
2016.11.11 11:08:31.133,0.71919,0.71926,1.00,1.00
2016.11.11 11:08:31.645,0.71919,0.71925,1.00,1.00
2016.11.11 11:08:32.391,0.71916,0.71925,2.25,1.00
2016.11.11 11:08:32.971,0.71917,0.71927,1.00,1.00
2016.11.11 11:08:33.477,0.71917,0.71926,1.00,1.00
2016.11.11 11:08:34.390,0.71916,0.71926,2.25,1.00
2016.11.11 11:08:35.039,0.71918,0.71926,1.00,1.00
2016.11.11 11:08:35.558,0.71917,0.71926,1.00,1.00
2016.11.11 11:08:37.044,0.71917,0.71925,1.00,1.00
2016.11.11 11:08:37.845,0.71917,0.71926,1.50,1.00
2016.11.11 11:08:37.946,0.71917,0.71928,1.50,1.50
2016.11.11 11:08:38.048,0.71917,0.71926,1.50,1.00
2016.11.11 11:08:38.351,0.71917,0.71928,1.50,1.50
2016.11.11 11:08:39.168,0.71917,0.71927,1.00,1.00
2016.11.11 11:08:39.675,0.71917,0.71928,1.00,1.00
2016.11.11 11:08:44.037,0.71917,0.71926,1.00,1.00
2016.11.11 11:08:46.979,0.71917,0.71927,1.00,1.00
2016.11.11 11:08:47.283,0.71917,0.71925,1.00,1.00
2016.11.11 11:08:52.412,0.71917,0.71926,1.00,1.00
2016.11.11 11:08:52.919,0.71916,0.71925,1.00,1.00
2016.11.11 11:08:53.442,0.71916,0.71926,1.00,1.00
2016.11.11 11:08:54.743,0.71916,0.71925,1.00,1.00
2016.11.11 11:08:55.745,0.71916,0.71926,1.00,1.00
2016.11.11 11:08:56.262,0.71916,0.71925,1.00,1.00
2016.11.11 11:09:00.534,0.71916,0.71924,1.00,1.00
2016.11.11 11:09:00.938,0.71916,0.71926,1.50,1.00
2016.11.11 11:09:01.444,0.71916,0.71927,1.50,1.50
2016.11.11 11:09:04.466,0.71917,0.71927,1.00,1.50
2016.11.11 11:09:07.527,0.71916,0.71927,1.50,1.00
2016.11.11 11:09:09.753,0.71916,0.71925,1.00,1.00
2016.11.11 11:09:10.846,0.71916,0.71926,1.00,1.00
2016.11.11 11:09:12.183,0.71916,0.71924,1.00,1.00
2016.11.11 11:09:13.761,0.71916,0.71926,1.00,1.00
2016.11.11 11:09:14.883,0.71916,0.71924,1.00,1.00
2016.11.11 11:09:15.204,0.71916,0.71922,1.00,1.00
2016.11.11 11:09:18.179,0.71916,0.71921,1.00,1.00
2016.11.11 11:09:19.489,0.71917,0.71921,1.00,1.00
2016.11.11 11:09:22.565,0.71916,0.71921,1.00,1.00
2016.11.11 11:09:23.394,0.71916,0.71922,1.00,1.00
2016.11.11 11:09:27.387,0.71916,0.71923,1.00,1.00
2016.11.11 11:09:27.689,0.71918,0.71925,1.50,1.00
2016.11.11 11:09:28.195,0.71917,0.71924,1.00,1.00
2016.11.11 11:09:28.903,0.71917,0.71922,1.00,1.00
2016.11.11 11:09:29.468,0.71917,0.71923,1.00,1.00
2016.11.11 11:09:30.398,0.71921,0.71925,1.00,1.00
2016.11.11 11:09:30.500,0.7192,0.71929,1.50,1.00
2016.11.11 11:09:30.726,0.71921,0.71927,1.00,1.00
2016.11.11 11:09:30.828,0.71918,0.71927,1.50,1.50
2016.11.11 11:09:30.879,0.71918,0.71925,1.00,1.00
2016.11.11 11:09:31.388,0.71918,0.71926,1.00,1.00
2016.11.11 11:09:31.901,0.71917,0.71927,1.50,1.00
2016.11.11 11:09:32.448,0.71917,0.71926,1.50,1.00
2016.11.11 11:09:34.710,0.71917,0.71925,1.00,1.00
2016.11.11 11:09:35.235,0.71916,0.71926,1.50,1.00
2016.11.11 11:09:36.487,0.71916,0.71927,1.50,1.00
2016.11.11 11:09:38.186,0.71916,0.71928,1.50,1.00
2016.11.11 11:09:38.546,0.71921,0.71928,1.00,1.00
2016.11.11 11:09:38.649,0.71921,0.71931,1.50,1.00
2016.11.11 11:09:40.417,0.71919,0.71931,1.50,1.00
2016.11.11 11:09:40.468,0.71919,0.71928,1.50,1.00
2016.11.11 11:09:40.771,0.71918,0.71926,1.50,1.00
2016.11.11 11:09:41.024,0.71918,0.71929,1.50,1.50
2016.11.11 11:09:41.258,0.71921,0.71931,1.00,1.00
2016.11.11 11:09:41.562,0.71918,0.71925,1.12,1.00
2016.11.11 11:09:42.544,0.71917,0.71925,1.87,1.00
2016.11.11 11:09:42.652,0.71917,0.71928,1.87,1.00
2016.11.11 11:09:43.062,0.71917,0.71926,1.12,1.00
2016.11.11 11:09:43.590,0.71917,0.71925,1.12,1.00
2016.11.11 11:09:44.369,0.71917,0.71926,1.87,1.00
2016.11.11 11:09:44.716,0.71921,0.7193,1.87,1.00
2016.11.11 11:09:45.020,0.71919,0.71928,1.50,1.50
2016.11.11 11:09:45.324,0.71917,0.71927,1.87,1.00
2016.11.11 11:09:45.476,0.71917,0.71925,1.00,1.00
2016.11.11 11:09:45.982,0.71916,0.71925,1.12,1.00
2016.11.11 11:09:46.943,0.71916,0.71927,1.12,1.50
2016.11.11 11:09:47.492,0.71916,0.71926,1.87,1.00
2016.11.11 11:09:48.341,0.71916,0.71928,1.87,2.25
2016.11.11 11:09:48.847,0.71916,0.71927,1.87,1.00
2016.11.11 11:09:49.564,0.71916,0.71926,1.87,1.00
2016.11.11 11:09:54.990,0.71916,0.71928,1.87,1.50
2016.11.11 11:09:55.537,0.71917,0.71928,1.00,1.00
2016.11.11 11:09:56.046,0.71917,0.71929,1.00,1.50
2016.11.11 11:09:56.552,0.71917,0.71928,1.00,1.00
2016.11.11 11:10:00.292,0.71916,0.71928,1.87,1.50
2016.11.11 11:10:00.801,0.71916,0.71927,1.87,1.50
2016.11.11 11:10:01.463,0.71916,0.71926,1.87,1.00
2016.11.11 11:10:01.970,0.71916,0.71927,1.87,1.50
2016.11.11 11:10:03.676,0.71916,0.71926,1.87,1.00
2016.11.11 11:10:04.183,0.71917,0.71926,1.00,1.00
2016.11.11 11:10:04.690,0.71916,0.71926,1.00,1.00
2016.11.11 11:10:04.995,0.71916,0.71928,1.50,1.12
2016.11.11 11:10:07.478,0.71916,0.71927,1.50,1.00
2016.11.11 11:10:11.291,0.71916,0.71928,1.50,1.00
2016.11.11 11:10:13.025,0.71916,0.71927,1.50,1.00
2016.11.11 11:10:13.531,0.71917,0.71928,1.00,1.00
2016.11.11 11:10:13.683,0.7192,0.7193,1.00,2.25
2016.11.11 11:10:13.887,0.71922,0.71933,1.50,1.00
2016.11.11 11:10:14.436,0.71922,0.71932,1.00,1.00
2016.11.11 11:10:15.072,0.71922,0.7193,1.00,1.00
2016.11.11 11:10:15.174,0.71922,0.71932,1.00,1.50
2016.11.11 11:10:15.427,0.71921,0.7193,1.12,1.00
2016.11.11 11:10:15.529,0.71919,0.7193,1.50,1.00
2016.11.11 11:10:15.800,0.71917,0.7193,2.62,1.50
2016.11.11 11:10:16.598,0.71917,0.71928,2.62,1.50
2016.11.11 11:10:18.534,0.71916,0.71928,1.50,1.00
2016.11.11 11:10:19.822,0.71916,0.71929,1.50,2.25
2016.11.11 11:10:22.683,0.71917,0.71929,1.00,2.25
2016.11.11 11:10:31.516,0.71917,0.7193,1.50,3.00
2016.11.11 11:10:33.841,0.7192,0.7193,2.25,1.00
2016.11.11 11:10:34.147,0.71922,0.71931,1.00,1.00
2016.11.11 11:10:34.199,0.71919,0.7193,1.50,1.50
2016.11.11 11:10:34.250,0.71919,0.71928,1.50,1.00
2016.11.11 11:10:34.417,0.71921,0.71931,1.00,1.00
2016.11.11 11:10:34.569,0.71921,0.71929,1.00,1.00
2016.11.11 11:10:34.619,0.71918,0.71929,1.50,1.00
2016.11.11 11:10:35.347,0.71918,0.71928,1.00,1.00
2016.11.11 11:10:35.852,0.71917,0.71928,1.50,1.00
2016.11.11 11:10:36.370,0.71917,0.71929,1.50,1.00
2016.11.11 11:10:36.472,0.7192,0.7193,1.00,2.25
2016.11.11 11:10:36.979,0.71919,0.71929,1.00,1.00
2016.11.11 11:10:37.536,0.71918,0.71929,1.00,1.50
2016.11.11 11:10:38.181,0.71918,0.7193,1.00,1.50
2016.11.11 11:10:38.686,0.71918,0.71929,1.00,1.00
2016.11.11 11:10:39.392,0.71922,0.71931,1.00,1.50
2016.11.11 11:10:39.531,0.71922,0.71933,1.50,1.00
2016.11.11 11:10:40.037,0.71922,0.71932,1.00,1.00
2016.11.11 11:10:40.138,0.71921,0.7193,1.00,1.00
2016.11.11 11:10:40.543,0.71921,0.71932,1.00,1.50
2016.11.11 11:10:41.088,0.71921,0.71931,1.00,1.00
2016.11.11 11:10:41.643,0.71921,0.71932,1.50,1.50
2016.11.11 11:10:42.149,0.71922,0.71931,1.00,1.00
2016.11.11 11:10:42.654,0.71922,0.7193,1.00,1.00
2016.11.11 11:10:42.776,0.7192,0.7193,1.50,1.00
2016.11.11 11:10:42.877,0.71919,0.71927,1.00,1.00
2016.11.11 11:10:43.382,0.71918,0.71927,1.50,1.00
2016.11.11 11:10:44.204,0.71918,0.71928,1.50,1.50
2016.11.11 11:10:49.643,0.71918,0.71929,1.00,1.50
2016.11.11 11:10:52.891,0.71919,0.7193,1.00,2.25
2016.11.11 11:10:54.437,0.71923,0.71931,1.00,1.00
2016.11.11 11:10:54.640,0.71923,0.71933,1.50,1.00
2016.11.11 11:10:54.742,0.71926,0.71933,1.00,1.00
2016.11.11 11:10:54.894,0.71926,0.71935,1.00,1.00
2016.11.11 11:10:55.450,0.71926,0.71937,1.50,1.50
2016.11.11 11:10:56.666,0.71927,0.71939,1.00,1.50
2016.11.11 11:10:57.171,0.71927,0.71938,1.12,1.00
2016.11.11 11:10:57.273,0.71928,0.7194,1.00,3.00
2016.11.11 11:10:57.425,0.7193,0.7194,1.00,1.00
2016.11.11 11:10:57.937,0.7193,0.71941,1.00,2.25
2016.11.11 11:10:59.622,0.71931,0.71941,1.00,1.00
2016.11.11 11:11:01.047,0.71932,0.71941,1.00,1.50
2016.11.11 11:11:02.120,0.7193,0.71941,1.00,1.00
2016.11.11 11:11:03.538,0.7193,0.71938,1.00,1.00
2016.11.11 11:11:04.064,0.7193,0.71939,1.00,1.00
2016.11.11 11:11:04.468,0.7193,0.71937,1.00,1.00
2016.11.11 11:11:04.984,0.7193,0.71938,1.00,1.00
2016.11.11 11:11:05.538,0.7193,0.7194,1.00,1.07
2016.11.11 11:11:06.087,0.7193,0.7194,1.00,1.00
2016.11.11 11:11:06.944,0.71933,0.7194,1.00,1.00
2016.11.11 11:11:06.995,0.71933,0.71943,1.50,1.20
2016.11.11 11:11:07.786,0.71933,0.71944,1.00,1.95
2016.11.11 11:11:08.191,0.71931,0.71943,1.50,1.00
2016.11.11 11:11:08.293,0.71929,0.71941,3.37,1.50
2016.11.11 11:11:08.597,0.71929,0.71939,1.00,1.57
2016.11.11 11:11:09.740,0.71928,0.71939,1.00,1.00
2016.11.11 11:11:10.195,0.71926,0.71938,2.25,1.00
2016.11.11 11:11:10.511,0.71924,0.71937,1.87,2.25
2016.11.11 11:11:12.671,0.71924,0.71936,1.50,1.00
2016.11.11 11:11:17.087,0.71926,0.71936,1.00,1.00
2016.11.11 11:11:17.593,0.71926,0.71937,1.00,1.00
2016.11.11 11:11:18.141,0.71926,0.71938,1.00,2.32
2016.11.11 11:11:23.648,0.71926,0.71937,1.50,1.10
2016.11.11 11:11:24.949,0.71926,0.71938,1.50,1.57
2016.11.11 11:11:25.253,0.71926,0.71938,1.50,1.50
2016.11.11 11:11:25.355,0.71926,0.71938,1.50,1.57
2016.11.11 11:11:26.041,0.71928,0.71938,1.00,1.57
2016.11.11 11:11:26.092,0.71928,0.71938,1.00,1.57
2016.11.11 11:11:26.396,0.71926,0.71938,1.50,1.00
2016.11.11 11:11:29.155,0.71926,0.71936,1.50,1.00
2016.11.11 11:11:29.549,0.71929,0.71936,1.00,1.00
2016.11.11 11:11:29.752,0.71929,0.71938,1.00,1.00
2016.11.11 11:11:30.257,0.71929,0.71939,1.00,1.57
2016.11.11 11:11:31.593,0.71928,0.71939,1.50,1.57
2016.11.11 11:11:32.102,0.71929,0.71939,1.00,1.00
2016.11.11 11:11:32.815,0.71934,0.71939,1.00,1.00
2016.11.11 11:11:32.866,0.71936,0.71943,1.00,1.87
2016.11.11 11:11:32.968,0.71935,0.71945,1.00,1.00
2016.11.11 11:11:33.069,0.71935,0.71943,1.00,1.00
2016.11.11 11:11:35.746,0.71934,0.71943,1.00,1.00
2016.11.11 11:11:36.270,0.71934,0.71944,1.00,2.25
2016.11.11 11:11:37.856,0.71932,0.71944,1.87,1.50
2016.11.11 11:11:38.060,0.71932,0.7194,1.87,1.00
2016.11.11 11:11:38.349,0.71928,0.71937,1.50,1.00
2016.11.11 11:11:39.237,0.71927,0.71937,1.87,1.00
2016.11.11 11:11:40.211,0.71929,0.71937,1.00,1.00
2016.11.11 11:11:40.313,0.71927,0.71937,1.12,1.00
2016.11.11 11:11:40.414,0.71929,0.71936,1.00,1.00
2016.11.11 11:11:40.465,0.71929,0.71938,1.00,1.00
2016.11.11 11:11:40.567,0.71927,0.71938,1.00,1.50
2016.11.11 11:11:41.401,0.71927,0.71937,1.00,1.00
2016.11.11 11:11:42.340,0.71928,0.71937,1.00,1.00
2016.11.11 11:11:42.991,0.71927,0.71937,1.00,1.00
2016.11.11 11:11:43.094,0.71925,0.71934,1.87,1.00
2016.11.11 11:11:43.283,0.71925,0.71936,1.00,1.00
2016.11.11 11:11:45.937,0.71924,0.71936,1.87,1.00
2016.11.11 11:11:46.999,0.71925,0.71936,1.00,1.00
2016.11.11 11:11:49.390,0.71924,0.71935,1.50,1.00
2016.11.11 11:11:49.441,0.71926,0.71935,1.00,1.00
2016.11.11 11:11:49.992,0.71925,0.71935,1.00,1.00
2016.11.11 11:11:52.543,0.71924,0.71935,1.50,1.00
2016.11.11 11:11:52.796,0.71919,0.71931,2.25,1.00
2016.11.11 11:11:52.898,0.71918,0.71929,2.25,1.00
2016.11.11 11:11:53.430,0.71919,0.71929,1.00,1.00
2016.11.11 11:11:57.659,0.71921,0.71931,1.00,1.00
2016.11.11 11:11:57.964,0.71924,0.71934,1.00,1.00
2016.11.11 11:11:59.487,0.71925,0.71936,1.00,1.50
2016.11.11 11:11:59.992,0.71926,0.71936,1.00,1.00
2016.11.11 11:12:00.497,0.71924,0.71933,1.37,1.00
2016.11.11 11:12:00.649,0.71923,0.71933,1.00,1.00
2016.11.11 11:12:01.217,0.71923,0.71931,1.00,1.00
2016.11.11 11:12:01.421,0.71923,0.71933,1.00,2.25
2016.11.11 11:12:01.930,0.71922,0.71934,1.00,1.50
2016.11.11 11:12:02.082,0.71922,0.7193,1.00,1.00
2016.11.11 11:12:02.583,0.71922,0.71931,1.00,1.00
2016.11.11 11:12:03.090,0.71922,0.71929,1.50,1.00
2016.11.11 11:12:04.607,0.71921,0.7193,2.25,1.00
2016.11.11 11:12:04.911,0.71921,0.71928,2.25,1.00
2016.11.11 11:12:05.503,0.71921,0.71929,1.00,1.00
2016.11.11 11:12:05.806,0.71918,0.71925,1.50,1.00
2016.11.11 11:12:06.313,0.71919,0.71926,1.50,1.00
2016.11.11 11:12:09.007,0.71919,0.71927,1.50,1.00
2016.11.11 11:12:09.546,0.71919,0.71926,1.50,1.00
2016.11.11 11:12:09.900,0.71917,0.71926,3.37,1.00
2016.11.11 11:12:10.418,0.71916,0.71923,1.00,1.00
2016.11.11 11:12:10.925,0.71916,0.71922,1.00,1.00
2016.11.11 11:12:11.720,0.71916,0.71923,1.50,1.00
2016.11.11 11:12:11.822,0.71918,0.71927,1.00,1.00
2016.11.11 11:12:12.178,0.71916,0.71928,1.12,1.00
2016.11.11 11:12:12.229,0.71917,0.71926,1.00,1.00
2016.11.11 11:12:12.534,0.71916,0.71923,1.50,1.00
2016.11.11 11:12:13.736,0.71916,0.71924,1.50,1.00
2016.11.11 11:12:14.242,0.71917,0.71925,1.00,1.00
2016.11.11 11:12:14.804,0.71917,0.71924,1.00,1.00
2016.11.11 11:12:19.137,0.71917,0.71923,1.00,1.00
2016.11.11 11:12:20.491,0.71918,0.71923,1.00,1.00
2016.11.11 11:12:21.242,0.71918,0.71924,1.00,1.00
2016.11.11 11:12:21.588,0.71918,0.71922,1.00,1.00
2016.11.11 11:12:21.740,0.71918,0.71924,1.00,1.00
2016.11.11 11:12:23.375,0.71918,0.71926,1.00,1.00
2016.11.11 11:12:27.100,0.71916,0.71926,2.25,1.00
2016.11.11 11:12:27.635,0.71917,0.71926,1.00,1.00
2016.11.11 11:12:28.388,0.71916,0.71926,2.25,1.00
2016.11.11 11:12:28.894,0.71916,0.71925,1.50,1.00
2016.11.11 11:12:29.439,0.71916,0.71923,1.50,1.00
2016.11.11 11:12:29.942,0.71917,0.71924,1.00,1.00
2016.11.11 11:12:30.145,0.71917,0.71926,1.00,1.00
2016.11.11 11:12:30.449,0.71917,0.71923,1.00,1.00
2016.11.11 11:12:30.955,0.71917,0.71924,1.00,1.00
2016.11.11 11:12:31.033,0.71915,0.71924,1.00,1.00
2016.11.11 11:12:31.241,0.71914,0.71921,1.50,1.00
2016.11.11 11:12:31.899,0.71912,0.71921,2.25,1.00
2016.11.11 11:12:31.949,0.71911,0.7192,1.12,1.00
2016.11.11 11:12:32.051,0.71911,0.71918,1.00,1.00
2016.11.11 11:12:32.203,0.71909,0.71918,1.00,1.00
2016.11.11 11:12:32.709,0.7191,0.71919,1.00,1.00
2016.11.11 11:12:33.210,0.7191,0.7192,1.00,1.00
2016.11.11 11:12:34.491,0.7191,0.71919,1.00,1.00
2016.11.11 11:12:34.748,0.7191,0.71921,1.00,1.00
2016.11.11 11:12:38.027,0.71912,0.71921,1.00,1.00
2016.11.11 11:12:38.079,0.71914,0.71924,1.00,1.50
2016.11.11 11:12:38.232,0.71916,0.71925,1.00,1.00
2016.11.11 11:12:38.284,0.71916,0.71927,1.00,1.00
2016.11.11 11:12:38.627,0.71917,0.71929,1.50,1.50
2016.11.11 11:12:38.779,0.71919,0.7193,1.00,1.50
2016.11.11 11:12:39.235,0.71917,0.71929,1.50,1.00
2016.11.11 11:12:40.184,0.71917,0.71927,1.00,1.00
2016.11.11 11:12:40.487,0.71915,0.71925,1.00,1.00
2016.11.11 11:12:41.390,0.71915,0.71926,1.00,1.00
2016.11.11 11:12:43.389,0.71917,0.71926,1.00,1.00
2016.11.11 11:12:44.291,0.71915,0.71926,1.00,1.00
2016.11.11 11:12:44.443,0.71915,0.71924,1.00,1.00
2016.11.11 11:12:44.948,0.71913,0.71923,1.50,1.00
2016.11.11 11:12:45.493,0.71912,0.71923,1.00,1.00
2016.11.11 11:12:46.001,0.71911,0.71922,3.37,1.00
2016.11.11 11:12:46.104,0.71912,0.71924,1.12,1.50
2016.11.11 11:12:49.082,0.71912,0.71923,1.00,1.00
2016.11.11 11:12:49.587,0.71912,0.71922,1.00,1.00
2016.11.11 11:12:50.254,0.71911,0.71921,1.00,1.00
2016.11.11 11:12:50.306,0.71911,0.71918,1.00,1.00
2016.11.11 11:12:50.408,0.71908,0.71918,1.50,1.00
2016.11.11 11:12:50.611,0.7191,0.7192,1.00,1.50
2016.11.11 11:12:50.814,0.71911,0.71923,1.00,1.00
2016.11.11 11:12:50.916,0.71911,0.71921,1.87,1.00
2016.11.11 11:12:51.019,0.71911,0.71923,1.87,1.00
2016.11.11 11:12:51.545,0.71912,0.71922,1.00,1.00
2016.11.11 11:12:52.050,0.71912,0.71923,1.00,1.00
2016.11.11 11:12:52.202,0.7191,0.71921,2.25,1.00
2016.11.11 11:12:52.405,0.71909,0.7192,1.00,1.00
2016.11.11 11:12:53.882,0.71909,0.71919,1.00,1.00
2016.11.11 11:12:54.392,0.71909,0.7192,1.00,1.00
2016.11.11 11:12:58.889,0.71909,0.71919,1.00,1.00
2016.11.11 11:12:59.539,0.71909,0.7192,1.00,1.00
2016.11.11 11:12:59.691,0.71909,0.71918,1.00,1.00
2016.11.11 11:12:59.996,0.71908,0.7192,2.62,1.00
2016.11.11 11:13:00.898,0.71908,0.71918,1.87,1.00
2016.11.11 11:13:01.407,0.71908,0.71917,1.00,1.00
2016.11.11 11:13:02.346,0.71908,0.71919,1.00,1.50
2016.11.11 11:13:03.241,0.71908,0.71917,1.00,1.00
2016.11.11 11:13:05.920,0.7191,0.71917,1.00,1.00
2016.11.11 11:13:07.635,0.71909,0.71917,1.00,1.00
2016.11.11 11:13:08.519,0.71909,0.71918,1.00,1.00
2016.11.11 11:13:09.531,0.71909,0.7192,1.00,2.25
2016.11.11 11:13:10.044,0.71908,0.7192,1.50,1.50
2016.11.11 11:13:10.552,0.71909,0.7192,1.00,1.00
2016.11.11 11:13:11.064,0.71908,0.71921,2.25,1.50
2016.11.11 11:13:11.165,0.71911,0.71921,1.50,1.00
2016.11.11 11:13:11.267,0.71913,0.71924,1.50,1.12
2016.11.11 11:13:11.773,0.71913,0.71925,1.87,1.00
2016.11.11 11:13:12.360,0.71913,0.71923,1.87,1.00
2016.11.11 11:13:12.948,0.71915,0.71923,1.00,1.00
2016.11.11 11:13:13.049,0.71915,0.71925,1.00,1.50
2016.11.11 11:13:14.493,0.71915,0.71927,1.87,1.50
2016.11.11 11:13:14.998,0.71916,0.71926,1.00,1.00
2016.11.11 11:13:16.969,0.71916,0.71927,1.00,1.50
2016.11.11 11:13:18.031,0.71916,0.71926,1.00,1.00
2016.11.11 11:13:19.764,0.71916,0.71927,1.00,1.50
2016.11.11 11:13:21.113,0.71918,0.71927,1.00,1.00
2016.11.11 11:13:21.467,0.71918,0.7193,1.12,2.25
2016.11.11 11:13:21.975,0.71918,0.71929,1.00,1.00
2016.11.11 11:13:22.850,0.71917,0.71929,1.87,1.00
2016.11.11 11:13:23.054,0.71917,0.71927,1.00,1.00
2016.11.11 11:13:23.156,0.71916,0.71929,1.87,1.00
2016.11.11 11:13:23.661,0.71916,0.71928,1.00,1.00
2016.11.11 11:13:24.168,0.71917,0.71929,1.00,1.50
2016.11.11 11:13:25.029,0.71916,0.71928,1.50,1.00
2016.11.11 11:13:25.153,0.71916,0.71924,1.50,1.00
2016.11.11 11:13:25.463,0.71916,0.71926,1.50,1.00
2016.11.11 11:13:25.969,0.71916,0.71927,1.50,1.00
2016.11.11 11:13:26.754,0.71916,0.71928,1.50,2.25
2016.11.11 11:13:27.260,0.71916,0.71924,1.50,1.00
2016.11.11 11:13:27.766,0.71916,0.71925,1.00,1.00
2016.11.11 11:13:28.166,0.71916,0.71928,1.00,2.25
2016.11.11 11:13:28.687,0.71916,0.71927,1.00,1.00
2016.11.11 11:13:29.197,0.71916,0.71928,1.00,2.25
2016.11.11 11:13:29.601,0.71916,0.71926,1.00,1.00
2016.11.11 11:13:29.938,0.71916,0.71923,1.00,1.00
2016.11.11 11:13:30.576,0.71916,0.71922,1.00,1.00
2016.11.11 11:13:30.780,0.71916,0.71925,1.00,1.00
2016.11.11 11:13:31.889,0.71916,0.71927,1.00,1.00
2016.11.11 11:13:32.092,0.71916,0.71924,1.00,1.00
2016.11.11 11:13:32.996,0.71916,0.71928,1.00,2.25
2016.11.11 11:13:34.309,0.71916,0.71923,1.00,1.00
2016.11.11 11:13:34.411,0.71914,0.71922,1.00,1.00
2016.11.11 11:13:34.564,0.71913,0.71924,2.62,1.00
2016.11.11 11:13:34.918,0.71916,0.71924,1.00,1.00
2016.11.11 11:13:35.305,0.71916,0.71927,1.00,1.50
2016.11.11 11:13:35.407,0.71916,0.71925,1.00,1.00
2016.11.11 11:13:37.684,0.71916,0.71928,1.00,1.50
2016.11.11 11:13:38.190,0.71917,0.71929,1.00,1.50
2016.11.11 11:13:38.571,0.71916,0.71927,1.50,1.00
2016.11.11 11:13:38.931,0.71916,0.71929,1.50,2.62
2016.11.11 11:13:39.893,0.71917,0.71929,1.00,2.62
2016.11.11 11:13:40.727,0.71918,0.71929,1.00,1.00
2016.11.11 11:13:42.043,0.71918,0.7193,1.00,1.00
2016.11.11 11:13:45.241,0.71917,0.71929,1.00,1.00
2016.11.11 11:13:45.494,0.71918,0.71931,1.00,3.00
2016.11.11 11:13:46.032,0.71919,0.7193,1.00,1.00
2016.11.11 11:13:46.443,0.71916,0.71929,3.37,1.00
2016.11.11 11:13:46.999,0.71918,0.7193,1.00,1.00
2016.11.11 11:13:47.541,0.71919,0.71931,1.00,2.25
2016.11.11 11:13:48.007,0.71922,0.71931,1.00,2.25
2016.11.11 11:13:48.210,0.71922,0.71933,1.50,1.00
2016.11.11 11:13:48.312,0.71922,0.71931,1.50,1.00
2016.11.11 11:13:48.768,0.7192,0.71931,2.25,1.00
2016.11.11 11:13:49.273,0.71921,0.71931,1.00,1.00
2016.11.11 11:13:49.785,0.7192,0.71931,2.25,1.50
2016.11.11 11:13:50.344,0.7192,0.7193,1.00,1.00
2016.11.11 11:13:50.446,0.71918,0.71928,1.75,1.00
2016.11.11 11:13:50.497,0.71916,0.71928,1.87,1.00
2016.11.11 11:13:51.625,0.71916,0.71927,1.00,1.00
2016.11.11 11:13:52.496,0.71916,0.71925,1.00,1.00
2016.11.11 11:13:53.002,0.71914,0.71923,1.50,1.00
2016.11.11 11:13:53.548,0.71912,0.71921,1.75,1.00
2016.11.11 11:13:53.599,0.71912,0.71921,1.00,1.00
2016.11.11 11:13:54.145,0.71911,0.71922,1.50,1.00
2016.11.11 11:13:55.744,0.71911,0.7192,1.50,1.00
2016.11.11 11:13:56.249,0.7191,0.7192,1.87,1.00
2016.11.11 11:13:56.850,0.7191,0.71919,1.87,1.00
2016.11.11 11:13:57.508,0.7191,0.71918,1.87,1.00
2016.11.11 11:13:58.034,0.71912,0.71919,1.00,1.00
2016.11.11 11:13:58.268,0.71909,0.7192,2.25,1.00
2016.11.11 11:13:58.319,0.7191,0.71918,1.12,1.00
2016.11.11 11:13:58.421,0.71909,0.7192,1.00,1.00
2016.11.11 11:13:58.523,0.71907,0.71918,1.50,1.00
2016.11.11 11:13:59.035,0.71907,0.71918,1.00,1.00
2016.11.11 11:13:59.628,0.71907,0.71917,1.00,1.00
2016.11.11 11:14:00.298,0.71905,0.71917,1.87,1.00
2016.11.11 11:14:00.501,0.71907,0.71916,1.00,1.00
2016.11.11 11:14:00.552,0.71908,0.71918,1.00,1.00
2016.11.11 11:14:00.653,0.71908,0.7192,1.50,1.00
2016.11.11 11:14:00.705,0.71914,0.7192,1.00,1.00
2016.11.11 11:14:00.755,0.71915,0.71922,1.00,1.00
2016.11.11 11:14:01.261,0.71916,0.71924,1.00,1.00
2016.11.11 11:14:01.951,0.71916,0.71926,1.50,1.00
2016.11.11 11:14:02.053,0.71916,0.71924,1.50,1.00
2016.11.11 11:14:02.558,0.71916,0.71925,1.50,1.00
2016.11.11 11:14:03.070,0.71916,0.71926,1.50,1.00
2016.11.11 11:14:03.639,0.71916,0.71924,1.00,1.00
2016.11.11 11:14:03.740,0.71914,0.71924,2.62,1.00
2016.11.11 11:14:04.549,0.71914,0.71923,2.25,1.00
2016.11.11 11:14:05.264,0.71914,0.71924,1.00,1.00
2016.11.11 11:14:07.636,0.7192,0.71925,1.00,1.50
2016.11.11 11:14:07.687,0.71917,0.71924,1.00,1.00
2016.11.11 11:14:07.739,0.71918,0.71927,1.00,1.00
2016.11.11 11:14:07.841,0.71916,0.71924,3.00,1.00
2016.11.11 11:14:08.347,0.71915,0.71923,1.00,1.00
2016.11.11 11:14:08.852,0.71915,0.71924,1.00,1.00
2016.11.11 11:14:09.843,0.71915,0.71922,1.00,1.00
2016.11.11 11:14:10.739,0.71915,0.71924,1.00,1.50
2016.11.11 11:14:11.569,0.71915,0.71923,1.00,1.00
2016.11.11 11:14:16.581,0.71915,0.71922,1.00,1.00
2016.11.11 11:14:16.682,0.71915,0.71924,1.00,1.50
2016.11.11 11:14:17.183,0.71914,0.71923,1.50,1.00
2016.11.11 11:14:17.727,0.71915,0.71923,1.00,1.00
2016.11.11 11:14:17.980,0.71915,0.71925,1.50,1.00
2016.11.11 11:14:21.539,0.71914,0.71925,1.12,1.00
2016.11.11 11:14:21.590,0.71914,0.71923,1.12,1.00
2016.11.11 11:14:21.894,0.71916,0.71923,1.50,1.00
2016.11.11 11:14:23.078,0.71916,0.71922,1.00,1.00
2016.11.11 11:14:23.592,0.71915,0.71922,1.87,1.00
2016.11.11 11:14:25.076,0.71915,0.71921,1.50,1.00
2016.11.11 11:14:26.090,0.71915,0.71922,1.50,1.00
2016.11.11 11:14:28.591,0.71915,0.71924,1.00,1.00
2016.11.11 11:14:29.135,0.71915,0.71923,1.00,1.00
2016.11.11 11:14:31.496,0.71915,0.71924,1.00,1.00
2016.11.11 11:14:32.036,0.71916,0.71923,1.00,1.00
2016.11.11 11:14:32.541,0.71917,0.71923,1.00,1.00
2016.11.11 11:14:33.489,0.71917,0.71924,1.00,1.00
2016.11.11 11:14:34.796,0.71917,0.71923,1.00,1.00
2016.11.11 11:14:35.318,0.71916,0.71923,1.50,1.00
2016.11.11 11:14:35.840,0.71917,0.71923,1.00,1.00
2016.11.11 11:14:35.891,0.71919,0.71925,1.00,1.00
2016.11.11 11:14:35.993,0.71921,0.71929,1.50,1.00
2016.11.11 11:14:36.044,0.71923,0.71929,1.00,1.00
2016.11.11 11:14:36.552,0.71923,0.71928,1.00,1.00
2016.11.11 11:14:36.603,0.71923,0.7193,1.00,1.00
2016.11.11 11:14:36.907,0.71921,0.71928,1.12,1.00
2016.11.11 11:14:37.414,0.71921,0.71929,1.12,1.00
2016.11.11 11:14:39.072,0.71923,0.71929,1.00,1.00
2016.11.11 11:14:39.326,0.71926,0.71933,1.00,1.00
2016.11.11 11:14:39.831,0.71925,0.71932,1.00,1.00
2016.11.11 11:14:40.339,0.71924,0.71931,1.00,1.00
2016.11.11 11:14:40.694,0.71924,0.71933,1.00,1.00
2016.11.11 11:14:41.243,0.71924,0.71932,1.00,1.00
2016.11.11 11:14:41.511,0.71924,0.7193,1.00,1.00
2016.11.11 11:14:44.022,0.71924,0.71931,1.00,1.00
2016.11.11 11:14:46.839,0.71924,0.7193,1.50,1.00
2016.11.11 11:14:48.574,0.71924,0.71931,1.50,1.00
2016.11.11 11:14:49.082,0.71924,0.71932,1.50,1.00
2016.11.11 11:14:50.119,0.71924,0.71933,1.00,1.00
2016.11.11 11:14:51.295,0.71923,0.71933,1.50,1.00
2016.11.11 11:14:53.137,0.71923,0.71931,1.50,1.00
2016.11.11 11:14:55.969,0.71924,0.71931,1.00,1.00
2016.11.11 11:14:56.106,0.71925,0.71933,1.00,1.00
2016.11.11 11:14:56.258,0.71926,0.71935,1.00,1.00
2016.11.11 11:14:56.511,0.71924,0.71934,2.25,1.00
2016.11.11 11:14:56.562,0.71924,0.71931,1.87,1.00
2016.11.11 11:14:56.715,0.71919,0.71929,2.62,1.00
2016.11.11 11:14:57.220,0.71918,0.71928,1.50,1.00
2016.11.11 11:14:58.382,0.71918,0.71929,1.87,1.00
2016.11.11 11:14:58.888,0.71918,0.71928,1.87,1.00
2016.11.11 11:15:00.210,0.7192,0.71928,1.00,1.00
2016.11.11 11:15:00.945,0.71919,0.71927,1.00,1.00
2016.11.11 11:15:01.496,0.71918,0.71928,1.00,1.00
2016.11.11 11:15:02.009,0.71917,0.71929,1.87,1.00
2016.11.11 11:15:04.292,0.71917,0.71927,1.50,1.00
2016.11.11 11:15:04.595,0.71914,0.71925,2.25,1.00
2016.11.11 11:15:04.940,0.71915,0.71922,1.00,1.00
2016.11.11 11:15:05.092,0.71915,0.71924,1.00,1.00
2016.11.11 11:15:05.345,0.71914,0.71921,2.25,1.00
2016.11.11 11:15:06.054,0.71913,0.7192,1.50,1.00
2016.11.11 11:15:06.155,0.71913,0.71922,1.50,1.00
2016.11.11 11:15:06.257,0.71913,0.7192,1.50,1.00
2016.11.11 11:15:06.764,0.71913,0.71919,1.00,1.00
2016.11.11 11:15:07.269,0.71912,0.71919,1.50,1.00
2016.11.11 11:15:07.574,0.71912,0.71921,1.50,1.00
2016.11.11 11:15:07.940,0.71914,0.71921,1.00,1.00
2016.11.11 11:15:08.294,0.71914,0.71924,1.00,1.00
2016.11.11 11:15:08.801,0.71914,0.71922,1.50,1.00
2016.11.11 11:15:09.355,0.71914,0.71923,1.00,1.00
2016.11.11 11:15:10.638,0.71913,0.71923,1.50,1.00
2016.11.11 11:15:11.076,0.71915,0.71923,1.00,1.00
2016.11.11 11:15:11.280,0.71915,0.71925,1.00,1.00
2016.11.11 11:15:11.787,0.71915,0.71923,1.00,1.00
2016.11.11 11:15:12.255,0.71914,0.71925,1.50,1.00
2016.11.11 11:15:12.306,0.71914,0.71923,1.00,1.00
2016.11.11 11:15:13.267,0.71914,0.71922,1.00,1.00
2016.11.11 11:15:13.773,0.71915,0.71923,1.00,1.00
2016.11.11 11:15:14.008,0.71913,0.71922,1.50,1.00
2016.11.11 11:15:14.211,0.71911,0.71921,1.87,1.00
2016.11.11 11:15:14.312,0.71909,0.7192,1.12,1.50
2016.11.11 11:15:14.363,0.71908,0.71918,2.62,1.00
2016.11.11 11:15:15.072,0.71908,0.7192,1.50,2.25
2016.11.11 11:15:15.878,0.71907,0.71918,1.75,1.00
2016.11.11 11:15:16.383,0.71907,0.71919,2.25,1.50
2016.11.11 11:15:16.943,0.71907,0.7192,2.25,2.25
2016.11.11 11:15:18.245,0.71907,0.71918,2.25,1.00
2016.11.11 11:15:18.783,0.71907,0.71917,1.75,1.00
2016.11.11 11:15:21.094,0.71906,0.71918,1.75,1.50
2016.11.11 11:15:21.694,0.71906,0.71919,2.25,1.50
2016.11.11 11:15:22.199,0.71907,0.71918,2.25,1.00
2016.11.11 11:15:22.705,0.71906,0.71917,2.25,1.00
2016.11.11 11:15:23.133,0.71907,0.71917,1.00,1.00
2016.11.11 11:15:23.640,0.71908,0.71918,1.12,1.00
2016.11.11 11:15:24.146,0.71908,0.71917,1.12,1.00
2016.11.11 11:15:24.399,0.71908,0.71914,1.12,1.00
2016.11.11 11:15:24.626,0.71906,0.71916,2.25,1.00
2016.11.11 11:15:27.597,0.71907,0.71918,1.50,1.50
2016.11.11 11:15:27.901,0.71907,0.71916,1.50,1.00
2016.11.11 11:15:28.574,0.71906,0.71913,1.12,1.00
2016.11.11 11:15:28.827,0.71905,0.71917,3.37,1.50
2016.11.11 11:15:30.893,0.71905,0.71916,2.25,1.00
2016.11.11 11:15:30.994,0.71906,0.71918,1.75,1.12
2016.11.11 11:15:31.540,0.71906,0.71917,2.25,1.50
2016.11.11 11:15:31.894,0.71906,0.71913,1.75,1.00
2016.11.11 11:15:31.945,0.71906,0.71913,1.12,1.00
2016.11.11 11:15:32.134,0.71906,0.71913,1.75,1.00
2016.11.11 11:15:32.237,0.71905,0.71917,2.25,1.50
2016.11.11 11:15:32.338,0.71905,0.71915,1.75,1.00
2016.11.11 11:15:32.642,0.71906,0.71916,1.12,1.00
2016.11.11 11:15:32.743,0.71906,0.71913,1.12,1.00
2016.11.11 11:15:33.047,0.71907,0.71914,1.50,1.00
2016.11.11 11:15:33.098,0.71907,0.71917,1.50,1.00
2016.11.11 11:15:37.151,0.71905,0.71918,3.00,1.50
2016.11.11 11:15:38.895,0.71907,0.71917,1.50,1.00
2016.11.11 11:15:39.249,0.71906,0.71919,2.25,1.50
2016.11.11 11:15:39.781,0.71907,0.71918,2.25,1.50
2016.11.11 11:15:40.337,0.71907,0.71916,1.50,1.00
2016.11.11 11:15:40.742,0.71907,0.71918,2.25,1.50
2016.11.11 11:15:41.163,0.71907,0.7192,2.25,2.25
2016.11.11 11:15:41.669,0.71907,0.71919,2.25,1.00
2016.11.11 11:15:42.024,0.71905,0.71917,3.00,1.00
2016.11.11 11:15:42.959,0.71905,0.71918,3.00,1.50
2016.11.11 11:15:44.240,0.71905,0.71916,3.00,1.00
2016.11.11 11:15:44.869,0.71905,0.71916,2.25,1.50
2016.11.11 11:15:44.919,0.71905,0.71913,1.50,1.00
2016.11.11 11:15:46.719,0.71904,0.71911,1.87,1.00
2016.11.11 11:15:51.653,0.71904,0.71914,1.87,1.00
2016.11.11 11:15:52.159,0.71906,0.71913,1.50,1.00
2016.11.11 11:15:53.164,0.71904,0.71914,2.25,1.00
2016.11.11 11:15:55.745,0.71905,0.71913,1.37,1.00
2016.11.11 11:15:58.444,0.71904,0.71914,2.62,1.00
2016.11.11 11:16:01.140,0.71906,0.71915,1.50,1.00
2016.11.11 11:16:01.854,0.71907,0.71916,1.00,1.00
2016.11.11 11:16:02.362,0.71906,0.71915,1.87,1.00
2016.11.11 11:16:02.968,0.71906,0.71916,1.87,1.00
2016.11.11 11:16:03.467,0.71906,0.71914,1.12,1.00
2016.11.11 11:16:05.292,0.71907,0.71916,1.00,1.00
2016.11.11 11:16:06.097,0.71907,0.71915,1.50,1.00
2016.11.11 11:16:06.608,0.71906,0.71916,1.87,1.00
2016.11.11 11:16:06.911,0.71908,0.71916,1.00,1.00
2016.11.11 11:16:07.378,0.7191,0.71919,1.00,1.00
2016.11.11 11:16:07.431,0.71912,0.71919,1.50,1.00
2016.11.11 11:16:07.583,0.71912,0.71921,1.00,1.00
2016.11.11 11:16:07.938,0.71914,0.71921,1.00,1.00
2016.11.11 11:16:07.989,0.71914,0.71924,1.00,1.00
2016.11.11 11:16:08.192,0.71914,0.71927,1.75,1.87
2016.11.11 11:16:08.294,0.71914,0.71927,1.12,1.87
2016.11.11 11:16:08.610,0.71913,0.71924,1.50,1.00
2016.11.11 11:16:08.865,0.71911,0.71922,1.12,1.00
2016.11.11 11:16:09.199,0.71914,0.71923,1.00,1.00
2016.11.11 11:16:09.502,0.71914,0.71926,1.00,1.00
2016.11.11 11:16:09.654,0.71915,0.71928,1.12,1.00
2016.11.11 11:16:10.156,0.71916,0.71928,1.00,1.50
2016.11.11 11:16:10.663,0.71915,0.71927,1.12,1.00
2016.11.11 11:16:11.168,0.71916,0.71925,1.00,1.00
2016.11.11 11:16:11.502,0.71916,0.71928,1.12,1.50
2016.11.11 11:16:12.104,0.71916,0.71923,1.50,1.00
2016.11.11 11:16:12.408,0.71916,0.71928,1.00,1.50
2016.11.11 11:16:12.689,0.71916,0.71926,1.00,1.00
2016.11.11 11:16:13.062,0.71916,0.71924,1.50,1.00
2016.11.11 11:16:13.164,0.71916,0.71926,1.12,1.00
2016.11.11 11:16:13.793,0.71916,0.71923,1.00,1.00
2016.11.11 11:16:14.089,0.71916,0.71926,1.00,1.00
2016.11.11 11:16:14.565,0.71916,0.71924,1.00,1.00
2016.11.11 11:16:14.869,0.71916,0.71926,1.00,1.00
2016.11.11 11:16:15.412,0.71916,0.71924,1.00,1.00
2016.11.11 11:16:15.687,0.71915,0.71926,1.87,1.00
2016.11.11 11:16:16.294,0.71915,0.71924,1.50,1.00
2016.11.11 11:16:16.597,0.71915,0.71926,1.87,1.00
2016.11.11 11:16:17.136,0.71915,0.71927,1.87,1.50
2016.11.11 11:16:17.187,0.71915,0.71924,1.50,1.00
2016.11.11 11:16:17.592,0.71915,0.71927,1.87,1.00
2016.11.11 11:16:18.092,0.71915,0.71924,1.50,1.00
2016.11.11 11:16:18.396,0.71915,0.71926,1.50,1.00
2016.11.11 11:16:18.497,0.71913,0.71923,1.50,1.00
2016.11.11 11:16:18.983,0.71913,0.71921,1.12,1.00
2016.11.11 11:16:19.286,0.71913,0.71923,1.87,1.00
2016.11.11 11:16:19.791,0.71913,0.71922,1.50,1.00
2016.11.11 11:16:21.186,0.71913,0.71924,1.50,1.50
2016.11.11 11:16:21.540,0.71913,0.71921,1.12,1.00
2016.11.11 11:16:21.591,0.71911,0.71921,1.50,1.00
2016.11.11 11:16:22.248,0.71911,0.7192,1.00,1.00
2016.11.11 11:16:22.350,0.71909,0.71919,1.12,1.00
2016.11.11 11:16:22.486,0.71907,0.71917,1.50,1.00
2016.11.11 11:16:23.094,0.71907,0.71918,1.50,1.00
2016.11.11 11:16:23.601,0.71907,0.7192,1.50,2.25
2016.11.11 11:16:24.107,0.71907,0.71919,1.50,1.00
2016.11.11 11:16:25.211,0.71906,0.71919,2.25,1.50
2016.11.11 11:16:25.819,0.71906,0.71918,1.50,1.50
2016.11.11 11:16:26.354,0.71906,0.71917,1.50,1.00
2016.11.11 11:16:26.903,0.71907,0.71918,1.00,1.00
2016.11.11 11:16:27.408,0.71907,0.71919,1.00,1.50
2016.11.11 11:16:27.921,0.71906,0.71918,1.50,1.00
2016.11.11 11:16:32.156,0.71907,0.71916,1.00,1.00
2016.11.11 11:16:32.511,0.71906,0.71918,2.25,1.50
2016.11.11 11:16:33.018,0.71906,0.71917,2.25,1.00
2016.11.11 11:16:33.523,0.71907,0.71918,1.00,1.50
2016.11.11 11:16:36.541,0.71907,0.71917,1.00,1.00
2016.11.11 11:16:36.846,0.71906,0.71914,1.00,1.00
2016.11.11 11:16:37.099,0.71904,0.71914,2.62,1.00
2016.11.11 11:16:37.605,0.71905,0.71914,1.00,1.00
2016.11.11 11:16:38.341,0.71905,0.71913,1.00,1.00
2016.11.11 11:16:38.847,0.71905,0.71914,1.50,1.00
2016.11.11 11:16:39.889,0.71905,0.71915,1.50,1.00
2016.11.11 11:16:44.048,0.71905,0.71912,1.00,1.00
2016.11.11 11:16:44.553,0.71904,0.71912,1.50,1.00
2016.11.11 11:16:45.082,0.71904,0.71914,1.50,1.00
2016.11.11 11:16:45.689,0.71904,0.71913,3.00,1.00
2016.11.11 11:16:46.197,0.71904,0.71914,3.00,1.00
2016.11.11 11:16:46.718,0.71904,0.71915,3.00,1.00
2016.11.11 11:16:47.224,0.71904,0.71917,3.00,1.50
2016.11.11 11:16:47.765,0.71904,0.71916,3.00,1.00
2016.11.11 11:16:49.191,0.71905,0.71916,1.00,1.00
2016.11.11 11:16:51.615,0.71906,0.71916,1.00,1.00
2016.11.11 11:16:53.093,0.71906,0.71917,1.00,1.50
2016.11.11 11:16:53.598,0.71907,0.71918,1.00,1.00
2016.11.11 11:16:54.480,0.71907,0.71916,1.00,1.00
2016.11.11 11:16:55.965,0.71905,0.71916,1.87,1.00
2016.11.11 11:16:56.469,0.71906,0.71916,1.00,1.00
2016.11.11 11:16:57.391,0.71906,0.71914,1.00,1.00
2016.11.11 11:16:58.685,0.71906,0.71913,1.50,1.00
2016.11.11 11:16:59.192,0.71905,0.71912,1.00,1.00
2016.11.11 11:16:59.395,0.71904,0.71914,2.25,1.00
2016.11.11 11:17:00.439,0.71905,0.71914,1.00,1.00
2016.11.11 11:17:00.895,0.71906,0.71916,1.00,1.00
2016.11.11 11:17:01.437,0.71906,0.71915,1.00,1.00
2016.11.11 11:17:02.098,0.71906,0.71916,1.00,1.00
2016.11.11 11:17:02.301,0.71906,0.71914,1.00,1.00
2016.11.11 11:17:04.192,0.71906,0.71915,1.00,1.00
2016.11.11 11:17:04.699,0.71905,0.71914,1.00,1.00
2016.11.11 11:17:05.332,0.71905,0.71915,1.50,1.00
2016.11.11 11:17:08.826,0.71906,0.71915,1.00,1.00
2016.11.11 11:17:09.332,0.71907,0.71915,1.00,1.00
2016.11.11 11:17:09.839,0.71906,0.71915,1.50,1.00
2016.11.11 11:17:10.440,0.71906,0.71916,1.50,1.00
2016.11.11 11:17:10.961,0.71906,0.71915,1.00,1.00
2016.11.11 11:17:11.315,0.71907,0.71917,1.00,1.00
2016.11.11 11:17:13.687,0.71906,0.71917,1.00,1.00
2016.11.11 11:17:13.738,0.71906,0.71914,1.00,1.00
2016.11.11 11:17:14.244,0.71905,0.71914,2.25,1.00
2016.11.11 11:17:14.699,0.71907,0.71914,1.00,1.00
2016.11.11 11:17:15.124,0.71907,0.71916,1.00,1.00
2016.11.11 11:17:15.832,0.71907,0.71915,1.00,1.00
2016.11.11 11:17:16.541,0.71907,0.71913,1.00,1.00
2016.11.11 11:17:16.643,0.71907,0.71915,1.00,1.00
2016.11.11 11:17:17.179,0.71907,0.71916,1.00,1.00
2016.11.11 11:17:17.835,0.71907,0.71915,1.00,1.00
2016.11.11 11:17:19.332,0.71907,0.71914,1.00,1.00
2016.11.11 11:17:20.380,0.71906,0.71914,1.50,1.00
2016.11.11 11:17:21.429,0.71905,0.71914,2.62,1.00
2016.11.11 11:17:22.560,0.71905,0.71916,2.62,1.00
2016.11.11 11:17:23.101,0.71906,0.71916,1.00,1.00
2016.11.11 11:17:24.339,0.71906,0.71914,1.00,1.00
2016.11.11 11:17:25.238,0.71906,0.71915,1.00,1.00
2016.11.11 11:17:25.500,0.71903,0.71913,2.62,1.00
2016.11.11 11:17:25.551,0.71903,0.71911,1.87,1.00
2016.11.11 11:17:26.056,0.71903,0.71912,1.00,1.00
2016.11.11 11:17:26.362,0.71905,0.71913,1.00,1.00
2016.11.11 11:17:26.463,0.71903,0.71913,1.00,1.00
2016.11.11 11:17:26.986,0.71902,0.71913,1.50,1.00
2016.11.11 11:17:28.247,0.71902,0.71911,1.00,1.00
2016.11.11 11:17:28.298,0.71899,0.71911,2.25,1.50
2016.11.11 11:17:28.350,0.71899,0.71909,1.00,1.00
2016.11.11 11:17:28.686,0.71893,0.71901,1.10,1.00
2016.11.11 11:17:29.042,0.7189,0.71898,1.95,1.00
2016.11.11 11:17:29.194,0.71888,0.71898,1.95,1.00
2016.11.11 11:17:29.702,0.71889,0.71897,1.45,1.00
2016.11.11 11:17:29.856,0.71889,0.71899,1.45,1.00
2016.11.11 11:17:31.561,0.71889,0.71899,1.45,1.00
2016.11.11 11:17:32.744,0.71889,0.71898,1.45,1.00
2016.11.11 11:17:35.161,0.71889,0.71897,1.45,1.00
2016.11.11 11:17:36.071,0.71889,0.71896,1.45,1.00
2016.11.11 11:17:37.099,0.71889,0.71897,1.45,1.00
2016.11.11 11:17:37.605,0.71891,0.71897,1.95,1.00
2016.11.11 11:17:37.656,0.71891,0.71899,1.20,1.00
2016.11.11 11:17:38.162,0.7189,0.71898,1.45,1.00
2016.11.11 11:17:38.687,0.71888,0.71898,1.95,1.00
2016.11.11 11:17:40.860,0.71889,0.71899,1.45,1.00
2016.11.11 11:17:43.345,0.71895,0.71899,1.00,1.00
2016.11.11 11:17:43.497,0.71896,0.71904,1.00,1.00
2016.11.11 11:17:43.699,0.71896,0.71908,1.52,2.25
2016.11.11 11:17:44.211,0.71896,0.71907,1.52,1.00
2016.11.11 11:17:44.691,0.71895,0.71903,1.00,1.00
2016.11.11 11:17:45.196,0.71895,0.71904,1.00,1.00
2016.11.11 11:17:45.668,0.71897,0.71904,1.00,1.00
2016.11.11 11:17:46.578,0.71897,0.71906,1.50,1.00
2016.11.11 11:17:47.228,0.71898,0.71906,1.00,1.00
2016.11.11 11:17:47.885,0.71898,0.71907,1.00,1.00
2016.11.11 11:17:48.189,0.71898,0.71909,1.00,1.00
2016.11.11 11:17:48.849,0.71896,0.71909,2.02,1.50
2016.11.11 11:17:48.981,0.71896,0.71907,2.02,1.00
2016.11.11 11:17:49.791,0.71896,0.71909,2.02,2.62
2016.11.11 11:17:50.293,0.71896,0.71908,2.02,1.00
2016.11.11 11:17:50.810,0.71896,0.71907,2.02,1.00
2016.11.11 11:17:51.316,0.71897,0.71908,1.27,1.00
2016.11.11 11:17:51.821,0.71897,0.71909,1.27,2.62
2016.11.11 11:17:53.331,0.71896,0.71909,2.02,3.37
2016.11.11 11:17:57.188,0.71896,0.71908,1.50,1.00
2016.11.11 11:17:57.901,0.71896,0.71908,2.02,1.00
2016.11.11 11:17:58.435,0.71896,0.71908,2.02,1.00
2016.11.11 11:17:58.801,0.71896,0.71908,1.50,1.00
2016.11.11 11:17:59.891,0.71898,0.71908,1.00,1.00
2016.11.11 11:18:00.829,0.71896,0.71908,1.50,1.00
2016.11.11 11:18:01.047,0.71896,0.71906,1.00,1.00
2016.11.11 11:18:01.582,0.71896,0.71907,1.00,1.00
2016.11.11 11:18:03.531,0.71896,0.71906,1.00,1.00
2016.11.11 11:18:04.094,0.71896,0.71907,1.00,1.00
2016.11.11 11:18:05.714,0.71898,0.71909,1.00,2.62
2016.11.11 11:18:09.749,0.71898,0.71907,1.00,1.00
2016.11.11 11:18:11.333,0.71898,0.71905,1.00,1.00
2016.11.11 11:18:11.847,0.71898,0.71904,1.00,1.00
2016.11.11 11:18:12.352,0.71898,0.71905,1.00,1.00
2016.11.11 11:18:12.857,0.71898,0.71906,1.00,1.00
2016.11.11 11:18:13.337,0.71898,0.71903,1.00,1.00
2016.11.11 11:18:13.438,0.71898,0.71905,1.00,1.00
2016.11.11 11:18:13.641,0.71898,0.71903,1.00,1.00
2016.11.11 11:18:13.742,0.71896,0.71903,1.00,1.00
2016.11.11 11:18:14.248,0.71896,0.71904,1.00,1.00
2016.11.11 11:18:15.538,0.71896,0.71902,1.00,1.00
2016.11.11 11:18:16.644,0.71896,0.71904,1.00,1.00
2016.11.11 11:18:26.890,0.71896,0.71905,1.00,1.00
2016.11.11 11:18:27.447,0.71895,0.71905,1.72,1.00
2016.11.11 11:18:27.650,0.71895,0.71903,1.30,1.00
2016.11.11 11:18:27.955,0.71895,0.71901,1.30,1.00
2016.11.11 11:18:28.586,0.71895,0.71902,1.30,1.00
2016.11.11 11:18:28.889,0.71895,0.71904,1.72,1.00
2016.11.11 11:18:29.395,0.71895,0.71905,1.72,1.00
2016.11.11 11:18:29.648,0.71897,0.71905,1.00,1.00
2016.11.11 11:18:32.944,0.71895,0.71905,1.72,1.00
2016.11.11 11:18:33.449,0.71895,0.71904,1.72,1.00
2016.11.11 11:18:35.500,0.71895,0.71902,1.72,1.00
2016.11.11 11:18:39.541,0.71897,0.71902,1.00,1.00
2016.11.11 11:18:39.695,0.71897,0.71904,1.00,1.00
2016.11.11 11:18:40.166,0.71895,0.71904,1.72,1.00
2016.11.11 11:18:40.692,0.71895,0.71903,1.72,1.00
2016.11.11 11:18:41.248,0.71895,0.71904,1.72,1.00
2016.11.11 11:18:41.755,0.71895,0.71903,1.72,1.00
2016.11.11 11:18:42.890,0.71895,0.71904,1.50,1.00
2016.11.11 11:18:44.752,0.71896,0.71904,1.50,1.00
2016.11.11 11:18:45.261,0.71896,0.71905,1.50,1.00
2016.11.11 11:18:45.528,0.71898,0.71905,1.00,1.00
2016.11.11 11:18:45.629,0.71898,0.71907,1.00,1.00
2016.11.11 11:18:46.135,0.71898,0.71908,1.00,1.00
2016.11.11 11:18:47.681,0.71897,0.71908,1.50,1.50
2016.11.11 11:18:48.186,0.71897,0.71907,1.00,1.00
2016.11.11 11:18:49.742,0.71897,0.71908,1.30,1.00
2016.11.11 11:18:50.266,0.71897,0.71909,1.30,1.12
2016.11.11 11:18:51.740,0.71896,0.71907,1.72,1.00
2016.11.11 11:18:52.544,0.71897,0.71907,1.00,2.25
2016.11.11 11:18:54.269,0.71897,0.71907,1.50,1.12
2016.11.11 11:18:54.777,0.71897,0.71908,2.25,1.00
2016.11.11 11:18:57.145,0.71897,0.71909,1.50,2.62
2016.11.11 11:18:58.509,0.71898,0.71909,1.00,1.12
2016.11.11 11:18:59.015,0.71898,0.71908,1.50,1.00
2016.11.11 11:19:01.071,0.71898,0.71909,1.00,1.87
2016.11.11 11:19:05.595,0.71897,0.7191,1.50,2.62
2016.11.11 11:19:06.231,0.71899,0.7191,1.00,1.12
2016.11.11 11:19:06.550,0.71906,0.71914,1.00,1.37
2016.11.11 11:19:06.601,0.71906,0.71918,1.50,2.25
2016.11.11 11:19:07.804,0.71906,0.71918,1.50,1.50
2016.11.11 11:19:08.741,0.71907,0.71918,1.00,1.00
2016.11.11 11:19:13.950,0.71906,0.71918,1.50,1.00
2016.11.11 11:19:16.868,0.71907,0.71918,1.00,1.00
2016.11.11 11:19:17.447,0.71907,0.71917,1.00,1.00
2016.11.11 11:19:17.952,0.71906,0.71918,1.50,1.00
2016.11.11 11:19:18.470,0.71905,0.71918,1.50,1.50
2016.11.11 11:19:18.975,0.71906,0.71918,1.00,1.00
2016.11.11 11:19:23.292,0.71906,0.71916,1.00,1.00
2016.11.11 11:19:24.001,0.71905,0.71916,1.00,1.00
2016.11.11 11:19:24.305,0.71906,0.71914,1.00,1.00
2016.11.11 11:19:24.993,0.71906,0.71915,1.00,1.00
2016.11.11 11:19:25.298,0.71905,0.71913,1.50,1.00
2016.11.11 11:19:26.985,0.71904,0.71913,1.50,1.00
2016.11.11 11:19:29.559,0.71902,0.71912,1.87,1.00
2016.11.11 11:19:29.863,0.71899,0.71908,1.00,1.00
2016.11.11 11:19:30.267,0.71899,0.71906,1.00,1.00
2016.11.11 11:19:30.490,0.71899,0.71908,1.00,1.00
2016.11.11 11:19:35.305,0.71899,0.71907,1.00,1.00
2016.11.11 11:19:36.709,0.71899,0.71905,1.00,1.00
2016.11.11 11:19:37.219,0.71899,0.71907,1.00,1.00
2016.11.11 11:19:40.426,0.71899,0.71908,1.50,1.00
2016.11.11 11:19:42.702,0.71899,0.7191,1.50,1.00
2016.11.11 11:19:43.209,0.719,0.71911,1.00,1.00
2016.11.11 11:19:45.138,0.71901,0.71911,1.00,1.00
2016.11.11 11:19:45.240,0.71901,0.71909,1.00,1.00
2016.11.11 11:19:45.746,0.719,0.7191,1.00,1.00
2016.11.11 11:19:46.138,0.71901,0.71908,1.00,1.00
2016.11.11 11:19:46.645,0.71901,0.71909,1.00,1.00
2016.11.11 11:19:47.152,0.71901,0.7191,1.00,1.00
2016.11.11 11:19:49.041,0.71901,0.71911,1.00,1.00
2016.11.11 11:19:49.348,0.71905,0.71912,1.00,1.00
2016.11.11 11:19:50.208,0.71905,0.71915,1.00,1.00
2016.11.11 11:19:50.716,0.71905,0.71916,2.25,1.00
2016.11.11 11:19:53.341,0.71905,0.71915,1.50,1.00
2016.11.11 11:19:54.736,0.71905,0.71914,1.50,1.00
2016.11.11 11:19:55.242,0.71905,0.71915,1.87,1.00
2016.11.11 11:19:55.797,0.71906,0.71915,1.00,1.00
2016.11.11 11:19:56.302,0.71905,0.71914,1.87,1.00
2016.11.11 11:19:58.253,0.71906,0.71914,1.00,1.00
2016.11.11 11:19:59.843,0.71906,0.71915,1.00,1.00
2016.11.11 11:20:00.845,0.71906,0.71917,1.00,1.00
2016.11.11 11:20:01.250,0.71905,0.71915,1.50,1.00
2016.11.11 11:20:01.758,0.71907,0.71917,1.00,1.00
2016.11.11 11:20:02.267,0.71907,0.71916,1.00,1.00
2016.11.11 11:20:03.127,0.71906,0.71916,1.50,1.00
2016.11.11 11:20:03.749,0.71906,0.71915,1.50,1.00
2016.11.11 11:20:04.053,0.71904,0.71913,1.87,1.00
2016.11.11 11:20:06.248,0.71904,0.71914,1.87,1.00
2016.11.11 11:20:07.039,0.71904,0.71915,1.87,1.50
2016.11.11 11:20:07.646,0.71904,0.71914,1.87,1.00
2016.11.11 11:20:08.152,0.71904,0.71913,1.50,1.00
2016.11.11 11:20:09.541,0.71904,0.71914,1.00,1.00
2016.11.11 11:20:09.945,0.71904,0.71912,1.00,1.00
2016.11.11 11:20:10.047,0.71904,0.71914,1.00,1.00
2016.11.11 11:20:10.553,0.71904,0.71913,1.00,1.00
2016.11.11 11:20:13.044,0.71904,0.71912,1.00,1.00
2016.11.11 11:20:13.984,0.71904,0.71913,1.00,1.00
2016.11.11 11:20:14.637,0.71903,0.71913,1.87,1.00
2016.11.11 11:20:15.145,0.71903,0.71912,1.87,1.00
2016.11.11 11:20:16.988,0.71903,0.71911,1.87,1.00
2016.11.11 11:20:17.495,0.71903,0.71912,1.50,1.00
2016.11.11 11:20:17.931,0.71905,0.71912,1.00,1.00
2016.11.11 11:20:18.087,0.71905,0.71914,1.00,1.00
2016.11.11 11:20:18.592,0.71905,0.71915,1.00,1.00
2016.11.11 11:20:23.730,0.71905,0.71916,1.00,1.00
2016.11.11 11:20:24.734,0.71904,0.71918,1.50,3.00
2016.11.11 11:20:24.886,0.71906,0.71918,1.00,3.00
2016.11.11 11:20:29.007,0.71907,0.71918,1.00,1.50
2016.11.11 11:20:38.733,0.71906,0.71918,1.00,2.25
2016.11.11 11:20:39.191,0.71906,0.71916,1.00,1.00
2016.11.11 11:20:40.687,0.71906,0.71914,1.00,1.00
2016.11.11 11:20:40.738,0.71904,0.71915,1.87,1.00
2016.11.11 11:20:41.333,0.71904,0.71916,1.50,1.12
2016.11.11 11:20:42.194,0.71904,0.71917,1.87,1.00
2016.11.11 11:20:42.758,0.71905,0.71918,1.50,3.37
2016.11.11 11:20:42.917,0.71907,0.71918,1.00,2.25
2016.11.11 11:20:47.524,0.71907,0.7192,1.00,2.62
2016.11.11 11:20:48.130,0.71907,0.71919,1.50,1.00
2016.11.11 11:20:48.940,0.71907,0.7192,1.50,2.25
2016.11.11 11:20:50.573,0.71907,0.71919,1.00,1.00
2016.11.11 11:20:51.081,0.71907,0.71918,1.00,1.00
2016.11.11 11:20:52.339,0.71907,0.71919,1.00,1.00
2016.11.11 11:20:53.684,0.71906,0.71919,1.87,1.50
2016.11.11 11:20:54.079,0.71905,0.71917,1.00,2.25
2016.11.11 11:20:54.383,0.71902,0.71913,1.00,1.50
2016.11.11 11:20:54.687,0.71904,0.71916,1.00,1.00
2016.11.11 11:20:55.193,0.71904,0.71916,2.25,1.00
2016.11.11 11:20:55.722,0.71905,0.71917,1.12,1.50
2016.11.11 11:20:56.227,0.71906,0.71916,1.00,1.00
2016.11.11 11:20:59.238,0.71907,0.71917,1.00,1.00
2016.11.11 11:20:59.744,0.71907,0.71918,1.00,1.00
2016.11.11 11:21:07.645,0.71906,0.71918,1.00,1.50
2016.11.11 11:21:08.840,0.71907,0.71917,1.00,1.00
2016.11.11 11:21:11.466,0.71907,0.71918,1.00,1.50
2016.11.11 11:21:16.390,0.71907,0.71917,1.00,1.00
2016.11.11 11:21:17.570,0.71905,0.71917,1.50,1.50
2016.11.11 11:21:20.859,0.71904,0.71917,1.50,2.62
2016.11.11 11:21:21.879,0.71903,0.71917,1.50,2.62
2016.11.11 11:21:22.385,0.71904,0.71917,1.50,2.25
2016.11.11 11:21:23.143,0.71904,0.71916,1.00,1.00
2016.11.11 11:21:23.687,0.71905,0.71916,1.00,1.00
2016.11.11 11:21:26.145,0.71903,0.71916,1.50,1.50
2016.11.11 11:21:26.380,0.71903,0.71914,1.00,1.00
2016.11.11 11:21:26.927,0.71903,0.71915,1.00,1.12
2016.11.11 11:21:27.735,0.71903,0.71914,1.00,1.00
2016.11.11 11:21:28.987,0.71902,0.71914,1.00,1.87
2016.11.11 11:21:29.291,0.71905,0.71916,1.00,3.00
2016.11.11 11:21:29.821,0.71905,0.71916,1.00,1.00
2016.11.11 11:21:30.327,0.71905,0.71917,1.50,1.12
2016.11.11 11:21:34.988,0.71906,0.71917,1.00,1.00
2016.11.11 11:21:35.140,0.71903,0.71915,1.00,1.00
2016.11.11 11:21:35.242,0.71903,0.71912,1.00,1.00
2016.11.11 11:21:35.293,0.71899,0.71911,3.37,1.00
2016.11.11 11:21:35.798,0.71899,0.71911,1.50,2.25
2016.11.11 11:21:41.928,0.719,0.71911,1.00,3.00
2016.11.11 11:21:42.085,0.71902,0.71911,1.00,1.37
2016.11.11 11:21:42.136,0.71902,0.71913,1.00,1.00
2016.11.11 11:21:42.642,0.71903,0.71913,1.00,1.00
2016.11.11 11:21:43.892,0.71904,0.71913,1.00,1.00
2016.11.11 11:21:43.943,0.71904,0.71915,1.50,2.25
2016.11.11 11:21:44.125,0.71906,0.71918,1.00,3.00
2016.11.11 11:21:44.839,0.71906,0.71914,1.50,1.00
2016.11.11 11:21:45.042,0.71906,0.71916,1.00,1.00
2016.11.11 11:21:45.547,0.71906,0.71917,1.00,1.50
2016.11.11 11:21:45.752,0.71906,0.71915,1.00,1.00
2016.11.11 11:21:45.854,0.71906,0.71917,1.50,2.25
2016.11.11 11:21:45.963,0.71906,0.71915,1.50,1.00
2016.11.11 11:21:46.489,0.71906,0.71916,1.50,1.00
2016.11.11 11:21:47.544,0.71906,0.71914,1.50,1.00
2016.11.11 11:21:49.145,0.71906,0.71915,1.50,1.00
2016.11.11 11:21:49.743,0.71906,0.71917,1.50,1.00
2016.11.11 11:21:50.075,0.71906,0.71914,1.50,1.00
2016.11.11 11:21:50.177,0.71906,0.71918,1.50,1.50
2016.11.11 11:21:50.278,0.71906,0.71915,1.50,1.00
2016.11.11 11:21:51.145,0.71906,0.71918,1.50,1.50
2016.11.11 11:21:54.085,0.71907,0.71918,1.00,1.00
2016.11.11 11:21:54.443,0.71907,0.71916,1.00,1.00
2016.11.11 11:21:56.879,0.71907,0.71917,1.50,1.00
2016.11.11 11:21:59.251,0.71906,0.71916,1.00,1.00
2016.11.11 11:22:00.867,0.71906,0.71918,1.00,2.25
2016.11.11 11:22:01.374,0.71906,0.71917,1.00,1.00
2016.11.11 11:22:01.475,0.71906,0.71915,1.00,1.00
2016.11.11 11:22:02.854,0.71906,0.71917,1.50,1.50
2016.11.11 11:22:02.956,0.71906,0.71915,1.50,1.00
2016.11.11 11:22:03.503,0.71907,0.71917,1.00,1.00
2016.11.11 11:22:04.249,0.71907,0.71915,1.00,1.00
2016.11.11 11:22:04.350,0.71907,0.71917,1.00,1.00
2016.11.11 11:22:04.553,0.71906,0.71915,1.00,1.00
2016.11.11 11:22:04.856,0.71906,0.71917,1.00,1.50
2016.11.11 11:22:05.543,0.71906,0.71918,1.00,3.00
2016.11.11 11:22:05.695,0.7191,0.71918,1.00,2.25
2016.11.11 11:22:05.847,0.7191,0.71921,1.50,1.50
2016.11.11 11:22:06.352,0.7191,0.71922,1.50,1.00
2016.11.11 11:22:06.551,0.71912,0.71922,1.00,1.00
2016.11.11 11:22:06.754,0.71912,0.71924,1.00,3.37
2016.11.11 11:22:06.957,0.71916,0.71925,1.00,1.87
2016.11.11 11:22:07.109,0.71916,0.71927,1.00,1.87
2016.11.11 11:22:07.463,0.71918,0.71927,1.00,1.50
2016.11.11 11:22:08.072,0.71916,0.71927,1.00,1.50
2016.11.11 11:22:08.912,0.71915,0.71927,1.00,2.25
2016.11.11 11:22:09.337,0.71917,0.71927,1.00,1.50
2016.11.11 11:22:09.842,0.71916,0.71927,1.00,1.00
2016.11.11 11:22:11.444,0.71915,0.71927,1.50,1.00
2016.11.11 11:22:11.961,0.71916,0.71927,1.00,1.00
2016.11.11 11:22:14.463,0.71915,0.71927,1.50,1.00
2016.11.11 11:22:19.193,0.71916,0.71927,1.00,1.00
2016.11.11 11:22:19.941,0.71916,0.71929,1.00,1.87
2016.11.11 11:22:20.479,0.71917,0.71929,1.00,1.87
2016.11.11 11:22:20.883,0.71915,0.71928,1.50,1.50
2016.11.11 11:22:21.389,0.71914,0.71925,1.00,1.00
2016.11.11 11:22:21.724,0.71908,0.71919,1.50,1.00
2016.11.11 11:22:22.434,0.71909,0.71919,1.00,1.50
2016.11.11 11:22:23.999,0.71908,0.71919,1.00,1.50
2016.11.11 11:22:25.899,0.71909,0.71919,1.00,1.00
2016.11.11 11:22:29.139,0.7191,0.71919,1.00,1.00
2016.11.11 11:22:30.681,0.7191,0.71921,1.00,1.12
2016.11.11 11:22:33.601,0.71909,0.71921,1.00,1.12
2016.11.11 11:22:42.887,0.7191,0.71921,1.00,1.87
2016.11.11 11:22:42.939,0.71908,0.71919,1.50,1.00
2016.11.11 11:22:43.244,0.71908,0.71917,1.50,1.00
2016.11.11 11:22:44.241,0.71906,0.71917,1.00,2.25
2016.11.11 11:22:44.292,0.71905,0.71915,1.00,1.00
2016.11.11 11:22:44.445,0.719,0.71912,1.00,1.00
2016.11.11 11:22:44.496,0.71902,0.71912,1.00,1.00
2016.11.11 11:22:45.410,0.71902,0.71914,1.00,1.87
2016.11.11 11:22:46.388,0.71902,0.71913,1.00,1.00
2016.11.11 11:22:46.908,0.71902,0.71914,1.00,1.87
2016.11.11 11:22:51.038,0.71902,0.71913,1.00,1.00
2016.11.11 11:22:51.673,0.71903,0.71913,1.00,1.00
2016.11.11 11:22:53.986,0.71904,0.71913,1.00,1.00
2016.11.11 11:22:54.051,0.71906,0.71913,1.00,1.00
2016.11.11 11:22:54.190,0.71906,0.71915,1.00,1.50
2016.11.11 11:22:54.443,0.71904,0.71915,1.00,1.12
2016.11.11 11:22:55.049,0.71905,0.71915,1.00,1.12
2016.11.11 11:22:55.555,0.71906,0.71915,1.00,1.00
2016.11.11 11:22:56.301,0.71906,0.71916,1.00,1.00
2016.11.11 11:22:57.411,0.71906,0.71915,1.00,1.00
2016.11.11 11:22:58.491,0.71906,0.71917,1.00,3.37
2016.11.11 11:22:59.089,0.71906,0.71915,1.00,1.00
2016.11.11 11:22:59.409,0.71906,0.71917,1.00,3.37
2016.11.11 11:22:59.513,0.71906,0.71915,1.00,1.00
2016.11.11 11:23:01.036,0.71906,0.71916,1.00,1.50
2016.11.11 11:23:02.292,0.71905,0.71916,1.50,1.50
2016.11.11 11:23:03.194,0.71905,0.71915,1.50,1.00
2016.11.11 11:23:03.840,0.71906,0.71915,1.00,1.00
2016.11.11 11:23:07.244,0.71905,0.71915,1.50,1.00
2016.11.11 11:23:09.643,0.71903,0.71915,1.50,1.00
2016.11.11 11:23:09.794,0.71903,0.71913,1.00,1.00
2016.11.11 11:23:11.842,0.71903,0.71911,1.00,1.00
2016.11.11 11:23:12.323,0.71903,0.71913,1.00,1.12
2016.11.11 11:23:12.626,0.719,0.71912,1.50,1.00
2016.11.11 11:23:12.931,0.71899,0.7191,1.50,1.00
2016.11.11 11:23:13.691,0.719,0.7191,1.00,1.00
2016.11.11 11:23:18.592,0.71899,0.7191,1.00,1.12
2016.11.11 11:23:19.097,0.71898,0.7191,1.00,1.87
2016.11.11 11:23:19.642,0.71898,0.71908,1.00,1.00
2016.11.11 11:23:21.341,0.71898,0.71909,1.00,1.50
2016.11.11 11:23:28.257,0.71899,0.71909,1.00,1.00
2016.11.11 11:23:28.762,0.71899,0.7191,1.00,1.50
2016.11.11 11:23:32.958,0.71899,0.7191,1.00,2.25
2016.11.11 11:23:33.464,0.71898,0.71909,1.50,1.12
2016.11.11 11:23:36.357,0.71898,0.71907,1.00,1.00
2016.11.11 11:23:37.092,0.71898,0.71909,1.00,1.12
2016.11.11 11:23:37.451,0.71898,0.71907,1.00,1.00
2016.11.11 11:23:38.074,0.71897,0.71908,1.00,1.12
2016.11.11 11:23:38.579,0.71897,0.71907,1.00,1.00
2016.11.11 11:23:40.389,0.71895,0.71906,1.50,1.00
2016.11.11 11:23:40.491,0.71894,0.71902,1.00,1.00
2016.11.11 11:23:40.593,0.71892,0.71904,2.25,1.00
2016.11.11 11:23:40.645,0.71893,0.71903,1.00,1.87
2016.11.11 11:23:41.102,0.71892,0.71905,1.50,2.62
2016.11.11 11:23:41.153,0.71894,0.71905,1.00,1.87
2016.11.11 11:23:41.356,0.71895,0.71906,1.00,1.12
2016.11.11 11:23:41.899,0.71896,0.71906,1.00,1.12
2016.11.11 11:23:43.839,0.71895,0.71907,1.00,2.25
2016.11.11 11:23:44.838,0.71895,0.71907,1.00,1.87
2016.11.11 11:23:47.846,0.71894,0.71907,1.50,3.37
2016.11.11 11:23:47.897,0.71894,0.71905,1.00,1.00
2016.11.11 11:23:48.352,0.71892,0.71903,1.50,1.87
2016.11.11 11:23:48.858,0.71891,0.719,1.00,1.12
2016.11.11 11:23:50.004,0.71892,0.719,1.00,1.12
2016.11.11 11:23:50.643,0.71892,0.71901,1.00,1.00
2016.11.11 11:23:51.149,0.71892,0.71902,1.00,1.87
2016.11.11 11:23:51.679,0.71892,0.71901,1.00,1.00
2016.11.11 11:23:52.184,0.71892,0.719,1.00,1.00
2016.11.11 11:23:53.096,0.71892,0.71902,1.00,1.87
2016.11.11 11:23:53.813,0.71893,0.71904,1.00,3.37
2016.11.11 11:23:54.015,0.71894,0.71907,1.50,2.25
2016.11.11 11:23:54.520,0.71895,0.71908,2.25,2.25
2016.11.11 11:23:58.148,0.71897,0.71908,1.00,3.00
2016.11.11 11:23:58.681,0.71897,0.71909,1.50,1.00
2016.11.11 11:23:59.893,0.71897,0.71909,2.25,1.87
2016.11.11 11:24:00.441,0.71898,0.71909,1.50,1.37
2016.11.11 11:24:06.057,0.71898,0.71908,1.50,1.37
2016.11.11 11:24:06.395,0.71898,0.71906,1.00,1.37
2016.11.11 11:24:07.511,0.71898,0.71905,1.00,1.12
2016.11.11 11:24:08.241,0.71897,0.71905,1.00,1.12
2016.11.11 11:24:11.550,0.71896,0.71905,1.50,1.12
2016.11.11 11:24:18.046,0.71895,0.71905,1.00,1.12
2016.11.11 11:24:18.249,0.71895,0.71906,1.50,1.37
2016.11.11 11:24:18.792,0.71895,0.71907,2.25,1.37
2016.11.11 11:24:19.351,0.71895,0.71907,2.25,1.12
2016.11.11 11:24:20.028,0.71895,0.71902,1.00,1.00
2016.11.11 11:24:20.180,0.71892,0.71901,1.00,1.87
2016.11.11 11:24:21.343,0.71892,0.71901,1.00,1.12
2016.11.11 11:24:21.871,0.71892,0.71901,1.50,1.37
2016.11.11 11:24:23.295,0.71892,0.71903,2.25,1.37
2016.11.11 11:24:23.550,0.71892,0.71901,1.00,1.87
2016.11.11 11:24:41.064,0.71892,0.71899,1.00,1.00
2016.11.11 11:24:41.600,0.71892,0.71901,1.00,2.62
2016.11.11 11:24:49.290,0.71891,0.71901,1.00,2.62
2016.11.11 11:24:54.195,0.71892,0.719,1.00,1.12
2016.11.11 11:24:54.297,0.7189,0.719,1.00,1.12
2016.11.11 11:24:55.671,0.7189,0.71899,1.00,1.12
2016.11.11 11:24:55.722,0.71888,0.71898,1.00,1.00
2016.11.11 11:24:55.874,0.71887,0.71898,1.50,2.62
2016.11.11 11:24:56.380,0.71887,0.71898,1.00,1.87
2016.11.11 11:24:56.885,0.71889,0.71898,1.00,1.00
2016.11.11 11:24:57.414,0.71889,0.71899,1.00,1.87
2016.11.11 11:24:58.382,0.71889,0.719,1.00,1.12
2016.11.11 11:24:59.745,0.71888,0.719,1.00,2.62
2016.11.11 11:25:00.351,0.71889,0.719,1.00,1.12
2016.11.11 11:25:00.885,0.71889,0.71901,1.00,1.87
2016.11.11 11:25:02.015,0.7189,0.71901,1.00,1.87
2016.11.11 11:25:02.566,0.7189,0.719,1.00,1.00
2016.11.11 11:25:04.094,0.7189,0.71901,1.00,1.00
2016.11.11 11:25:06.296,0.7189,0.71899,1.00,1.00
2016.11.11 11:25:09.903,0.7189,0.71898,1.00,1.00
2016.11.11 11:25:10.774,0.71889,0.71898,1.50,1.00
2016.11.11 11:25:12.389,0.71889,0.71899,1.50,1.00
2016.11.11 11:25:12.729,0.71891,0.71899,1.00,1.00
2016.11.11 11:25:12.780,0.71889,0.71899,1.50,1.00
2016.11.11 11:25:15.747,0.71891,0.71899,1.00,1.00
2016.11.11 11:25:21.000,0.71891,0.71897,1.00,1.00
2016.11.11 11:25:27.015,0.71891,0.71899,1.00,1.00
2016.11.11 11:25:27.233,0.71894,0.71905,1.00,1.00
2016.11.11 11:25:27.334,0.71893,0.71903,1.00,1.50
2016.11.11 11:25:27.436,0.71892,0.71905,1.50,3.37
2016.11.11 11:25:27.487,0.71894,0.71905,1.00,2.25
2016.11.11 11:25:27.790,0.71896,0.71906,1.00,1.00
2016.11.11 11:25:28.376,0.71896,0.71908,1.00,1.12
2016.11.11 11:25:29.588,0.71897,0.71908,1.00,1.12
2016.11.11 11:25:30.479,0.71896,0.71908,1.00,1.12
2016.11.11 11:25:36.767,0.71895,0.71908,1.50,1.87
2016.11.11 11:25:36.818,0.71895,0.71906,1.00,1.50
2016.11.11 11:25:37.374,0.71895,0.71904,1.00,1.00
2016.11.11 11:25:37.527,0.71893,0.71904,2.25,1.00
2016.11.11 11:25:37.681,0.71891,0.71901,1.00,1.00
2016.11.11 11:25:38.218,0.7189,0.719,1.50,1.12
2016.11.11 11:25:40.458,0.7189,0.71901,1.50,1.50
2016.11.11 11:25:40.963,0.7189,0.719,1.50,1.00
2016.11.11 11:25:41.479,0.7189,0.71901,1.50,1.50
2016.11.11 11:25:42.289,0.71892,0.71901,1.00,1.50
2016.11.11 11:25:42.492,0.71893,0.71903,1.00,3.00
2016.11.11 11:25:42.593,0.71893,0.71901,1.00,1.00
2016.11.11 11:25:43.144,0.71893,0.71902,1.00,1.00
2016.11.11 11:25:43.651,0.71893,0.71903,1.00,1.50
2016.11.11 11:25:44.921,0.71893,0.71904,1.00,2.25
2016.11.11 11:25:47.353,0.71893,0.71903,1.00,1.00
2016.11.11 11:25:47.860,0.71892,0.71903,1.50,1.00
2016.11.11 11:25:48.654,0.71892,0.71902,1.00,1.00
2016.11.11 11:25:50.646,0.71892,0.71903,1.00,1.00
2016.11.11 11:25:51.445,0.7189,0.71902,1.87,1.00
2016.11.11 11:25:52.267,0.71892,0.71902,1.00,1.00
2016.11.11 11:25:53.731,0.7189,0.71902,1.00,1.00
2016.11.11 11:25:54.237,0.71889,0.71902,1.50,1.50
2016.11.11 11:25:58.394,0.71889,0.71901,1.50,1.00
2016.11.11 11:26:00.808,0.7189,0.71901,1.00,1.00
2016.11.11 11:26:01.347,0.71891,0.71901,1.00,1.00
2016.11.11 11:26:01.398,0.71891,0.71903,1.00,2.25
2016.11.11 11:26:02.554,0.71892,0.71903,1.00,2.25
2016.11.11 11:26:08.931,0.71893,0.71903,1.00,1.50
2016.11.11 11:26:09.591,0.71892,0.71903,1.50,1.00
2016.11.11 11:26:24.902,0.71895,0.71904,1.00,1.00
2016.11.11 11:26:25.004,0.71896,0.71906,1.50,1.00
2016.11.11 11:26:25.105,0.71897,0.71909,1.00,3.00
2016.11.11 11:26:27.211,0.71898,0.71909,1.00,2.25
2016.11.11 11:26:27.795,0.71897,0.71909,1.00,1.50
2016.11.11 11:26:28.099,0.71896,0.71907,2.25,1.00
2016.11.11 11:26:28.607,0.71896,0.71908,1.50,1.12
2016.11.11 11:26:29.548,0.71896,0.71907,1.00,1.00
2016.11.11 11:26:29.598,0.71894,0.71907,2.25,1.87
2016.11.11 11:26:30.107,0.71895,0.71907,1.00,2.25
2016.11.11 11:26:30.158,0.71897,0.71907,1.00,2.25
2016.11.11 11:26:30.361,0.71897,0.71909,1.50,1.87
2016.11.11 11:26:30.864,0.71896,0.71909,1.50,1.87
2016.11.11 11:26:31.688,0.71897,0.71909,1.00,1.87
2016.11.11 11:26:34.045,0.71897,0.71907,1.00,1.00
2016.11.11 11:26:34.197,0.71894,0.71907,2.25,2.25
2016.11.11 11:26:34.349,0.71896,0.71906,1.00,1.00
2016.11.11 11:26:34.974,0.71895,0.71906,1.50,1.50
2016.11.11 11:26:36.557,0.71895,0.71905,1.50,1.00
2016.11.11 11:26:38.625,0.71892,0.71903,1.00,1.00
2016.11.11 11:26:38.727,0.71892,0.71901,1.00,1.00
2016.11.11 11:26:44.245,0.71892,0.71904,1.50,2.62
2016.11.11 11:26:44.746,0.71892,0.71903,1.50,1.87
2016.11.11 11:26:44.847,0.71892,0.71904,1.50,3.60
2016.11.11 11:26:46.043,0.71893,0.71904,1.00,1.00
2016.11.11 11:26:50.859,0.71894,0.71904,1.00,1.00
2016.11.11 11:26:52.338,0.71895,0.71904,1.00,1.00
2016.11.11 11:26:53.827,0.71894,0.71903,1.50,1.00
2016.11.11 11:26:53.928,0.71892,0.71902,1.00,1.00
2016.11.11 11:26:54.589,0.71893,0.71902,1.00,1.12
2016.11.11 11:26:54.691,0.71894,0.71904,1.00,1.12
2016.11.11 11:26:56.483,0.71895,0.71906,1.00,2.62
2016.11.11 11:26:56.534,0.71897,0.71906,1.00,1.87
2016.11.11 11:26:56.686,0.71898,0.71909,1.00,3.60
2016.11.11 11:26:56.939,0.71899,0.7191,1.50,1.35
2016.11.11 11:26:57.694,0.71899,0.7191,1.50,2.85
2016.11.11 11:26:58.228,0.71899,0.7191,1.50,1.35
2016.11.11 11:26:59.335,0.71899,0.7191,1.00,2.85
2016.11.11 11:26:59.841,0.71898,0.7191,1.00,2.85
2016.11.11 11:27:01.445,0.71898,0.71908,1.00,2.10
2016.11.11 11:27:02.639,0.71898,0.71907,1.00,2.10
2016.11.11 11:27:03.117,0.71898,0.71909,1.00,5.10
2016.11.11 11:27:10.835,0.71898,0.71909,1.00,2.10
2016.11.11 11:27:13.019,0.71899,0.71909,1.00,1.35
2016.11.11 11:27:13.778,0.71899,0.7191,1.00,2.62
2016.11.11 11:27:13.880,0.71897,0.71909,2.25,1.00
2016.11.11 11:27:14.496,0.71897,0.71908,1.00,2.10
2016.11.11 11:27:15.037,0.71896,0.71907,1.00,2.10
2016.11.11 11:27:15.718,0.71896,0.71907,1.50,2.10
2016.11.11 11:27:16.121,0.71896,0.71908,1.50,1.35
2016.11.11 11:27:16.332,0.71895,0.71904,1.50,1.00
2016.11.11 11:27:16.528,0.71891,0.71901,1.00,1.00
2016.11.11 11:27:17.039,0.7189,0.71901,1.00,1.12
2016.11.11 11:27:17.090,0.71889,0.71899,1.50,1.00
2016.11.11 11:27:17.991,0.71889,0.719,2.25,1.00
2016.11.11 11:27:24.895,0.71889,0.719,1.00,2.85
2016.11.11 11:27:25.447,0.71889,0.719,1.00,1.35
2016.11.11 11:27:26.898,0.71889,0.71899,1.00,2.10
2016.11.11 11:27:27.103,0.71889,0.719,1.00,1.35
2016.11.11 11:27:28.129,0.71889,0.71902,1.50,4.35
2016.11.11 11:27:28.180,0.71891,0.71902,1.00,2.25
2016.11.11 11:27:28.636,0.7189,0.71901,1.50,2.85
2016.11.11 11:27:28.889,0.7189,0.71902,1.50,2.85
2016.11.11 11:27:28.940,0.7189,0.71901,1.50,2.10
2016.11.11 11:27:29.468,0.7189,0.71902,1.00,3.60
2016.11.11 11:27:29.975,0.7189,0.71901,1.00,2.10
2016.11.11 11:27:30.733,0.71889,0.719,1.50,2.10
2016.11.11 11:27:31.260,0.71888,0.71899,1.00,1.00
2016.11.11 11:27:36.147,0.71888,0.719,2.25,1.00
2016.11.11 11:27:40.908,0.71889,0.719,1.00,1.00
2016.11.11 11:27:41.414,0.71889,0.71901,1.00,1.87
2016.11.11 11:27:42.533,0.7189,0.71901,1.00,1.87
2016.11.11 11:27:43.071,0.71889,0.71901,1.00,1.87
2016.11.11 11:27:44.493,0.71888,0.71901,2.25,2.62
2016.11.11 11:27:45.614,0.71889,0.71901,1.00,1.87
2016.11.11 11:27:48.994,0.7189,0.71901,1.00,1.12
2016.11.11 11:27:49.298,0.71892,0.71902,1.00,1.00
2016.11.11 11:27:49.807,0.71892,0.71903,1.00,1.00
2016.11.11 11:27:50.416,0.71891,0.71903,1.00,2.25
2016.11.11 11:27:50.519,0.71889,0.71902,1.50,1.50
2016.11.11 11:27:51.047,0.71888,0.71901,2.25,2.25
2016.11.11 11:27:51.706,0.71888,0.719,1.50,1.00
2016.11.11 11:27:55.048,0.71889,0.71899,1.00,1.00
2016.11.11 11:27:56.491,0.71888,0.719,1.50,1.50
2016.11.11 11:28:03.892,0.71888,0.71898,1.00,1.00
2016.11.11 11:28:04.395,0.71888,0.719,1.00,2.25
2016.11.11 11:28:05.104,0.71888,0.71899,1.00,1.00
2016.11.11 11:28:05.610,0.71888,0.719,1.00,3.00
2016.11.11 11:28:05.935,0.71889,0.71898,1.00,1.00
2016.11.11 11:28:06.087,0.71888,0.719,1.50,1.50
2016.11.11 11:28:07.190,0.71888,0.71899,1.50,1.00
2016.11.11 11:28:07.646,0.7189,0.71899,1.00,1.00
2016.11.11 11:28:08.007,0.71888,0.719,1.50,1.00
2016.11.11 11:28:09.394,0.71888,0.71899,1.50,1.00
2016.11.11 11:28:10.395,0.71888,0.719,1.50,1.50
2016.11.11 11:28:11.432,0.71888,0.71899,1.50,1.00
2016.11.11 11:28:12.895,0.71888,0.719,1.50,1.00
2016.11.11 11:28:19.348,0.71889,0.719,1.00,1.00
2016.11.11 11:28:19.651,0.7189,0.71902,1.00,1.87
2016.11.11 11:28:20.191,0.7189,0.71901,1.00,1.00
2016.11.11 11:28:22.709,0.7189,0.71901,1.00,2.25
2016.11.11 11:28:24.048,0.71891,0.71901,1.00,1.87
2016.11.11 11:28:24.251,0.71892,0.71904,1.00,2.62
2016.11.11 11:28:24.791,0.71892,0.71904,1.00,1.50
2016.11.11 11:28:24.948,0.71894,0.71904,1.00,1.50
2016.11.11 11:28:26.101,0.71894,0.71906,1.50,1.00
2016.11.11 11:28:26.152,0.71893,0.71903,1.00,1.00
2016.11.11 11:28:30.143,0.71894,0.71903,1.00,1.00
2016.11.11 11:28:32.633,0.71894,0.71906,1.00,1.00
2016.11.11 11:28:33.141,0.71895,0.71907,1.00,1.50
2016.11.11 11:28:33.646,0.71894,0.71907,1.50,1.50
2016.11.11 11:28:34.197,0.71895,0.71907,1.00,1.00
2016.11.11 11:28:34.298,0.71897,0.71908,1.00,1.00
2016.11.11 11:28:34.806,0.71896,0.71909,1.50,1.50
2016.11.11 11:28:35.319,0.71897,0.71908,1.00,1.00
2016.11.11 11:28:35.472,0.71898,0.7191,1.00,1.00
2016.11.11 11:28:35.674,0.71897,0.71908,1.00,1.00
2016.11.11 11:28:35.826,0.71895,0.71907,1.12,1.00
2016.11.11 11:28:36.392,0.71896,0.71907,1.00,1.00
2016.11.11 11:28:36.999,0.71897,0.71908,1.00,1.00
2016.11.11 11:28:37.504,0.71897,0.71907,1.00,1.00
2016.11.11 11:28:39.886,0.71896,0.71907,1.50,1.00
2016.11.11 11:28:40.420,0.71896,0.71908,1.00,1.50
2016.11.11 11:28:41.969,0.71897,0.71908,1.00,1.12
2016.11.11 11:28:42.493,0.71896,0.71907,1.50,1.50
2016.11.11 11:28:43.252,0.71897,0.71907,1.00,1.50
2016.11.11 11:28:43.837,0.71897,0.71908,1.50,1.50
2016.11.11 11:28:48.291,0.71898,0.71909,1.00,1.12
2016.11.11 11:28:48.524,0.719,0.71911,1.00,2.25
2016.11.11 11:28:48.930,0.71898,0.71911,1.50,1.50
2016.11.11 11:28:51.185,0.71898,0.71909,1.00,1.00
2016.11.11 11:28:54.598,0.71899,0.71911,1.00,1.00
2016.11.11 11:28:55.686,0.71898,0.71911,1.50,1.50
2016.11.11 11:28:58.604,0.719,0.71911,1.00,1.50
2016.11.11 11:28:59.135,0.71901,0.71911,1.00,1.00
2016.11.11 11:29:00.946,0.719,0.71911,1.00,1.00
2016.11.11 11:29:01.452,0.71899,0.71911,1.50,1.00
2016.11.11 11:29:04.193,0.719,0.71911,1.00,1.00
2016.11.11 11:29:04.426,0.71901,0.71914,1.00,1.50
2016.11.11 11:29:08.895,0.71903,0.71914,1.00,2.25
2016.11.11 11:29:09.622,0.71905,0.71914,1.00,1.00
2016.11.11 11:29:09.673,0.71905,0.71916,1.00,1.00
2016.11.11 11:29:10.190,0.71906,0.71917,1.00,1.50
2016.11.11 11:29:11.639,0.71907,0.71917,1.00,1.00
2016.11.11 11:29:11.691,0.71907,0.71919,1.00,1.00
2016.11.11 11:29:12.450,0.71908,0.7192,1.50,1.50
2016.11.11 11:29:26.503,0.71909,0.7192,1.50,1.00
2016.11.11 11:29:28.403,0.7191,0.7192,1.00,1.00
2016.11.11 11:29:28.915,0.7191,0.71921,2.25,2.25
2016.11.11 11:29:29.633,0.71908,0.71921,2.25,2.25
2016.11.11 11:29:29.735,0.7191,0.71921,1.00,1.50
2016.11.11 11:29:30.804,0.71914,0.71921,1.00,1.00
2016.11.11 11:29:31.129,0.71921,0.71927,1.00,1.50
2016.11.11 11:29:31.181,0.71922,0.7193,1.00,1.87
2016.11.11 11:29:31.687,0.71921,0.7193,1.00,1.50
2016.11.11 11:29:34.650,0.71921,0.7193,1.00,3.00
2016.11.11 11:29:35.155,0.7192,0.7193,1.00,2.25
2016.11.11 11:29:36.146,0.7192,0.71929,1.00,1.00
2016.11.11 11:29:37.346,0.71921,0.71929,1.00,1.50
2016.11.11 11:29:39.144,0.71921,0.71928,1.00,1.00
2016.11.11 11:29:40.542,0.71921,0.71929,1.00,1.00
2016.11.11 11:29:41.694,0.71918,0.71929,2.25,1.12
2016.11.11 11:29:41.846,0.71918,0.71927,1.00,1.00
2016.11.11 11:29:42.352,0.71918,0.71926,1.00,1.00
2016.11.11 11:29:43.451,0.71919,0.71926,1.00,1.00
2016.11.11 11:29:43.502,0.71919,0.71928,1.00,2.25
2016.11.11 11:29:44.260,0.71919,0.71927,1.00,1.00
2016.11.11 11:29:44.923,0.71919,0.71928,1.00,2.25
2016.11.11 11:29:49.113,0.71917,0.71928,1.50,2.25
2016.11.11 11:29:49.164,0.71917,0.71926,1.00,1.00
2016.11.11 11:29:49.889,0.71918,0.71926,1.00,1.00
2016.11.11 11:29:49.940,0.71918,0.71929,1.00,1.50
2016.11.11 11:29:50.446,0.71919,0.71929,1.00,1.00
2016.11.11 11:29:50.952,0.71918,0.71929,1.00,1.50
2016.11.11 11:29:51.340,0.71917,0.71925,1.00,1.00
2016.11.11 11:29:52.143,0.71915,0.71925,1.50,1.00
2016.11.11 11:29:52.194,0.71914,0.71922,1.12,1.00
2016.11.11 11:29:52.714,0.71913,0.71922,1.00,1.50
2016.11.11 11:29:57.696,0.71913,0.71923,1.00,1.12
2016.11.11 11:29:59.689,0.71915,0.71923,1.00,2.25
2016.11.11 11:30:00.737,0.71915,0.71925,1.00,2.25
2016.11.11 11:30:09.093,0.71915,0.71923,1.00,1.00
2016.11.11 11:30:11.060,0.71915,0.71925,1.50,1.50
2016.11.11 11:30:11.626,0.71916,0.71925,1.00,1.50
2016.11.11 11:30:11.677,0.71918,0.71925,1.00,1.00
2016.11.11 11:30:11.809,0.71918,0.71927,1.00,1.00
2016.11.11 11:30:12.315,0.71918,0.71928,1.00,1.00
2016.11.11 11:30:12.838,0.71918,0.71929,1.00,1.87
2016.11.11 11:30:14.250,0.71918,0.71928,1.00,1.00
2016.11.11 11:30:14.756,0.71919,0.71928,1.00,1.00
2016.11.11 11:30:15.294,0.71919,0.71929,1.00,1.50
2016.11.11 11:30:21.189,0.71917,0.71926,1.00,1.00
2016.11.11 11:30:21.442,0.71913,0.71923,1.00,1.00
2016.11.11 11:30:21.953,0.71912,0.71923,1.00,1.87
2016.11.11 11:30:33.334,0.71914,0.71922,1.00,1.12
2016.11.11 11:30:33.385,0.71912,0.71922,1.00,1.12
2016.11.11 11:30:33.840,0.71915,0.71922,1.00,1.87
2016.11.11 11:30:34.042,0.71917,0.71925,1.00,1.50
2016.11.11 11:30:35.842,0.71917,0.71926,1.00,2.62
2016.11.11 11:30:37.446,0.71918,0.71927,1.00,1.00
2016.11.11 11:30:37.850,0.7192,0.71928,1.00,1.50
2016.11.11 11:30:38.883,0.7192,0.71927,1.00,1.00
2016.11.11 11:30:39.392,0.7192,0.71928,1.00,1.00
2016.11.11 11:30:39.749,0.7192,0.7193,1.00,1.87
2016.11.11 11:30:41.348,0.7192,0.71929,1.00,1.00
2016.11.11 11:30:41.889,0.7192,0.71928,1.00,1.00
2016.11.11 11:30:42.041,0.7192,0.7193,1.00,1.87
2016.11.11 11:30:42.092,0.7192,0.71928,1.00,1.00
2016.11.11 11:30:42.231,0.7192,0.7193,1.00,1.87
2016.11.11 11:30:42.487,0.71922,0.71929,1.00,1.00
2016.11.11 11:30:43.094,0.71922,0.71928,1.00,1.00
2016.11.11 11:30:44.135,0.71922,0.7193,1.00,1.00
2016.11.11 11:30:44.749,0.71922,0.71929,1.00,1.37
2016.11.11 11:30:45.094,0.71921,0.71925,1.00,1.00
2016.11.11 11:30:45.604,0.7192,0.71924,1.00,1.00
2016.11.11 11:30:45.778,0.7192,0.71924,1.00,1.00
2016.11.11 11:30:45.879,0.71917,0.71924,2.25,1.00
2016.11.11 11:30:45.931,0.71915,0.71923,1.00,1.00
2016.11.11 11:30:46.134,0.71915,0.71921,1.00,1.00
2016.11.11 11:30:46.388,0.71913,0.71921,1.50,1.50
2016.11.11 11:30:46.752,0.71914,0.71922,1.00,1.50
2016.11.11 11:30:46.904,0.71916,0.71922,1.00,1.50
2016.11.11 11:30:47.840,0.71916,0.71923,1.00,1.12
2016.11.11 11:30:52.142,0.71917,0.71923,1.00,1.12
2016.11.11 11:30:52.479,0.71921,0.71925,1.00,1.00
2016.11.11 11:30:58.821,0.7192,0.71924,1.00,1.00
2016.11.11 11:30:59.546,0.71921,0.71925,1.00,1.00
2016.11.11 11:30:59.951,0.71921,0.71927,1.00,1.00
2016.11.11 11:31:00.497,0.7192,0.71927,1.00,1.00
2016.11.11 11:31:01.006,0.71921,0.71927,1.00,1.00
2016.11.11 11:31:02.299,0.7192,0.71927,1.00,1.00
2016.11.11 11:31:03.345,0.7192,0.7193,1.00,1.12
2016.11.11 11:31:04.963,0.7192,0.71927,1.00,1.00
2016.11.11 11:31:05.468,0.71919,0.71927,1.00,1.00
