2016.02.26 03:00:02.555,0.67568,0.67582,1.12,1.00
2016.02.26 03:00:04.827,0.67568,0.67583,1.12,1.57
2016.02.26 03:00:05.337,0.67568,0.67582,1.00,1.20
2016.02.26 03:00:05.844,0.67565,0.67582,2.25,1.95
2016.02.26 03:00:06.150,0.67565,0.67582,2.25,2.62
2016.02.26 03:00:06.657,0.67565,0.67582,2.25,2.62
2016.02.26 03:00:08.410,0.67564,0.67581,1.50,3.07
2016.02.26 03:00:08.917,0.67564,0.67581,1.50,3.45
2016.02.26 03:00:09.272,0.67564,0.67581,1.75,2.70
2016.02.26 03:00:09.868,0.67566,0.67582,1.50,1.57
2016.02.26 03:00:14.332,0.67566,0.67582,1.12,1.95
2016.02.26 03:00:14.486,0.67564,0.67581,1.12,3.45
2016.02.26 03:00:14.766,0.67563,0.6758,2.25,1.95
2016.02.26 03:00:17.936,0.67564,0.6758,1.00,1.20
2016.02.26 03:00:18.239,0.67563,0.67581,3.00,3.37
2016.02.26 03:00:18.798,0.67565,0.67581,1.37,1.87
2016.02.26 03:00:26.348,0.6757,0.67581,1.00,1.87
2016.02.26 03:00:26.652,0.67565,0.6758,1.50,1.57
2016.02.26 03:00:26.703,0.67565,0.6758,1.00,1.20
2016.02.26 03:00:27.114,0.67561,0.67577,3.37,1.20
2016.02.26 03:00:27.624,0.67561,0.67577,4.12,1.50
2016.02.26 03:00:28.866,0.67563,0.67577,1.00,1.50
2016.02.26 03:00:29.684,0.67561,0.67577,4.50,2.62
2016.02.26 03:00:30.709,0.67561,0.67577,2.25,1.87
2016.02.26 03:00:31.621,0.67562,0.67577,1.00,1.87
2016.02.26 03:00:32.280,0.67561,0.67577,1.87,2.25
2016.02.26 03:00:33.518,0.67562,0.67577,1.00,2.25
2016.02.26 03:00:34.024,0.67561,0.67577,1.87,1.50
2016.02.26 03:00:35.634,0.67561,0.67575,1.50,1.10
2016.02.26 03:00:39.307,0.67563,0.67577,1.00,1.50
2016.02.26 03:00:39.610,0.67561,0.67577,2.25,1.50
2016.02.26 03:00:40.947,0.67562,0.67577,1.00,1.50
2016.02.26 03:00:43.787,0.67561,0.67577,2.25,1.50
2016.02.26 03:00:44.596,0.67562,0.67577,1.00,1.50
2016.02.26 03:00:47.196,0.67562,0.67577,1.00,1.87
2016.02.26 03:00:47.702,0.67561,0.67575,1.50,1.12
2016.02.26 03:00:49.408,0.67561,0.67577,2.25,1.50
2016.02.26 03:00:49.459,0.67563,0.67577,1.00,1.45
2016.02.26 03:00:50.028,0.67565,0.67579,1.50,1.12
2016.02.26 03:00:50.091,0.67565,0.6758,1.50,2.25
2016.02.26 03:00:50.244,0.67564,0.6758,1.87,2.25
2016.02.26 03:00:54.696,0.67564,0.6758,2.62,2.25
2016.02.26 03:00:55.300,0.67565,0.6758,1.00,1.57
2016.02.26 03:00:55.462,0.67563,0.67579,1.12,3.37
2016.02.26 03:00:55.916,0.67561,0.67575,1.00,2.32
2016.02.26 03:00:56.591,0.67562,0.67575,1.00,1.95
2016.02.26 03:00:58.867,0.67561,0.67575,1.00,1.95
2016.02.26 03:01:00.734,0.67562,0.67575,1.00,1.20
2016.02.26 03:01:02.501,0.67561,0.67575,1.00,1.57
2016.02.26 03:01:15.806,0.67559,0.67575,2.25,2.62
2016.02.26 03:01:18.349,0.67559,0.67573,1.50,1.45
2016.02.26 03:01:18.875,0.6756,0.67573,1.00,1.45
2016.02.26 03:01:19.382,0.67559,0.67574,1.00,3.00
2016.02.26 03:01:21.482,0.67558,0.67574,1.50,3.00
2016.02.26 03:01:22.426,0.67557,0.67573,2.25,1.07
2016.02.26 03:01:22.881,0.6756,0.67574,1.00,2.25
2016.02.26 03:01:23.388,0.6756,0.67574,1.00,1.20
2016.02.26 03:01:23.893,0.6756,0.67574,1.00,1.00
2016.02.26 03:01:27.155,0.6756,0.67575,1.50,1.50
2016.02.26 03:01:27.459,0.67562,0.67576,1.00,1.00
2016.02.26 03:01:28.149,0.67563,0.67576,1.00,1.50
2016.02.26 03:01:29.656,0.67565,0.67576,1.00,1.00
2016.02.26 03:01:29.724,0.67565,0.67578,1.00,1.50
2016.02.26 03:01:31.705,0.67563,0.67578,1.50,1.50
2016.02.26 03:01:32.218,0.67564,0.67578,1.00,1.50
2016.02.26 03:01:32.674,0.67564,0.67578,1.50,1.50
2016.02.26 03:01:33.883,0.67562,0.67577,2.25,1.50
2016.02.26 03:01:34.392,0.67562,0.67575,2.25,1.00
2016.02.26 03:01:37.396,0.67562,0.67577,1.50,1.00
2016.02.26 03:01:38.069,0.67563,0.67577,1.00,1.50
2016.02.26 03:01:38.222,0.67562,0.67577,1.50,1.12
2016.02.26 03:01:38.728,0.67563,0.67577,1.00,1.12
2016.02.26 03:01:40.654,0.67562,0.67577,1.50,1.12
2016.02.26 03:01:40.907,0.67565,0.67577,1.00,1.12
2016.02.26 03:01:42.186,0.67564,0.67577,1.00,1.12
2016.02.26 03:01:44.068,0.67563,0.67579,1.50,2.25
2016.02.26 03:01:46.184,0.67564,0.67579,1.00,2.25
2016.02.26 03:01:48.143,0.67563,0.67579,1.50,2.25
2016.02.26 03:01:48.905,0.67563,0.67579,1.00,2.25
2016.02.26 03:01:53.100,0.67562,0.67577,1.00,1.50
2016.02.26 03:01:54.009,0.67562,0.67577,1.00,1.50
2016.02.26 03:01:57.722,0.67564,0.67577,1.00,1.00
2016.02.26 03:01:59.412,0.67564,0.67578,1.00,1.75
2016.02.26 03:02:01.099,0.67564,0.67577,1.00,1.00
2016.02.26 03:02:01.504,0.67563,0.67578,1.00,2.25
2016.02.26 03:02:07.212,0.67562,0.67576,1.00,1.50
2016.02.26 03:02:07.728,0.67561,0.67576,2.25,1.12
2016.02.26 03:02:10.083,0.67562,0.67576,1.00,1.12
2016.02.26 03:02:10.936,0.67563,0.67577,1.00,1.00
2016.02.26 03:02:11.442,0.67564,0.67577,1.00,1.00
2016.02.26 03:02:11.949,0.67564,0.67578,1.00,2.25
2016.02.26 03:02:15.388,0.67564,0.67578,1.00,1.50
2016.02.26 03:02:15.894,0.67564,0.67578,1.00,1.12
2016.02.26 03:02:16.652,0.67565,0.6758,1.12,3.00
2016.02.26 03:02:17.166,0.67565,0.6758,1.00,3.00
2016.02.26 03:02:17.572,0.67565,0.6758,1.00,2.62
2016.02.26 03:02:17.674,0.67565,0.6758,1.00,2.62
2016.02.26 03:02:18.201,0.67566,0.6758,1.00,2.62
2016.02.26 03:02:18.556,0.67568,0.67583,1.00,3.37
2016.02.26 03:02:19.100,0.67574,0.67588,1.12,1.00
2016.02.26 03:02:19.995,0.67574,0.67587,1.50,1.00
2016.02.26 03:02:22.648,0.67574,0.6759,1.00,1.50
2016.02.26 03:02:22.851,0.67575,0.6759,1.50,2.25
2016.02.26 03:02:24.559,0.67575,0.6759,1.00,1.37
2016.02.26 03:02:25.091,0.67574,0.6759,1.50,2.25
2016.02.26 03:02:33.578,0.67573,0.67589,1.50,3.00
2016.02.26 03:02:34.135,0.67573,0.67587,1.50,1.00
2016.02.26 03:02:34.185,0.67573,0.67587,1.50,1.50
2016.02.26 03:02:34.787,0.67572,0.67587,1.00,3.00
2016.02.26 03:02:37.458,0.67572,0.67587,1.00,1.50
2016.02.26 03:02:38.781,0.67572,0.67587,1.00,2.25
2016.02.26 03:02:38.886,0.67572,0.67587,1.50,1.87
2016.02.26 03:02:40.746,0.67571,0.67587,1.50,1.12
2016.02.26 03:02:41.252,0.67572,0.67587,1.00,1.12
2016.02.26 03:02:45.731,0.67571,0.67588,1.50,1.50
2016.02.26 03:02:46.276,0.67572,0.67588,1.00,1.50
2016.02.26 03:02:47.494,0.67572,0.67588,1.00,1.50
2016.02.26 03:02:50.113,0.67572,0.67587,1.00,1.75
2016.02.26 03:02:50.413,0.67572,0.67587,1.00,1.50
2016.02.26 03:02:52.313,0.67571,0.67587,1.50,1.50
2016.02.26 03:02:52.819,0.67571,0.67587,1.00,2.25
2016.02.26 03:02:53.628,0.67571,0.67585,1.00,1.50
2016.02.26 03:02:54.167,0.6757,0.67584,1.00,2.25
2016.02.26 03:02:54.673,0.67569,0.67584,1.00,2.62
2016.02.26 03:02:57.551,0.67569,0.67583,1.00,1.10
2016.02.26 03:02:57.602,0.67567,0.67582,1.12,1.00
2016.02.26 03:02:57.884,0.67563,0.67579,2.25,1.00
2016.02.26 03:02:57.935,0.67563,0.67579,1.50,1.50
2016.02.26 03:02:58.461,0.67562,0.67579,1.50,2.25
2016.02.26 03:03:05.202,0.67564,0.6758,1.00,3.00
2016.02.26 03:03:05.253,0.67564,0.6758,2.25,1.50
2016.02.26 03:03:05.304,0.67566,0.6758,1.00,1.00
2016.02.26 03:03:05.541,0.67566,0.67582,1.12,1.50
2016.02.26 03:03:15.857,0.67566,0.67583,1.12,2.62
2016.02.26 03:03:16.226,0.67565,0.67581,1.50,1.50
2016.02.26 03:03:16.378,0.67563,0.67581,2.62,2.25
2016.02.26 03:03:17.353,0.67565,0.67581,1.00,1.50
2016.02.26 03:03:17.657,0.67567,0.67583,1.00,3.37
2016.02.26 03:03:18.366,0.67567,0.67582,1.00,1.00
2016.02.26 03:03:20.477,0.67567,0.67583,1.00,3.37
2016.02.26 03:03:21.579,0.67568,0.67583,1.00,1.87
2016.02.26 03:03:21.883,0.6757,0.67585,1.00,1.00
2016.02.26 03:03:22.390,0.6757,0.67586,1.00,1.87
2016.02.26 03:03:23.898,0.67572,0.67586,1.00,1.12
2016.02.26 03:03:24.407,0.67573,0.67586,1.00,1.00
2016.02.26 03:03:27.658,0.67574,0.67589,1.37,1.57
2016.02.26 03:03:28.013,0.67575,0.67591,1.00,1.12
2016.02.26 03:03:29.153,0.67576,0.67591,1.00,1.50
2016.02.26 03:03:29.659,0.67576,0.67592,1.00,2.70
2016.02.26 03:03:30.206,0.67575,0.67592,1.00,3.07
2016.02.26 03:03:30.713,0.67575,0.67592,1.87,1.95
2016.02.26 03:03:31.219,0.67576,0.67592,1.00,1.95
2016.02.26 03:03:31.851,0.67575,0.67591,2.62,1.50
2016.02.26 03:03:32.358,0.67576,0.67591,1.00,1.50
2016.02.26 03:03:32.865,0.67575,0.6759,1.87,1.00
2016.02.26 03:03:33.371,0.67576,0.6759,1.00,1.50
2016.02.26 03:03:33.873,0.67575,0.6759,1.00,2.25
2016.02.26 03:03:34.595,0.67575,0.6759,1.00,1.00
2016.02.26 03:03:35.120,0.67576,0.67591,1.50,1.00
2016.02.26 03:03:42.796,0.67575,0.67591,1.12,1.00
2016.02.26 03:03:43.778,0.67575,0.67591,1.00,1.37
2016.02.26 03:03:46.841,0.67574,0.6759,1.50,1.50
2016.02.26 03:03:48.391,0.67572,0.67588,1.50,1.00
2016.02.26 03:03:48.493,0.67571,0.67587,1.00,2.25
2016.02.26 03:03:48.645,0.67569,0.67585,1.50,1.12
2016.02.26 03:03:49.184,0.67569,0.67585,1.00,2.25
2016.02.26 03:03:49.694,0.67571,0.67586,1.00,1.75
2016.02.26 03:03:50.002,0.67571,0.67586,1.50,1.12
2016.02.26 03:03:52.186,0.67569,0.67586,1.12,1.87
2016.02.26 03:03:53.484,0.67568,0.67585,1.87,1.37
2016.02.26 03:03:54.125,0.67567,0.67584,1.12,1.12
2016.02.26 03:03:54.631,0.67568,0.67584,1.00,1.50
2016.02.26 03:03:56.636,0.67567,0.67584,1.00,1.50
2016.02.26 03:04:00.909,0.67568,0.67585,1.00,1.85
2016.02.26 03:04:02.535,0.67568,0.67585,1.50,2.32
2016.02.26 03:04:02.586,0.6757,0.67585,1.00,1.10
2016.02.26 03:04:04.040,0.6757,0.67586,2.25,1.00
2016.02.26 03:04:04.343,0.67575,0.67586,1.00,1.00
2016.02.26 03:04:04.394,0.67575,0.67589,1.00,1.12
2016.02.26 03:04:04.445,0.67576,0.6759,1.87,1.50
2016.02.26 03:04:04.679,0.67578,0.67593,1.87,1.47
2016.02.26 03:04:04.745,0.67583,0.67593,1.00,1.00
2016.02.26 03:04:05.050,0.67584,0.67597,1.50,1.00
2016.02.26 03:04:05.101,0.67584,0.67595,1.50,1.00
2016.02.26 03:04:05.203,0.67584,0.67601,1.50,2.32
2016.02.26 03:04:05.709,0.67585,0.67601,1.00,1.57
2016.02.26 03:04:05.861,0.67587,0.67601,1.00,1.10
2016.02.26 03:04:06.149,0.67585,0.67601,2.25,1.10
2016.02.26 03:04:07.413,0.67586,0.67603,1.50,1.45
2016.02.26 03:04:07.767,0.67588,0.67603,1.00,1.45
2016.02.26 03:04:08.414,0.67589,0.67605,1.12,1.85
2016.02.26 03:04:08.718,0.67592,0.67604,1.00,1.00
2016.02.26 03:04:08.820,0.67589,0.67606,1.50,1.50
2016.02.26 03:04:09.326,0.67591,0.67606,1.00,1.00
2016.02.26 03:04:09.935,0.67592,0.67606,1.00,1.00
2016.02.26 03:04:11.153,0.67591,0.67606,1.00,1.00
2016.02.26 03:04:12.750,0.67593,0.67606,1.00,1.00
2016.02.26 03:04:12.902,0.67591,0.67606,1.12,1.00
2016.02.26 03:04:13.055,0.67591,0.67606,1.50,1.00
2016.02.26 03:04:13.157,0.67591,0.67606,1.00,1.00
2016.02.26 03:04:17.880,0.67592,0.67606,1.00,1.00
2016.02.26 03:04:18.386,0.67591,0.67606,1.50,1.00
2016.02.26 03:04:21.422,0.67589,0.67606,1.87,1.87
2016.02.26 03:04:22.114,0.67589,0.67605,1.87,1.00
2016.02.26 03:04:22.623,0.67589,0.67606,1.87,1.87
2016.02.26 03:04:23.129,0.67589,0.67605,1.12,1.00
2016.02.26 03:04:23.281,0.67586,0.67603,1.37,1.00
2016.02.26 03:04:23.620,0.67585,0.67601,1.12,1.10
2016.02.26 03:04:23.924,0.67584,0.67602,1.00,2.70
2016.02.26 03:04:24.480,0.67585,0.67602,1.00,1.95
2016.02.26 03:04:25.537,0.67585,0.67602,2.25,1.20
2016.02.26 03:04:25.689,0.67586,0.67604,1.12,2.70
2016.02.26 03:04:26.043,0.67589,0.67605,1.00,2.02
2016.02.26 03:04:26.667,0.6759,0.67605,1.00,1.00
2016.02.26 03:04:27.177,0.6759,0.67606,1.00,1.12
2016.02.26 03:04:27.683,0.67589,0.67606,1.87,1.37
2016.02.26 03:04:28.189,0.67589,0.67606,1.50,1.50
2016.02.26 03:04:28.746,0.67588,0.67605,1.87,1.12
2016.02.26 03:04:29.248,0.67589,0.67606,1.00,2.25
2016.02.26 03:04:36.359,0.6759,0.67606,1.12,1.50
2016.02.26 03:04:39.223,0.67588,0.67606,1.87,2.25
2016.02.26 03:04:39.768,0.67589,0.67606,1.00,1.50
2016.02.26 03:04:40.858,0.67589,0.67606,1.12,1.87
2016.02.26 03:04:44.481,0.67588,0.67605,1.75,1.65
2016.02.26 03:04:44.582,0.67587,0.67604,1.00,1.50
2016.02.26 03:04:44.936,0.67589,0.67604,1.00,2.40
2016.02.26 03:04:45.464,0.67587,0.67604,1.00,2.40
2016.02.26 03:04:45.971,0.67586,0.67603,1.00,1.50
2016.02.26 03:04:46.844,0.67583,0.67597,2.25,1.00
2016.02.26 03:04:46.895,0.67581,0.67596,1.12,1.12
2016.02.26 03:04:47.554,0.67581,0.67597,1.00,1.20
2016.02.26 03:04:48.061,0.67582,0.67597,1.00,1.20
2016.02.26 03:04:49.651,0.67583,0.67599,1.50,1.20
2016.02.26 03:04:49.764,0.67585,0.67602,1.00,1.95
2016.02.26 03:04:50.084,0.67584,0.67601,1.37,1.00
2016.02.26 03:04:50.592,0.67584,0.67601,1.87,1.37
2016.02.26 03:04:52.798,0.67584,0.67601,1.50,1.00
2016.02.26 03:04:53.409,0.67584,0.676,1.87,1.00
2016.02.26 03:04:54.241,0.67585,0.676,1.00,1.00
2016.02.26 03:04:54.393,0.67585,0.67602,1.12,1.50
2016.02.26 03:04:54.444,0.67587,0.67602,1.00,1.12
2016.02.26 03:04:54.882,0.67589,0.67602,1.00,1.12
2016.02.26 03:04:54.942,0.67589,0.67604,1.50,1.00
2016.02.26 03:04:55.296,0.67588,0.67604,1.12,1.50
2016.02.26 03:04:55.600,0.67586,0.67604,1.50,2.25
2016.02.26 03:04:55.904,0.67584,0.67602,1.12,2.70
2016.02.26 03:04:56.717,0.67585,0.67602,1.00,2.25
2016.02.26 03:04:57.223,0.67584,0.67601,1.12,1.07
2016.02.26 03:04:58.880,0.67585,0.67601,1.00,1.57
2016.02.26 03:04:59.676,0.67585,0.67599,1.00,1.47
2016.02.26 03:04:59.793,0.67583,0.67599,1.00,1.20
2016.02.26 03:05:00.121,0.67581,0.67597,1.00,1.57
2016.02.26 03:05:00.633,0.67582,0.67599,1.00,1.12
2016.02.26 03:05:00.785,0.67583,0.676,1.00,1.45
2016.02.26 03:05:00.886,0.67585,0.676,1.00,1.45
2016.02.26 03:05:01.392,0.67586,0.67601,1.00,1.20
2016.02.26 03:05:02.603,0.67586,0.676,1.00,1.10
2016.02.26 03:05:03.043,0.67584,0.676,1.00,1.10
2016.02.26 03:05:03.605,0.67585,0.676,1.00,1.10
2016.02.26 03:05:04.506,0.67583,0.67598,1.37,1.37
2016.02.26 03:05:04.557,0.6758,0.67597,1.50,1.00
2016.02.26 03:05:05.063,0.67581,0.67598,1.50,1.10
2016.02.26 03:05:05.978,0.67583,0.67599,1.12,1.57
2016.02.26 03:05:06.131,0.67584,0.676,1.00,1.27
2016.02.26 03:05:06.671,0.67583,0.676,1.87,1.27
2016.02.26 03:05:07.263,0.67583,0.67599,1.12,1.00
2016.02.26 03:05:08.958,0.67583,0.67599,1.50,1.00
2016.02.26 03:05:09.502,0.67585,0.67601,1.00,1.87
2016.02.26 03:05:11.242,0.67584,0.67601,1.12,1.87
2016.02.26 03:05:11.749,0.67583,0.67601,1.87,3.00
2016.02.26 03:05:12.399,0.67583,0.67599,1.12,1.00
2016.02.26 03:05:13.751,0.67583,0.676,1.12,1.27
2016.02.26 03:05:14.239,0.67583,0.67601,2.25,1.12
2016.02.26 03:05:14.341,0.67584,0.676,1.12,1.00
2016.02.26 03:05:14.853,0.67582,0.67599,2.25,1.00
2016.02.26 03:05:15.359,0.67582,0.676,2.25,1.10
2016.02.26 03:05:15.900,0.67582,0.676,1.50,1.95
2016.02.26 03:05:16.203,0.67583,0.67601,1.75,2.70
2016.02.26 03:05:16.661,0.67583,0.67601,1.12,2.70
2016.02.26 03:05:17.211,0.67582,0.67599,1.50,1.00
2016.02.26 03:05:17.739,0.67583,0.67601,1.12,2.70
2016.02.26 03:05:18.467,0.67582,0.67598,2.25,1.00
2016.02.26 03:05:18.721,0.67584,0.676,1.00,1.20
2016.02.26 03:05:19.499,0.67584,0.676,1.50,1.10
2016.02.26 03:05:19.601,0.67582,0.67598,1.12,1.00
2016.02.26 03:05:20.067,0.67583,0.67598,1.50,1.00
2016.02.26 03:05:20.119,0.67583,0.676,2.25,1.10
2016.02.26 03:05:20.374,0.67584,0.67602,1.50,1.27
2016.02.26 03:05:20.780,0.67583,0.676,1.75,1.12
2016.02.26 03:05:21.539,0.67582,0.676,2.25,1.12
2016.02.26 03:05:22.218,0.67582,0.676,2.25,1.12
2016.02.26 03:05:22.523,0.67583,0.67601,1.75,1.65
2016.02.26 03:05:23.063,0.67582,0.676,2.25,1.00
2016.02.26 03:05:23.317,0.67584,0.67602,1.75,1.10
2016.02.26 03:05:23.469,0.67584,0.67601,1.12,1.50
2016.02.26 03:05:23.976,0.67582,0.67598,2.25,1.00
2016.02.26 03:05:26.262,0.67583,0.67599,1.65,1.20
2016.02.26 03:05:28.649,0.67583,0.67601,2.40,1.75
2016.02.26 03:05:28.801,0.67585,0.67602,1.50,1.50
2016.02.26 03:05:29.156,0.67585,0.67602,1.50,1.50
2016.02.26 03:05:29.258,0.67585,0.67602,1.50,1.87
2016.02.26 03:05:29.768,0.67585,0.67602,1.12,1.87
2016.02.26 03:05:30.520,0.67585,0.676,1.00,1.10
2016.02.26 03:05:30.774,0.67583,0.676,1.10,1.57
2016.02.26 03:05:32.877,0.67584,0.67602,1.37,2.25
2016.02.26 03:05:33.232,0.67585,0.67602,1.10,1.57
2016.02.26 03:05:33.991,0.67585,0.67602,1.00,1.95
2016.02.26 03:05:34.594,0.67585,0.67602,1.50,1.50
2016.02.26 03:05:35.101,0.67587,0.67602,1.00,1.57
2016.02.26 03:05:35.417,0.6759,0.67604,1.50,1.10
2016.02.26 03:05:35.924,0.6759,0.67604,1.10,1.00
2016.02.26 03:05:36.372,0.6759,0.67604,1.85,1.00
2016.02.26 03:05:36.423,0.67589,0.67605,1.95,1.50
2016.02.26 03:05:36.938,0.67589,0.67605,1.50,1.57
2016.02.26 03:05:37.595,0.67589,0.67604,1.87,1.00
2016.02.26 03:05:38.408,0.67589,0.67605,1.12,1.10
2016.02.26 03:05:39.606,0.67591,0.67605,1.12,1.10
2016.02.26 03:05:40.112,0.6759,0.67605,1.57,1.10
2016.02.26 03:05:41.480,0.67588,0.67605,1.47,1.95
2016.02.26 03:05:41.581,0.67588,0.67605,1.00,3.00
2016.02.26 03:05:41.784,0.67588,0.67605,2.25,1.12
2016.02.26 03:05:41.886,0.67588,0.67605,2.62,1.50
2016.02.26 03:05:42.571,0.6759,0.67605,1.00,1.20
2016.02.26 03:05:43.077,0.67588,0.67605,2.70,1.10
2016.02.26 03:05:43.582,0.6759,0.67605,2.32,1.00
2016.02.26 03:05:44.123,0.6759,0.67605,2.32,1.00
2016.02.26 03:05:45.587,0.6759,0.67605,2.32,1.00
2016.02.26 03:05:46.264,0.67588,0.67605,2.62,1.10
2016.02.26 03:05:46.783,0.67588,0.67605,2.25,1.50
2016.02.26 03:05:46.885,0.67589,0.67605,1.47,1.00
2016.02.26 03:05:46.986,0.67589,0.67605,1.57,1.00
2016.02.26 03:05:47.392,0.67589,0.67605,1.10,1.95
2016.02.26 03:05:47.544,0.67587,0.67603,1.95,1.00
2016.02.26 03:05:47.697,0.67588,0.67603,1.37,1.00
2016.02.26 03:05:47.849,0.67589,0.67605,1.37,1.95
2016.02.26 03:05:48.401,0.6759,0.67605,1.50,1.10
2016.02.26 03:05:48.943,0.67592,0.67605,1.00,1.10
2016.02.26 03:05:50.355,0.67589,0.67605,2.70,1.10
2016.02.26 03:05:50.861,0.67588,0.67605,2.32,1.57
2016.02.26 03:05:51.325,0.67589,0.67605,1.10,2.70
2016.02.26 03:05:51.629,0.67589,0.67605,1.50,1.20
2016.02.26 03:05:52.303,0.67589,0.67605,2.25,1.20
2016.02.26 03:05:53.820,0.67589,0.67605,1.12,1.57
2016.02.26 03:05:54.357,0.6759,0.67605,1.00,1.20
2016.02.26 03:05:54.712,0.67588,0.67604,1.27,1.00
2016.02.26 03:05:54.813,0.67587,0.67604,1.27,2.40
2016.02.26 03:05:55.117,0.67584,0.67601,1.12,2.32
2016.02.26 03:05:55.269,0.67583,0.67599,1.10,1.50
2016.02.26 03:05:55.948,0.67583,0.67598,1.00,1.07
2016.02.26 03:05:56.466,0.67584,0.67599,1.00,1.12
2016.02.26 03:05:56.971,0.67585,0.67599,1.00,1.12
2016.02.26 03:05:57.073,0.67583,0.67599,1.00,1.12
2016.02.26 03:05:58.878,0.67583,0.676,1.50,1.95
2016.02.26 03:05:59.385,0.67584,0.676,1.00,1.95
2016.02.26 03:06:01.582,0.67583,0.676,1.50,1.95
2016.02.26 03:06:05.694,0.67583,0.67599,1.50,1.07
2016.02.26 03:06:07.823,0.67584,0.676,1.00,1.87
2016.02.26 03:06:08.128,0.67583,0.67599,1.87,1.12
2016.02.26 03:06:08.635,0.67584,0.67599,1.00,1.12
2016.02.26 03:06:09.143,0.67583,0.67597,1.50,1.12
2016.02.26 03:06:10.480,0.67583,0.67598,1.37,1.12
2016.02.26 03:06:10.793,0.67585,0.676,1.50,1.12
2016.02.26 03:06:11.147,0.67584,0.676,1.12,1.12
2016.02.26 03:06:11.654,0.67583,0.67599,2.25,1.07
2016.02.26 03:06:12.160,0.67586,0.67601,1.00,1.75
2016.02.26 03:06:14.797,0.67585,0.67601,1.87,1.12
2016.02.26 03:06:18.866,0.67586,0.67601,1.37,1.12
2016.02.26 03:06:19.018,0.67587,0.67603,1.12,1.87
2016.02.26 03:06:19.120,0.67587,0.67603,1.00,1.57
2016.02.26 03:06:19.171,0.67587,0.67604,1.50,2.62
2016.02.26 03:06:19.534,0.67586,0.67604,2.32,3.07
2016.02.26 03:06:21.152,0.67586,0.67604,2.32,3.37
2016.02.26 03:06:21.698,0.67587,0.67604,2.25,1.87
2016.02.26 03:06:22.507,0.67586,0.67604,2.25,3.75
2016.02.26 03:06:23.104,0.67588,0.67604,1.00,3.00
2016.02.26 03:06:23.711,0.67588,0.67604,1.00,1.57
2016.02.26 03:06:25.147,0.67587,0.67603,1.95,1.12
2016.02.26 03:06:25.605,0.67589,0.67604,1.00,1.57
2016.02.26 03:06:25.807,0.67587,0.67604,1.20,2.32
2016.02.26 03:06:28.237,0.67588,0.67604,1.00,3.07
2016.02.26 03:06:29.230,0.67589,0.67604,1.00,1.47
2016.02.26 03:06:29.433,0.67587,0.67604,1.95,1.57
2016.02.26 03:06:29.585,0.67587,0.67604,2.32,1.47
2016.02.26 03:06:29.687,0.67587,0.67604,1.95,1.57
2016.02.26 03:06:30.346,0.67586,0.67602,1.12,1.20
2016.02.26 03:06:30.397,0.67586,0.676,1.00,1.10
2016.02.26 03:06:30.747,0.67583,0.67599,1.00,1.12
2016.02.26 03:06:31.253,0.67582,0.67597,1.00,1.45
2016.02.26 03:06:31.759,0.67583,0.67597,1.00,1.45
2016.02.26 03:06:34.938,0.67582,0.67597,1.00,1.45
2016.02.26 03:06:35.242,0.67583,0.67597,1.00,1.75
2016.02.26 03:06:35.932,0.67584,0.67598,1.00,1.12
2016.02.26 03:06:36.490,0.67584,0.67599,1.00,1.12
2016.02.26 03:06:36.997,0.67584,0.67599,1.00,1.45
2016.02.26 03:06:37.504,0.67583,0.67599,1.00,1.45
2016.02.26 03:06:38.622,0.67584,0.67599,1.00,1.45
2016.02.26 03:06:40.524,0.67585,0.67599,1.00,1.45
2016.02.26 03:06:42.623,0.67584,0.67599,1.00,1.45
2016.02.26 03:06:42.724,0.67582,0.67599,1.12,1.87
2016.02.26 03:06:42.877,0.67584,0.676,1.00,2.25
2016.02.26 03:06:43.964,0.67583,0.676,1.50,2.25
2016.02.26 03:06:46.481,0.67584,0.676,1.00,1.75
2016.02.26 03:06:48.497,0.67585,0.676,1.00,1.75
2016.02.26 03:06:48.801,0.67586,0.67601,1.00,1.20
2016.02.26 03:06:50.503,0.67587,0.67603,1.12,2.25
2016.02.26 03:06:50.706,0.67587,0.67604,1.12,2.62
2016.02.26 03:06:51.246,0.67588,0.67604,1.00,1.12
2016.02.26 03:06:52.783,0.67587,0.67604,1.12,1.87
2016.02.26 03:06:53.760,0.67588,0.67604,1.00,1.12
2016.02.26 03:06:54.637,0.67587,0.67604,1.12,1.87
2016.02.26 03:06:55.434,0.67587,0.67605,2.40,3.00
2016.02.26 03:06:56.760,0.67589,0.67605,1.37,1.50
2016.02.26 03:06:57.267,0.67588,0.67604,1.57,1.00
2016.02.26 03:06:57.783,0.67588,0.67605,1.57,2.70
2016.02.26 03:06:59.016,0.67591,0.67605,1.00,1.95
2016.02.26 03:06:59.320,0.67591,0.67605,1.00,1.10
2016.02.26 03:07:00.334,0.67588,0.67605,3.45,1.12
2016.02.26 03:07:00.840,0.67588,0.67605,1.95,1.20
2016.02.26 03:07:01.343,0.67591,0.67605,1.00,1.10
2016.02.26 03:07:01.932,0.67591,0.67605,1.00,1.47
2016.02.26 03:07:02.439,0.67588,0.67605,1.95,1.47
2016.02.26 03:07:03.562,0.67589,0.67605,1.00,1.95
2016.02.26 03:07:04.068,0.67587,0.67604,2.32,2.25
2016.02.26 03:07:04.683,0.67587,0.67603,2.25,1.07
2016.02.26 03:07:05.298,0.67587,0.67603,1.12,1.07
2016.02.26 03:07:05.450,0.67586,0.67602,1.50,1.57
2016.02.26 03:07:06.386,0.67586,0.67602,1.95,1.07
2016.02.26 03:07:07.153,0.67586,0.67602,1.10,1.95
2016.02.26 03:07:07.546,0.67585,0.67601,1.07,1.57
2016.02.26 03:07:07.598,0.67584,0.67599,1.12,1.37
2016.02.26 03:07:08.709,0.67584,0.67599,1.00,1.87
2016.02.26 03:07:09.063,0.67582,0.67596,1.00,1.10
2016.02.26 03:07:09.762,0.67582,0.67596,1.00,1.47
2016.02.26 03:07:09.814,0.6758,0.67596,2.25,1.47
2016.02.26 03:07:10.321,0.6758,0.67597,1.87,2.25
2016.02.26 03:07:16.200,0.6758,0.67596,2.62,1.47
2016.02.26 03:07:16.599,0.67583,0.67598,1.37,1.20
2016.02.26 03:07:16.953,0.67585,0.676,1.00,1.20
2016.02.26 03:07:22.456,0.67584,0.676,2.32,1.10
2016.02.26 03:07:22.963,0.67586,0.676,1.00,1.10
2016.02.26 03:07:24.574,0.67586,0.67601,1.12,1.00
2016.02.26 03:07:25.915,0.67585,0.67601,1.50,1.00
2016.02.26 03:07:27.416,0.67587,0.67601,2.32,1.00
2016.02.26 03:07:27.568,0.67589,0.67605,1.87,1.87
2016.02.26 03:07:27.721,0.6759,0.67605,1.37,1.50
2016.02.26 03:07:28.374,0.67592,0.67606,1.57,1.00
2016.02.26 03:07:28.678,0.67593,0.67606,1.75,1.00
2016.02.26 03:07:33.111,0.67594,0.67608,3.00,1.00
2016.02.26 03:07:33.314,0.67595,0.6761,1.50,1.00
2016.02.26 03:07:34.270,0.67596,0.67611,1.50,1.00
2016.02.26 03:07:34.523,0.67597,0.67614,1.37,1.50
2016.02.26 03:07:34.827,0.67602,0.67616,1.12,1.00
2016.02.26 03:07:35.131,0.67602,0.67616,1.87,1.00
2016.02.26 03:07:35.518,0.676,0.67615,1.50,1.50
2016.02.26 03:07:39.575,0.67601,0.67615,1.00,1.00
2016.02.26 03:07:40.233,0.676,0.6761,1.00,1.00
2016.02.26 03:07:40.600,0.67593,0.67609,1.50,1.50
2016.02.26 03:07:40.804,0.67593,0.67607,1.00,1.00
2016.02.26 03:07:41.260,0.67593,0.67608,1.50,1.00
2016.02.26 03:07:41.587,0.67595,0.67612,1.37,1.37
2016.02.26 03:07:41.639,0.67597,0.67612,1.75,1.00
2016.02.26 03:07:42.197,0.67597,0.67613,1.75,1.00
2016.02.26 03:07:44.501,0.67597,0.67615,2.25,1.50
2016.02.26 03:07:44.857,0.67597,0.67612,1.75,1.00
2016.02.26 03:07:45.691,0.67597,0.67615,2.25,2.25
2016.02.26 03:07:47.032,0.67597,0.67615,3.00,1.50
2016.02.26 03:07:49.058,0.67597,0.67615,2.25,1.87
2016.02.26 03:07:49.403,0.67597,0.67612,1.75,1.00
2016.02.26 03:07:49.808,0.67597,0.67614,1.50,1.12
2016.02.26 03:07:50.865,0.67597,0.67613,1.75,1.00
2016.02.26 03:07:51.371,0.67597,0.67613,1.50,1.00
2016.02.26 03:07:52.874,0.67596,0.67614,3.00,1.50
2016.02.26 03:07:59.968,0.67596,0.67614,2.25,1.00
2016.02.26 03:08:00.463,0.67599,0.67613,1.37,1.00
2016.02.26 03:08:00.574,0.67599,0.67615,1.50,1.00
2016.02.26 03:08:01.081,0.67599,0.67615,1.50,1.00
2016.02.26 03:08:02.153,0.67599,0.67616,1.50,1.00
2016.02.26 03:08:02.494,0.67598,0.67615,1.37,1.37
2016.02.26 03:08:02.798,0.67595,0.67611,1.00,1.50
2016.02.26 03:08:02.900,0.67595,0.67611,1.00,1.37
2016.02.26 03:08:04.422,0.67594,0.67609,1.50,1.00
2016.02.26 03:08:05.275,0.67595,0.67609,1.00,1.00
2016.02.26 03:08:05.687,0.67595,0.67612,2.62,1.00
2016.02.26 03:08:06.196,0.67597,0.67613,1.00,1.00
2016.02.26 03:08:06.893,0.67597,0.67615,1.87,1.50
2016.02.26 03:08:06.996,0.67598,0.67616,1.37,3.15
2016.02.26 03:08:07.505,0.67598,0.67616,1.50,3.00
2016.02.26 03:08:08.090,0.67598,0.67616,1.12,3.00
2016.02.26 03:08:08.599,0.67597,0.67614,1.12,1.12
2016.02.26 03:08:08.791,0.67597,0.67612,1.00,1.00
2016.02.26 03:08:08.842,0.67595,0.67612,2.25,1.50
2016.02.26 03:08:08.994,0.67595,0.67612,1.50,1.50
2016.02.26 03:08:09.907,0.67595,0.67611,2.25,2.25
2016.02.26 03:08:10.575,0.67595,0.67611,1.50,2.25
2016.02.26 03:08:11.082,0.67595,0.67611,1.00,2.32
2016.02.26 03:08:11.133,0.67595,0.67611,1.00,1.57
2016.02.26 03:08:11.640,0.67595,0.67611,1.00,2.32
2016.02.26 03:08:13.571,0.67593,0.67609,1.50,1.12
2016.02.26 03:08:13.875,0.67595,0.67609,1.00,1.50
2016.02.26 03:08:15.965,0.67596,0.67609,1.00,1.50
2016.02.26 03:08:19.843,0.67594,0.6761,1.00,1.75
2016.02.26 03:08:20.674,0.67593,0.67608,1.50,1.50
2016.02.26 03:08:22.578,0.67589,0.67606,2.40,1.87
2016.02.26 03:08:22.629,0.67589,0.67605,2.25,1.37
2016.02.26 03:08:22.882,0.67583,0.67599,1.50,1.87
2016.02.26 03:08:22.933,0.67583,0.676,2.32,1.00
2016.02.26 03:08:23.237,0.67587,0.67601,1.00,1.00
2016.02.26 03:08:23.439,0.67584,0.67601,1.57,1.00
2016.02.26 03:08:26.665,0.67584,0.67602,2.32,1.87
2016.02.26 03:08:27.190,0.67584,0.67601,1.12,1.12
2016.02.26 03:08:29.155,0.67584,0.67601,1.50,1.50
2016.02.26 03:08:30.894,0.67584,0.676,1.50,1.00
2016.02.26 03:08:31.046,0.67584,0.67598,1.12,1.00
2016.02.26 03:08:31.350,0.67581,0.67592,1.00,1.00
2016.02.26 03:08:31.401,0.67578,0.67592,1.87,1.00
2016.02.26 03:08:31.452,0.67578,0.67589,1.00,1.00
2016.02.26 03:08:31.554,0.67576,0.67589,1.12,1.00
2016.02.26 03:08:31.757,0.67574,0.67588,1.50,1.12
2016.02.26 03:08:36.711,0.67574,0.67587,1.50,1.00
2016.02.26 03:08:40.715,0.67574,0.67585,1.00,1.00
2016.02.26 03:08:41.229,0.67573,0.67585,1.00,1.12
2016.02.26 03:08:41.779,0.67573,0.67584,1.00,1.00
2016.02.26 03:08:46.433,0.6757,0.67583,1.00,1.00
2016.02.26 03:08:46.990,0.67569,0.67583,1.00,1.00
2016.02.26 03:08:49.501,0.67569,0.67581,1.00,1.00
2016.02.26 03:08:50.439,0.67569,0.67583,1.12,1.00
2016.02.26 03:08:54.474,0.67569,0.67583,1.50,1.00
2016.02.26 03:08:56.478,0.67571,0.67583,1.00,1.00
2016.02.26 03:08:56.681,0.67569,0.67583,1.12,1.00
2016.02.26 03:08:56.931,0.67569,0.67581,1.12,1.00
2016.02.26 03:08:58.789,0.6757,0.67581,1.00,1.00
2016.02.26 03:08:59.439,0.6757,0.67584,1.00,1.00
2016.02.26 03:09:00.253,0.6757,0.67583,1.12,1.00
2016.02.26 03:09:00.796,0.6757,0.67584,1.12,1.00
2016.02.26 03:09:02.605,0.6757,0.67585,1.12,1.00
2016.02.26 03:09:02.707,0.67573,0.67585,1.00,1.00
2016.02.26 03:09:03.407,0.67573,0.67588,1.12,1.12
2016.02.26 03:09:03.934,0.67574,0.67588,1.00,1.00
2016.02.26 03:09:04.264,0.67573,0.67586,1.50,1.00
2016.02.26 03:09:04.315,0.67573,0.67588,1.50,1.00
2016.02.26 03:09:04.865,0.67573,0.67588,1.50,1.00
2016.02.26 03:09:07.679,0.67575,0.67588,1.00,1.00
2016.02.26 03:09:07.730,0.67576,0.67591,1.00,1.87
2016.02.26 03:09:07.781,0.67579,0.67591,1.00,1.50
2016.02.26 03:09:07.883,0.67582,0.67596,1.00,1.57
2016.02.26 03:09:08.136,0.67582,0.67598,1.12,1.50
2016.02.26 03:09:08.622,0.67587,0.67599,1.00,1.00
2016.02.26 03:09:08.678,0.67588,0.67601,1.00,1.00
2016.02.26 03:09:08.882,0.67585,0.67601,1.87,1.00
2016.02.26 03:09:10.237,0.67585,0.67598,1.87,1.00
2016.02.26 03:09:13.751,0.67585,0.67597,1.00,1.00
2016.02.26 03:09:41.912,0.67583,0.67594,1.12,1.00
2016.02.26 03:09:42.216,0.67583,0.67592,1.00,1.00
2016.02.26 03:09:46.320,0.67583,0.67591,1.00,1.00
2016.02.26 03:09:46.587,0.6758,0.67591,1.00,1.00
2016.02.26 03:09:46.639,0.67576,0.67589,1.00,1.00
2016.02.26 03:09:46.740,0.67576,0.67587,1.50,1.00
2016.02.26 03:09:47.480,0.67575,0.67587,1.00,1.00
2016.02.26 03:09:47.784,0.67574,0.67584,1.00,1.00
2016.02.26 03:09:48.100,0.67572,0.67581,1.00,1.12
2016.02.26 03:09:50.557,0.67569,0.67581,1.50,1.12
2016.02.26 03:09:51.210,0.67568,0.67581,2.25,1.00
2016.02.26 03:09:53.445,0.67568,0.6758,2.25,1.00
2016.02.26 03:09:54.342,0.67569,0.6758,1.00,1.00
2016.02.26 03:09:54.844,0.67568,0.6758,2.25,1.00
2016.02.26 03:09:56.302,0.67569,0.6758,1.50,1.00
2016.02.26 03:09:56.638,0.67569,0.67582,1.50,1.50
2016.02.26 03:09:57.155,0.6757,0.67582,1.00,1.50
2016.02.26 03:10:02.003,0.6757,0.6758,1.00,1.00
2016.02.26 03:10:02.289,0.6757,0.67582,1.00,1.50
2016.02.26 03:10:02.897,0.67569,0.67582,1.00,1.50
2016.02.26 03:10:04.945,0.67569,0.67581,1.50,1.00
2016.02.26 03:10:06.661,0.67566,0.67581,1.00,1.12
2016.02.26 03:10:10.078,0.67566,0.67579,1.00,1.00
2016.02.26 03:10:22.380,0.67565,0.67579,2.62,1.00
2016.02.26 03:10:23.577,0.67565,0.67577,2.25,1.00
2016.02.26 03:10:24.398,0.67565,0.67579,2.25,1.00
2016.02.26 03:10:26.373,0.67565,0.67577,1.50,1.00
2016.02.26 03:10:26.678,0.67561,0.67571,1.87,1.00
2016.02.26 03:10:26.983,0.67554,0.67565,2.62,1.00
2016.02.26 03:10:27.195,0.67554,0.67562,1.87,1.00
2016.02.26 03:10:27.804,0.67553,0.67562,1.50,1.00
2016.02.26 03:10:28.260,0.67553,0.6756,1.00,1.00
2016.02.26 03:10:29.294,0.67553,0.67562,1.00,1.00
2016.02.26 03:10:34.459,0.67553,0.67561,1.00,1.00
2016.02.26 03:10:37.579,0.67548,0.67561,1.00,1.00
2016.02.26 03:10:37.630,0.67548,0.67559,1.00,1.00
2016.02.26 03:10:37.883,0.67546,0.67559,1.00,1.00
2016.02.26 03:10:40.091,0.67546,0.67557,1.00,1.00
2016.02.26 03:10:40.597,0.67545,0.67557,1.87,1.00
2016.02.26 03:10:43.025,0.67547,0.67557,1.00,1.00
2016.02.26 03:10:43.447,0.67547,0.67559,1.00,1.00
2016.02.26 03:10:43.961,0.67546,0.67559,1.50,1.00
2016.02.26 03:10:44.851,0.67547,0.67559,1.00,1.00
2016.02.26 03:10:45.357,0.67545,0.67559,2.25,1.00
2016.02.26 03:10:46.962,0.67546,0.67558,1.12,1.00
2016.02.26 03:10:50.222,0.67546,0.6756,1.87,1.00
2016.02.26 03:10:50.424,0.67548,0.6756,1.00,1.00
2016.02.26 03:10:50.766,0.67547,0.67557,1.00,1.00
2016.02.26 03:10:51.277,0.67546,0.67557,1.00,1.00
2016.02.26 03:10:51.733,0.67546,0.67559,1.50,1.00
2016.02.26 03:10:52.895,0.67546,0.67563,1.50,1.50
2016.02.26 03:10:53.098,0.67548,0.67563,1.00,1.50
2016.02.26 03:10:53.402,0.6755,0.67565,1.00,3.75
2016.02.26 03:10:53.908,0.67551,0.67565,1.50,1.00
2016.02.26 03:10:53.959,0.67553,0.67568,1.00,1.12
2016.02.26 03:10:54.375,0.67558,0.67572,1.37,1.75
2016.02.26 03:10:54.426,0.67561,0.67572,1.00,1.00
2016.02.26 03:10:54.477,0.67561,0.67576,1.00,2.62
2016.02.26 03:10:54.529,0.67559,0.67576,1.12,2.62
2016.02.26 03:10:54.782,0.67561,0.67576,1.00,1.87
2016.02.26 03:10:55.088,0.67563,0.67576,1.00,1.00
2016.02.26 03:10:55.736,0.67563,0.67577,2.25,1.00
2016.02.26 03:10:56.499,0.67563,0.67578,1.00,1.45
2016.02.26 03:10:56.982,0.67563,0.67574,1.00,1.50
2016.02.26 03:10:57.036,0.67556,0.67571,1.57,1.00
2016.02.26 03:10:57.188,0.67555,0.67571,1.00,2.32
2016.02.26 03:10:57.492,0.67552,0.67566,1.50,1.37
2016.02.26 03:10:57.594,0.67548,0.67566,1.61,2.25
2016.02.26 03:10:58.101,0.67548,0.67565,1.50,1.12
2016.02.26 03:10:58.393,0.6756,0.67566,1.47,1.00
2016.02.26 03:10:58.446,0.67563,0.67576,1.00,1.75
2016.02.26 03:10:58.743,0.67568,0.67581,1.00,2.62
2016.02.26 03:10:58.946,0.67568,0.67582,1.00,1.00
2016.02.26 03:10:58.997,0.6757,0.67582,1.00,1.00
2016.02.26 03:10:59.324,0.6757,0.67584,1.00,1.95
2016.02.26 03:10:59.832,0.67571,0.67585,1.00,1.50
2016.02.26 03:11:00.327,0.67569,0.67584,1.00,1.00
2016.02.26 03:11:00.378,0.67577,0.67584,1.00,1.00
2016.02.26 03:11:00.429,0.67577,0.67589,1.00,1.50
2016.02.26 03:11:00.531,0.67574,0.67588,1.12,1.37
2016.02.26 03:11:00.582,0.67573,0.67588,1.50,1.10
2016.02.26 03:11:00.734,0.67572,0.67588,1.00,1.87
2016.02.26 03:11:00.937,0.67568,0.67584,1.12,1.47
2016.02.26 03:11:01.190,0.67566,0.67582,1.00,1.37
2016.02.26 03:11:01.644,0.67568,0.67581,1.00,1.12
2016.02.26 03:11:02.150,0.67568,0.67582,1.00,1.57
2016.02.26 03:11:02.201,0.67565,0.67582,1.00,1.57
2016.02.26 03:11:02.252,0.67568,0.67582,1.00,1.95
2016.02.26 03:11:02.303,0.67565,0.67582,1.12,1.95
2016.02.26 03:11:03.209,0.67565,0.67582,1.00,1.95
2016.02.26 03:11:03.628,0.67565,0.67582,1.12,1.65
2016.02.26 03:11:03.730,0.67567,0.67583,1.00,3.00
2016.02.26 03:11:04.033,0.67571,0.67585,1.50,1.00
2016.02.26 03:11:04.135,0.6757,0.67585,1.50,1.50
2016.02.26 03:11:04.236,0.67568,0.67584,1.12,1.20
2016.02.26 03:11:04.338,0.67566,0.67583,1.12,2.25
2016.02.26 03:11:04.998,0.67567,0.67582,1.00,1.20
2016.02.26 03:11:05.050,0.67564,0.67581,1.00,1.85
2016.02.26 03:11:05.101,0.67566,0.67581,1.00,1.85
2016.02.26 03:11:05.607,0.67566,0.67581,1.00,1.57
2016.02.26 03:11:05.911,0.67568,0.67584,1.00,3.00
2016.02.26 03:11:06.678,0.67569,0.67584,1.00,1.57
2016.02.26 03:11:06.730,0.67569,0.67584,1.00,1.57
2016.02.26 03:11:07.036,0.67571,0.67584,1.00,1.87
2016.02.26 03:11:07.798,0.67573,0.67583,1.00,1.00
2016.02.26 03:11:08.344,0.67572,0.67584,1.00,1.37
2016.02.26 03:11:08.597,0.67568,0.67581,1.12,1.00
2016.02.26 03:11:08.953,0.67568,0.67581,1.00,2.25
2016.02.26 03:11:09.004,0.67565,0.67579,1.00,1.00
2016.02.26 03:11:09.309,0.67565,0.67581,1.37,2.25
2016.02.26 03:11:09.589,0.67569,0.67584,1.00,1.57
2016.02.26 03:11:09.894,0.67572,0.67586,1.00,1.87
2016.02.26 03:11:10.197,0.67575,0.67588,1.00,1.12
2016.02.26 03:11:10.780,0.67573,0.67587,1.00,1.00
2016.02.26 03:11:10.887,0.67575,0.67587,1.00,1.00
2016.02.26 03:11:11.191,0.67577,0.67587,1.00,1.00
2016.02.26 03:11:11.445,0.67577,0.6759,1.00,1.20
2016.02.26 03:11:11.546,0.67579,0.6759,1.00,1.12
2016.02.26 03:11:11.648,0.67579,0.67592,1.00,1.20
2016.02.26 03:11:11.699,0.67576,0.67592,1.12,1.27
2016.02.26 03:11:11.750,0.67579,0.67591,1.00,1.00
2016.02.26 03:11:12.054,0.67576,0.67591,1.00,1.00
2016.02.26 03:11:12.513,0.67575,0.67589,1.12,1.00
2016.02.26 03:11:13.021,0.67578,0.6759,1.00,1.00
2016.02.26 03:11:13.327,0.67581,0.67591,1.00,1.00
2016.02.26 03:11:13.378,0.67578,0.67591,1.37,1.00
2016.02.26 03:11:13.431,0.67581,0.67593,1.00,1.00
2016.02.26 03:11:13.634,0.67579,0.67593,1.12,1.00
2016.02.26 03:11:14.015,0.67578,0.67589,1.00,1.00
2016.02.26 03:11:14.067,0.67574,0.67588,1.12,1.00
2016.02.26 03:11:14.119,0.67576,0.67588,1.00,1.00
2016.02.26 03:11:14.273,0.67576,0.6759,1.00,1.12
2016.02.26 03:11:14.790,0.67578,0.67592,1.00,1.57
2016.02.26 03:11:15.225,0.67582,0.67593,1.00,1.12
2016.02.26 03:11:15.621,0.67579,0.67593,1.00,1.10
2016.02.26 03:11:15.826,0.67579,0.67591,1.00,1.00
2016.02.26 03:11:16.181,0.67577,0.67591,1.00,1.00
2016.02.26 03:11:16.384,0.67579,0.67591,1.00,1.00
2016.02.26 03:11:16.687,0.67581,0.67594,1.00,1.27
2016.02.26 03:11:17.027,0.67583,0.67595,1.00,1.12
2016.02.26 03:11:17.330,0.67585,0.67596,1.00,1.50
2016.02.26 03:11:17.583,0.67583,0.67596,1.00,1.00
2016.02.26 03:11:17.634,0.67585,0.67596,1.00,1.00
2016.02.26 03:11:18.190,0.67582,0.67596,1.12,1.87
2016.02.26 03:11:18.342,0.67585,0.67594,1.00,1.00
2016.02.26 03:11:18.687,0.67585,0.67596,1.00,1.95
2016.02.26 03:11:19.194,0.67586,0.67597,1.00,1.00
2016.02.26 03:11:19.448,0.67587,0.67599,1.00,1.20
2016.02.26 03:11:19.803,0.67589,0.67599,1.00,1.20
2016.02.26 03:11:19.955,0.67589,0.67601,1.00,1.95
2016.02.26 03:11:20.006,0.67589,0.67599,1.00,1.00
2016.02.26 03:11:20.508,0.6759,0.67601,1.00,1.00
2016.02.26 03:11:21.248,0.6759,0.67604,1.00,1.07
2016.02.26 03:11:21.350,0.6759,0.67601,1.00,1.00
2016.02.26 03:11:21.553,0.6759,0.67604,1.00,1.10
2016.02.26 03:11:21.852,0.67588,0.67601,1.12,1.00
2016.02.26 03:11:22.309,0.67586,0.676,1.00,1.12
2016.02.26 03:11:22.867,0.67586,0.67599,1.00,1.00
2016.02.26 03:11:23.020,0.67588,0.67599,1.00,1.00
2016.02.26 03:11:23.496,0.67591,0.67603,1.00,1.57
2016.02.26 03:11:23.699,0.67588,0.67603,1.00,1.20
2016.02.26 03:11:23.903,0.6759,0.67602,1.00,1.10
2016.02.26 03:11:24.409,0.67589,0.67603,1.00,1.57
2016.02.26 03:11:24.763,0.67587,0.67602,1.00,1.57
2016.02.26 03:11:25.252,0.67586,0.67602,1.00,1.95
2016.02.26 03:11:25.760,0.67587,0.67599,1.00,1.00
2016.02.26 03:11:25.861,0.67584,0.676,1.00,1.20
2016.02.26 03:11:26.064,0.67584,0.67597,1.00,1.00
2016.02.26 03:11:26.166,0.67584,0.67599,1.00,1.57
2016.02.26 03:11:26.353,0.67582,0.67599,1.12,1.57
2016.02.26 03:11:26.658,0.67582,0.67595,1.00,1.00
2016.02.26 03:11:26.709,0.67582,0.67597,1.00,1.12
2016.02.26 03:11:27.473,0.67582,0.67597,1.00,1.37
2016.02.26 03:11:28.095,0.6758,0.67596,1.37,1.12
2016.02.26 03:11:28.604,0.67579,0.67595,1.87,1.12
2016.02.26 03:11:29.013,0.67579,0.67595,1.00,2.25
2016.02.26 03:11:29.066,0.67577,0.67595,2.25,3.07
2016.02.26 03:11:29.118,0.67575,0.67591,1.87,1.00
2016.02.26 03:11:29.272,0.67574,0.67589,1.87,1.12
2016.02.26 03:11:32.678,0.67574,0.6759,1.50,1.00
2016.02.26 03:11:36.976,0.67574,0.6759,1.00,1.50
2016.02.26 03:11:37.280,0.67574,0.6759,1.00,1.75
2016.02.26 03:11:37.837,0.67571,0.67587,1.87,1.50
2016.02.26 03:11:37.939,0.67569,0.67583,1.20,1.00
2016.02.26 03:11:38.294,0.67566,0.6758,1.47,1.00
2016.02.26 03:11:38.568,0.67566,0.67582,1.87,1.12
2016.02.26 03:11:40.181,0.67565,0.67582,1.00,2.25
2016.02.26 03:11:40.424,0.67564,0.67579,1.00,1.50
2016.02.26 03:11:40.740,0.67558,0.67574,1.12,1.37
2016.02.26 03:11:41.095,0.67556,0.67573,1.12,1.12
2016.02.26 03:11:41.601,0.67556,0.67572,1.12,1.00
2016.02.26 03:11:44.161,0.67556,0.67573,1.12,1.12
2016.02.26 03:11:47.457,0.67556,0.67573,1.50,1.12
2016.02.26 03:11:47.998,0.67556,0.67573,1.75,1.12
2016.02.26 03:11:50.467,0.67556,0.67572,3.75,1.00
2016.02.26 03:11:53.092,0.67557,0.67573,2.25,1.12
2016.02.26 03:11:59.048,0.67559,0.67574,1.12,1.37
2016.02.26 03:11:59.151,0.67559,0.67575,2.25,1.00
2016.02.26 03:11:59.702,0.67559,0.67574,1.75,1.00
2016.02.26 03:12:01.158,0.67559,0.67576,1.75,1.87
2016.02.26 03:12:01.361,0.67559,0.67574,1.75,1.00
2016.02.26 03:12:11.307,0.6756,0.67574,1.00,1.00
2016.02.26 03:12:15.130,0.6756,0.67575,1.00,1.00
2016.02.26 03:12:15.433,0.6756,0.67572,1.00,1.00
2016.02.26 03:12:17.087,0.67559,0.67572,1.12,1.00
2016.02.26 03:12:19.407,0.67559,0.67573,1.12,1.00
2016.02.26 03:12:21.474,0.67558,0.67573,1.12,1.00
2016.02.26 03:12:22.017,0.67558,0.67572,1.12,1.00
2016.02.26 03:12:23.827,0.67558,0.67573,1.12,1.00
2016.02.26 03:12:24.383,0.67559,0.67575,1.00,1.12
2016.02.26 03:12:26.448,0.67559,0.67576,1.50,1.50
2016.02.26 03:12:27.173,0.67559,0.67575,1.50,1.00
2016.02.26 03:12:27.682,0.67562,0.67577,1.00,1.37
2016.02.26 03:12:28.266,0.67562,0.67579,1.00,1.50
2016.02.26 03:12:29.026,0.67562,0.6758,1.87,1.50
2016.02.26 03:12:29.128,0.67562,0.6758,2.25,1.12
2016.02.26 03:12:29.230,0.67562,0.67579,1.00,1.50
2016.02.26 03:12:30.237,0.67562,0.67579,1.50,1.50
2016.02.26 03:12:30.749,0.67562,0.67578,1.50,1.00
2016.02.26 03:12:31.455,0.67562,0.67577,1.12,1.12
2016.02.26 03:12:31.607,0.67559,0.67577,2.70,1.12
2016.02.26 03:12:31.861,0.67559,0.67575,2.25,1.00
2016.02.26 03:12:32.407,0.6756,0.67576,1.00,1.00
2016.02.26 03:12:34.859,0.67561,0.67576,1.00,1.00
2016.02.26 03:12:35.265,0.67559,0.67577,1.50,1.75
2016.02.26 03:12:35.772,0.67559,0.67577,1.87,1.50
2016.02.26 03:12:40.081,0.67557,0.67575,3.82,1.37
2016.02.26 03:12:40.334,0.67557,0.67574,1.10,1.50
2016.02.26 03:12:40.537,0.67555,0.67572,1.87,1.12
2016.02.26 03:12:41.387,0.67556,0.67574,1.00,2.25
2016.02.26 03:12:41.901,0.67555,0.67573,3.45,1.50
2016.02.26 03:12:42.457,0.67555,0.67573,2.25,1.50
2016.02.26 03:12:42.659,0.67555,0.67571,1.00,1.12
2016.02.26 03:12:47.536,0.67556,0.67572,1.00,1.50
2016.02.26 03:12:47.816,0.67556,0.67573,2.25,1.00
2016.02.26 03:12:48.334,0.67556,0.67574,3.00,1.12
2016.02.26 03:12:48.885,0.67558,0.67574,1.00,1.12
2016.02.26 03:12:49.997,0.67558,0.67573,1.00,1.00
2016.02.26 03:12:50.503,0.67558,0.67574,1.00,1.12
2016.02.26 03:12:51.042,0.67558,0.67573,1.00,1.00
2016.02.26 03:12:51.556,0.67557,0.67573,1.00,1.12
2016.02.26 03:12:52.813,0.67556,0.67573,1.87,1.12
2016.02.26 03:12:57.105,0.67556,0.67573,1.00,1.75
2016.02.26 03:12:57.640,0.67555,0.67572,1.00,1.75
2016.02.26 03:13:00.316,0.67555,0.67571,1.87,1.00
2016.02.26 03:13:05.742,0.67557,0.67573,1.12,1.47
2016.02.26 03:13:05.944,0.67557,0.67574,1.12,1.12
2016.02.26 03:13:06.797,0.67557,0.67573,1.12,1.00
2016.02.26 03:13:07.101,0.67557,0.67573,1.37,1.00
2016.02.26 03:13:07.152,0.67558,0.67576,2.25,1.87
2016.02.26 03:13:07.203,0.67558,0.67576,2.32,1.50
2016.02.26 03:13:07.544,0.67567,0.6758,1.00,1.12
2016.02.26 03:13:07.598,0.67568,0.67582,1.00,1.00
2016.02.26 03:13:07.650,0.67568,0.67582,1.37,1.12
2016.02.26 03:13:07.806,0.67563,0.67579,1.00,1.50
2016.02.26 03:13:08.495,0.67562,0.67578,1.00,1.20
2016.02.26 03:13:09.020,0.67562,0.67577,1.00,1.00
2016.02.26 03:13:09.613,0.67562,0.67577,1.37,1.00
2016.02.26 03:13:09.918,0.67561,0.67576,1.12,1.00
2016.02.26 03:13:10.557,0.6756,0.67576,2.25,1.00
2016.02.26 03:13:11.080,0.6756,0.67576,2.25,1.00
2016.02.26 03:13:11.874,0.67561,0.67577,1.12,1.00
2016.02.26 03:13:12.438,0.67562,0.67577,1.00,1.00
2016.02.26 03:13:13.968,0.67563,0.67577,1.00,1.00
2016.02.26 03:13:14.515,0.67563,0.67578,1.12,1.20
2016.02.26 03:13:16.745,0.67561,0.67578,1.00,2.32
2016.02.26 03:13:17.246,0.67561,0.67578,1.12,1.95
2016.02.26 03:13:17.754,0.67562,0.67578,1.00,1.20
2016.02.26 03:13:18.588,0.67563,0.67579,1.12,1.00
2016.02.26 03:13:19.106,0.67564,0.67579,1.50,1.00
2016.02.26 03:13:23.071,0.67562,0.67579,1.12,1.12
2016.02.26 03:13:23.874,0.67564,0.67579,1.00,1.12
2016.02.26 03:13:23.976,0.67562,0.67579,1.12,1.12
2016.02.26 03:13:24.433,0.67561,0.67577,1.87,1.00
2016.02.26 03:13:24.737,0.6756,0.67575,1.00,1.12
2016.02.26 03:13:26.641,0.67559,0.67575,1.87,1.00
2016.02.26 03:13:26.996,0.67559,0.67574,1.87,1.12
2016.02.26 03:13:31.085,0.6756,0.67574,1.00,1.50
2016.02.26 03:13:31.203,0.6756,0.67575,1.00,1.12
2016.02.26 03:13:32.706,0.67561,0.67576,1.00,1.75
2016.02.26 03:13:33.571,0.67561,0.67576,1.37,1.75
2016.02.26 03:13:34.108,0.6756,0.67576,2.25,1.50
2016.02.26 03:13:38.683,0.67563,0.67576,1.00,1.50
2016.02.26 03:13:38.786,0.67565,0.67576,1.00,1.00
2016.02.26 03:13:39.090,0.67567,0.67576,2.32,1.00
2016.02.26 03:13:39.194,0.67567,0.67579,2.32,1.00
2016.02.26 03:13:39.245,0.67567,0.67585,2.32,1.20
2016.02.26 03:13:39.752,0.6757,0.67586,1.00,2.32
2016.02.26 03:13:40.083,0.67567,0.67584,1.57,1.07
2016.02.26 03:13:40.595,0.67566,0.67584,1.95,1.57
2016.02.26 03:13:41.101,0.67566,0.67584,1.50,1.87
2016.02.26 03:13:47.500,0.67568,0.67584,1.00,2.25
2016.02.26 03:13:59.810,0.67567,0.67583,1.85,1.10
2016.02.26 03:14:00.016,0.67568,0.67585,1.65,1.20
2016.02.26 03:14:04.107,0.67568,0.67584,2.40,1.00
2016.02.26 03:14:07.436,0.67568,0.67584,2.40,1.00
2016.02.26 03:14:07.537,0.67568,0.67584,2.40,1.00
2016.02.26 03:14:07.639,0.67567,0.67584,1.50,1.00
2016.02.26 03:14:09.541,0.67567,0.67585,2.25,1.20
2016.02.26 03:14:10.312,0.67568,0.67584,1.20,1.00
2016.02.26 03:14:19.672,0.67566,0.67582,1.95,1.00
2016.02.26 03:14:20.218,0.67566,0.67582,1.12,1.12
2016.02.26 03:14:22.554,0.67566,0.67582,1.87,1.87
2016.02.26 03:14:24.112,0.67566,0.67582,1.20,1.50
2016.02.26 03:14:25.479,0.67566,0.67583,1.20,1.50
2016.02.26 03:14:26.684,0.67567,0.67584,1.95,1.50
2016.02.26 03:14:27.042,0.67569,0.67583,1.20,1.00
2016.02.26 03:14:27.348,0.67573,0.67587,1.85,1.50
2016.02.26 03:14:27.894,0.67575,0.67588,1.95,1.00
2016.02.26 03:14:28.401,0.67575,0.67587,1.45,1.00
2016.02.26 03:14:28.928,0.67575,0.67588,1.45,1.50
2016.02.26 03:14:29.629,0.67575,0.67589,1.95,1.00
2016.02.26 03:14:34.862,0.67575,0.67586,1.37,1.00
2016.02.26 03:14:35.343,0.67575,0.67586,1.12,1.00
2016.02.26 03:14:35.863,0.67573,0.67586,1.57,1.00
2016.02.26 03:14:37.601,0.67572,0.67585,1.95,1.00
2016.02.26 03:14:37.754,0.67571,0.67584,2.25,1.00
2016.02.26 03:14:40.826,0.67572,0.67584,1.50,1.00
2016.02.26 03:14:49.608,0.67574,0.67584,1.00,1.00
2016.02.26 03:14:49.733,0.67574,0.67587,1.00,2.25
2016.02.26 03:14:49.834,0.67576,0.67587,1.00,1.00
2016.02.26 03:14:49.885,0.67576,0.67589,1.00,1.10
2016.02.26 03:14:50.088,0.67576,0.6759,1.87,1.50
2016.02.26 03:14:54.196,0.67578,0.6759,1.00,1.50
2016.02.26 03:14:54.703,0.67576,0.67589,1.57,1.00
2016.02.26 03:14:56.725,0.67576,0.6759,1.57,2.32
2016.02.26 03:14:58.668,0.67575,0.67589,1.87,1.00
2016.02.26 03:14:59.186,0.67575,0.67589,1.50,1.50
2016.02.26 03:14:59.491,0.67575,0.67587,1.12,1.00
2016.02.26 03:15:01.449,0.67574,0.67588,1.57,1.50
2016.02.26 03:15:02.720,0.67576,0.67588,1.00,1.57
2016.02.26 03:15:04.053,0.67577,0.67588,1.00,1.10
2016.02.26 03:15:04.566,0.67576,0.67589,1.50,2.25
2016.02.26 03:15:05.823,0.67579,0.67589,1.00,2.25
2016.02.26 03:15:06.026,0.67579,0.67592,1.20,1.00
2016.02.26 03:15:06.279,0.67579,0.67594,1.12,1.50
2016.02.26 03:15:06.852,0.67579,0.67594,1.50,1.50
2016.02.26 03:15:08.938,0.67577,0.67593,1.85,1.00
2016.02.26 03:15:11.576,0.67577,0.67592,1.50,1.00
2016.02.26 03:15:11.627,0.67577,0.67592,1.50,1.50
2016.02.26 03:15:12.133,0.67577,0.67592,1.50,1.87
2016.02.26 03:15:12.561,0.67575,0.67589,1.50,1.00
2016.02.26 03:15:14.344,0.67576,0.67592,1.50,2.25
2016.02.26 03:15:16.466,0.67576,0.67592,1.75,1.20
2016.02.26 03:15:16.785,0.67576,0.67592,1.75,1.20
2016.02.26 03:15:17.045,0.67577,0.67594,1.75,1.50
2016.02.26 03:15:17.561,0.67576,0.67594,3.82,1.20
2016.02.26 03:15:21.142,0.67577,0.67591,1.37,1.00
2016.02.26 03:15:21.193,0.67576,0.67591,2.25,1.12
2016.02.26 03:15:23.045,0.67576,0.67588,1.50,1.07
2016.02.26 03:15:23.565,0.67575,0.67588,1.00,1.57
2016.02.26 03:15:23.819,0.67576,0.67589,1.00,1.10
2016.02.26 03:15:24.174,0.67576,0.67591,1.12,1.20
2016.02.26 03:15:24.638,0.67577,0.67593,1.10,2.02
2016.02.26 03:15:27.201,0.67577,0.67592,1.10,1.00
2016.02.26 03:15:31.770,0.67578,0.67592,1.00,1.00
2016.02.26 03:15:32.890,0.67579,0.67592,1.00,1.00
2016.02.26 03:15:33.990,0.67577,0.67593,2.25,1.00
2016.02.26 03:15:34.094,0.67579,0.67595,1.37,1.20
2016.02.26 03:15:34.411,0.6758,0.67593,1.10,1.00
2016.02.26 03:15:34.933,0.67579,0.67593,1.00,1.00
2016.02.26 03:15:37.019,0.67577,0.67592,1.50,1.12
2016.02.26 03:15:37.070,0.67577,0.67592,1.00,1.57
2016.02.26 03:15:37.747,0.67576,0.67592,1.87,1.57
2016.02.26 03:15:38.255,0.67577,0.6759,1.00,1.20
2016.02.26 03:15:38.656,0.67576,0.67589,1.00,1.57
2016.02.26 03:15:42.094,0.67576,0.6759,1.00,1.87
2016.02.26 03:15:42.146,0.67576,0.67591,1.12,1.00
2016.02.26 03:15:43.473,0.67578,0.67591,1.00,1.57
2016.02.26 03:15:44.017,0.67576,0.67592,2.25,1.65
2016.02.26 03:15:44.877,0.67576,0.67591,2.25,1.00
2016.02.26 03:15:45.424,0.67576,0.67592,1.50,1.20
2016.02.26 03:15:47.435,0.67576,0.67592,1.50,1.20
2016.02.26 03:15:48.092,0.67576,0.67591,1.12,1.00
2016.02.26 03:15:48.824,0.67576,0.67593,1.75,1.20
2016.02.26 03:15:49.344,0.67576,0.67593,2.25,1.10
2016.02.26 03:15:49.750,0.67576,0.67593,1.50,1.57
2016.02.26 03:15:50.291,0.67576,0.67592,1.50,1.00
2016.02.26 03:15:52.049,0.67576,0.67591,1.12,1.12
2016.02.26 03:15:52.554,0.67577,0.67591,1.12,1.10
2016.02.26 03:15:59.472,0.67577,0.67591,1.00,1.57
2016.02.26 03:16:00.023,0.67577,0.67588,1.00,1.00
2016.02.26 03:16:00.530,0.67577,0.67589,1.00,1.10
2016.02.26 03:16:02.551,0.67577,0.67591,1.00,1.87
2016.02.26 03:16:02.754,0.67577,0.67592,2.25,1.00
2016.02.26 03:16:02.986,0.67579,0.67592,1.00,1.00
2016.02.26 03:16:03.492,0.67579,0.67593,1.00,1.00
2016.02.26 03:16:03.694,0.67579,0.67595,1.00,1.20
2016.02.26 03:16:03.998,0.67578,0.67594,1.95,1.00
2016.02.26 03:16:04.471,0.67581,0.67597,1.87,1.00
2016.02.26 03:16:04.725,0.67584,0.67599,1.57,1.00
2016.02.26 03:16:04.927,0.67587,0.676,1.00,1.50
2016.02.26 03:16:05.029,0.67584,0.676,1.65,1.00
2016.02.26 03:16:05.564,0.67584,0.67599,1.27,1.00
2016.02.26 03:16:07.525,0.67585,0.67599,1.00,1.00
2016.02.26 03:16:08.528,0.67583,0.67598,1.27,1.00
2016.02.26 03:16:09.074,0.67582,0.67598,1.12,1.00
2016.02.26 03:16:09.175,0.67581,0.67596,1.57,1.00
2016.02.26 03:16:09.871,0.67581,0.67594,1.57,1.00
2016.02.26 03:16:09.973,0.67581,0.67597,1.10,1.12
2016.02.26 03:16:14.220,0.67578,0.67596,2.70,1.00
2016.02.26 03:16:14.813,0.67578,0.67596,2.70,1.00
2016.02.26 03:16:16.944,0.67579,0.67597,1.85,1.20
2016.02.26 03:16:16.996,0.67578,0.67596,2.62,1.12
2016.02.26 03:16:17.502,0.67578,0.67596,2.62,1.12
2016.02.26 03:16:17.760,0.67579,0.67597,2.32,1.10
2016.02.26 03:16:17.861,0.67579,0.67595,2.32,1.00
2016.02.26 03:16:19.956,0.67579,0.67597,1.85,1.12
2016.02.26 03:16:24.799,0.67583,0.67599,1.00,1.12
2016.02.26 03:16:25.105,0.67589,0.67604,1.57,1.00
2016.02.26 03:16:25.410,0.67591,0.67606,1.50,1.00
2016.02.26 03:16:26.172,0.67592,0.67608,2.25,1.50
2016.02.26 03:16:26.682,0.67594,0.67609,1.00,1.00
2016.02.26 03:16:26.784,0.67595,0.67611,1.00,1.20
2016.02.26 03:16:26.936,0.67596,0.67613,1.50,1.20
2016.02.26 03:16:27.341,0.67596,0.67614,2.40,1.27
2016.02.26 03:16:27.644,0.67596,0.67614,2.40,1.27
2016.02.26 03:16:28.200,0.67596,0.67612,1.95,1.00
2016.02.26 03:16:28.754,0.67596,0.67613,2.40,1.00
2016.02.26 03:16:29.312,0.67596,0.67611,2.40,1.00
2016.02.26 03:16:29.413,0.67596,0.67613,1.95,1.00
2016.02.26 03:16:29.985,0.67596,0.67612,1.95,1.00
2016.02.26 03:16:33.142,0.67596,0.67612,1.57,1.12
2016.02.26 03:16:34.372,0.67596,0.67612,3.07,1.10
2016.02.26 03:16:37.970,0.676,0.67616,1.12,1.20
2016.02.26 03:16:38.021,0.676,0.67614,1.87,1.00
2016.02.26 03:16:39.162,0.67601,0.67615,1.12,1.00
2016.02.26 03:16:39.492,0.67601,0.67615,2.25,1.00
2016.02.26 03:16:39.594,0.67601,0.67617,2.25,1.50
2016.02.26 03:16:40.691,0.67604,0.67617,1.00,1.00
2016.02.26 03:16:41.335,0.67603,0.67617,1.12,1.00
2016.02.26 03:17:05.227,0.67604,0.67617,1.00,1.00
2016.02.26 03:17:05.825,0.6761,0.67619,1.50,1.00
2016.02.26 03:17:05.980,0.67613,0.67626,1.00,1.12
2016.02.26 03:17:06.520,0.67611,0.67626,1.50,1.87
2016.02.26 03:17:07.033,0.67612,0.67626,1.12,1.00
2016.02.26 03:17:09.866,0.67611,0.67626,3.00,1.00
2016.02.26 03:17:11.578,0.67612,0.67626,1.87,1.00
2016.02.26 03:17:12.400,0.67612,0.67626,1.50,1.00
2016.02.26 03:17:13.364,0.67614,0.67626,1.00,1.00
2016.02.26 03:17:13.415,0.67614,0.6763,1.12,1.20
2016.02.26 03:17:13.466,0.67616,0.6763,1.00,1.10
2016.02.26 03:17:13.888,0.6762,0.67635,1.00,1.47
2016.02.26 03:17:14.232,0.67625,0.6764,1.00,1.95
2016.02.26 03:17:14.536,0.67622,0.67638,1.12,1.50
2016.02.26 03:17:14.639,0.67615,0.67633,2.62,1.12
2016.02.26 03:17:14.690,0.67615,0.67633,2.25,1.57
2016.02.26 03:17:14.749,0.67615,0.67631,1.37,1.37
2016.02.26 03:17:15.053,0.67619,0.67633,5.25,1.12
2016.02.26 03:17:15.206,0.67617,0.67632,1.00,1.00
2016.02.26 03:17:15.431,0.67614,0.67632,1.95,1.37
2016.02.26 03:17:15.634,0.67614,0.67632,1.00,1.20
2016.02.26 03:17:16.141,0.67613,0.67629,1.00,1.00
2016.02.26 03:17:18.083,0.67615,0.67629,1.00,1.00
2016.02.26 03:17:19.291,0.67615,0.67632,1.12,1.12
2016.02.26 03:17:19.800,0.67616,0.67634,1.12,1.95
2016.02.26 03:17:20.346,0.67615,0.67634,1.12,1.20
2016.02.26 03:17:20.652,0.67617,0.67635,1.20,1.95
2016.02.26 03:17:21.805,0.67617,0.67633,1.10,1.00
2016.02.26 03:17:23.765,0.67616,0.67634,1.20,1.87
2016.02.26 03:17:24.478,0.67615,0.67632,1.00,1.57
2016.02.26 03:17:25.694,0.67616,0.67631,1.00,1.20
2016.02.26 03:17:26.003,0.67615,0.6763,1.00,2.62
2016.02.26 03:17:26.307,0.67616,0.67632,4.50,1.87
2016.02.26 03:17:26.408,0.67615,0.67631,1.00,1.87
2016.02.26 03:17:26.959,0.67615,0.6763,1.00,1.45
2016.02.26 03:17:27.466,0.67615,0.6763,1.00,1.20
2016.02.26 03:17:35.267,0.67615,0.67626,1.00,1.00
2016.02.26 03:17:35.867,0.67615,0.67628,1.00,1.85
2016.02.26 03:17:38.874,0.67613,0.67628,1.00,1.85
2016.02.26 03:17:44.295,0.67613,0.67628,1.00,2.32
2016.02.26 03:17:47.526,0.67613,0.67625,1.00,1.00
2016.02.26 03:17:48.031,0.67614,0.67628,1.00,3.07
2016.02.26 03:17:48.639,0.67614,0.67626,1.00,1.00
2016.02.26 03:17:49.315,0.67614,0.67628,1.00,2.32
2016.02.26 03:17:50.206,0.6761,0.67625,1.87,1.12
2016.02.26 03:18:03.274,0.6761,0.67623,1.87,1.00
2016.02.26 03:18:03.813,0.67609,0.67622,1.12,1.00
2016.02.26 03:18:04.693,0.67609,0.6762,1.00,1.12
2016.02.26 03:18:04.814,0.67606,0.67618,1.00,1.50
2016.02.26 03:18:04.966,0.67603,0.67617,1.00,1.75
2016.02.26 03:18:05.517,0.67604,0.67617,1.00,1.85
2016.02.26 03:18:06.185,0.67604,0.67617,1.00,1.57
2016.02.26 03:18:07.496,0.67604,0.67617,1.00,1.57
2016.02.26 03:18:10.559,0.67605,0.67617,1.00,1.57
2016.02.26 03:18:11.148,0.67605,0.67617,1.00,1.12
2016.02.26 03:18:27.680,0.67605,0.67618,1.00,2.25
2016.02.26 03:18:29.437,0.67605,0.67617,1.00,1.75
2016.02.26 03:18:35.040,0.67603,0.67617,1.00,1.75
2016.02.26 03:18:36.524,0.67603,0.67617,1.00,1.75
2016.02.26 03:18:38.273,0.67599,0.67612,1.50,1.00
2016.02.26 03:18:46.661,0.67599,0.67608,1.00,1.00
2016.02.26 03:18:47.211,0.67599,0.67609,1.00,1.00
2016.02.26 03:18:55.337,0.67596,0.67609,1.00,1.00
2016.02.26 03:18:55.531,0.67599,0.67609,1.00,1.00
2016.02.26 03:18:56.040,0.67599,0.67608,1.00,1.00
2016.02.26 03:18:56.546,0.67599,0.67609,1.00,1.00
2016.02.26 03:19:01.066,0.67597,0.67609,1.12,1.00
2016.02.26 03:19:02.094,0.67599,0.67609,1.00,1.00
2016.02.26 03:19:03.483,0.67598,0.67609,1.00,1.00
2016.02.26 03:19:13.573,0.67597,0.67609,1.00,1.00
2016.02.26 03:19:22.148,0.67598,0.67609,1.00,1.00
2016.02.26 03:19:33.342,0.67598,0.6761,1.00,1.00
2016.02.26 03:19:33.848,0.67599,0.6761,1.00,1.00
2016.02.26 03:19:41.291,0.67598,0.6761,1.87,1.00
2016.02.26 03:19:43.194,0.67596,0.67608,1.27,1.00
2016.02.26 03:19:43.447,0.67598,0.6761,1.27,1.00
2016.02.26 03:19:44.400,0.67598,0.67609,1.12,1.00
2016.02.26 03:19:49.475,0.67597,0.6761,1.65,1.00
2016.02.26 03:19:50.767,0.67597,0.6761,1.65,1.00
2016.02.26 03:19:51.275,0.67598,0.6761,1.00,1.00
2016.02.26 03:19:56.884,0.67597,0.6761,1.87,1.00
2016.02.26 03:20:00.139,0.67596,0.67609,2.25,1.00
2016.02.26 03:20:01.004,0.67596,0.67609,2.25,1.00
2016.02.26 03:20:04.373,0.67597,0.67609,1.00,1.00
2016.02.26 03:20:05.136,0.67597,0.6761,1.00,1.00
2016.02.26 03:20:14.377,0.67596,0.67612,1.12,1.50
2016.02.26 03:20:14.479,0.67596,0.67612,1.12,3.00
2016.02.26 03:20:14.580,0.67593,0.6761,1.12,1.20
2016.02.26 03:20:15.017,0.67592,0.6761,1.50,2.32
2016.02.26 03:20:15.180,0.67593,0.6761,1.00,2.32
2016.02.26 03:20:16.394,0.67593,0.67608,1.00,1.00
2016.02.26 03:20:18.413,0.67593,0.6761,1.00,1.50
2016.02.26 03:20:19.063,0.67592,0.67609,1.87,1.00
2016.02.26 03:20:19.730,0.67592,0.67608,1.50,1.12
2016.02.26 03:20:20.331,0.67592,0.67607,1.50,1.50
2016.02.26 03:20:22.245,0.67592,0.67606,1.00,1.00
2016.02.26 03:20:27.423,0.67592,0.67607,1.50,1.50
2016.02.26 03:20:28.613,0.67592,0.67606,1.00,1.00
2016.02.26 03:20:29.213,0.67592,0.67608,1.50,1.00
2016.02.26 03:20:29.567,0.67595,0.6761,1.00,1.87
2016.02.26 03:20:30.073,0.67594,0.6761,1.37,2.62
2016.02.26 03:20:32.130,0.67593,0.6761,1.00,2.25
2016.02.26 03:20:32.641,0.67592,0.6761,1.00,2.25
2016.02.26 03:20:34.435,0.67592,0.67607,1.00,1.00
2016.02.26 03:20:34.942,0.67591,0.67606,1.00,1.00
2016.02.26 03:20:44.419,0.67592,0.67606,1.00,1.50
2016.02.26 03:20:47.253,0.67591,0.67606,1.00,1.50
2016.02.26 03:20:49.345,0.67591,0.67606,1.50,1.50
2016.02.26 03:20:49.932,0.67592,0.67607,1.00,1.37
2016.02.26 03:20:51.051,0.67592,0.6761,1.12,3.37
2016.02.26 03:20:51.102,0.67594,0.6761,1.00,3.00
2016.02.26 03:20:51.560,0.67596,0.6761,1.00,1.00
2016.02.26 03:20:51.762,0.67594,0.6761,1.12,1.00
2016.02.26 03:20:52.704,0.67593,0.67611,1.50,1.12
2016.02.26 03:20:55.937,0.67594,0.6761,1.12,1.00
2016.02.26 03:20:57.467,0.67594,0.6761,1.00,2.25
2016.02.26 03:20:59.314,0.67595,0.6761,1.00,2.25
2016.02.26 03:20:59.831,0.67595,0.6761,1.00,1.12
2016.02.26 03:21:07.472,0.67595,0.6761,1.00,1.37
2016.02.26 03:21:09.672,0.67595,0.67612,1.00,1.75
2016.02.26 03:21:09.955,0.67596,0.67613,1.00,2.25
2016.02.26 03:21:10.461,0.67596,0.67612,1.00,1.12
2016.02.26 03:21:11.618,0.67595,0.67611,1.00,1.12
2016.02.26 03:21:11.873,0.67595,0.67611,1.00,1.75
2016.02.26 03:21:12.279,0.67595,0.67611,1.37,1.50
2016.02.26 03:21:15.115,0.67597,0.67612,1.00,1.37
2016.02.26 03:21:15.621,0.67597,0.67612,1.12,1.00
2016.02.26 03:21:17.735,0.67597,0.67613,1.12,1.00
2016.02.26 03:21:24.796,0.67597,0.67613,1.00,1.37
2016.02.26 03:21:26.944,0.67597,0.67612,1.00,1.37
2016.02.26 03:21:29.862,0.67596,0.67611,1.00,1.12
2016.02.26 03:21:35.455,0.67596,0.67612,1.00,1.57
2016.02.26 03:21:39.496,0.67596,0.67611,1.00,1.00
2016.02.26 03:21:40.010,0.67596,0.67612,1.00,1.85
2016.02.26 03:21:43.043,0.67596,0.67612,1.37,1.57
2016.02.26 03:21:43.549,0.67596,0.67613,2.25,1.45
2016.02.26 03:21:58.312,0.67596,0.67612,1.87,1.50
2016.02.26 03:21:58.615,0.67596,0.67611,1.00,1.50
2016.02.26 03:21:59.121,0.67597,0.6761,1.00,1.37
2016.02.26 03:22:02.620,0.67597,0.67611,1.00,1.75
2016.02.26 03:22:10.473,0.67596,0.6761,1.00,1.50
2016.02.26 03:22:10.979,0.67596,0.6761,1.00,1.50
2016.02.26 03:22:11.333,0.67594,0.6761,1.00,1.75
2016.02.26 03:22:11.435,0.67593,0.67606,1.00,1.00
2016.02.26 03:22:12.032,0.67593,0.67609,1.50,1.10
2016.02.26 03:22:12.185,0.67597,0.67609,1.00,1.00
2016.02.26 03:22:12.389,0.67595,0.67612,1.00,1.20
2016.02.26 03:22:14.733,0.67596,0.67612,1.00,1.20
2016.02.26 03:22:16.926,0.67595,0.67612,1.00,1.20
2016.02.26 03:22:17.432,0.67594,0.67612,2.62,1.95
2016.02.26 03:22:18.897,0.67596,0.67612,1.00,1.95
2016.02.26 03:22:27.445,0.67596,0.67611,1.00,1.10
2016.02.26 03:22:31.261,0.67596,0.67612,1.00,1.95
2016.02.26 03:22:36.201,0.67596,0.67613,1.50,1.12
2016.02.26 03:22:36.252,0.67597,0.67614,1.30,1.75
2016.02.26 03:22:36.302,0.676,0.67616,1.00,2.32
2016.02.26 03:22:36.683,0.67602,0.67616,1.00,1.37
2016.02.26 03:22:36.947,0.67597,0.67615,2.55,1.37
2016.02.26 03:22:38.008,0.67598,0.67614,1.00,1.12
2016.02.26 03:22:47.867,0.67598,0.67615,1.05,1.87
2016.02.26 03:23:07.450,0.67598,0.67615,1.05,1.87
2016.02.26 03:23:16.060,0.67598,0.67608,1.00,1.00
2016.02.26 03:23:16.265,0.67589,0.67607,3.00,1.87
2016.02.26 03:23:16.547,0.67593,0.67608,1.00,1.50
2016.02.26 03:23:16.752,0.67593,0.67611,1.50,2.25
2016.02.26 03:23:17.267,0.67595,0.67611,1.00,1.87
2016.02.26 03:23:21.382,0.67596,0.67612,1.00,2.32
2016.02.26 03:23:21.484,0.67594,0.67612,1.12,1.57
2016.02.26 03:23:22.460,0.67596,0.67612,1.00,1.95
2016.02.26 03:23:22.985,0.67595,0.67613,1.00,2.32
2016.02.26 03:23:23.490,0.67592,0.6761,2.25,1.00
2016.02.26 03:23:24.298,0.67593,0.67611,1.50,1.27
2016.02.26 03:23:26.154,0.67594,0.67609,1.12,1.00
2016.02.26 03:23:26.459,0.67592,0.67608,1.00,1.85
2016.02.26 03:23:27.064,0.67591,0.67609,1.50,2.70
2016.02.26 03:23:28.757,0.67593,0.67609,1.00,2.70
2016.02.26 03:23:29.861,0.67593,0.67609,1.00,1.50
2016.02.26 03:23:30.367,0.67594,0.67609,1.00,1.50
2016.02.26 03:23:30.519,0.67596,0.67614,1.00,1.87
2016.02.26 03:23:30.786,0.67596,0.67614,1.50,1.12
2016.02.26 03:23:30.939,0.67599,0.67615,1.00,1.50
2016.02.26 03:23:31.464,0.67599,0.67616,1.37,1.37
2016.02.26 03:23:32.876,0.67601,0.67616,1.00,1.00
2016.02.26 03:23:33.331,0.67601,0.67619,1.50,1.12
2016.02.26 03:23:33.483,0.67603,0.67621,1.50,1.12
2016.02.26 03:23:33.882,0.676,0.67616,2.25,1.50
2016.02.26 03:23:34.390,0.676,0.67615,2.25,1.00
2016.02.26 03:23:34.593,0.676,0.67615,1.12,1.00
2016.02.26 03:23:35.635,0.676,0.67616,1.12,1.00
2016.02.26 03:23:37.088,0.67598,0.67616,2.25,1.00
2016.02.26 03:23:37.594,0.67599,0.67617,1.75,1.87
2016.02.26 03:23:38.100,0.67598,0.67616,2.25,1.00
2016.02.26 03:23:38.605,0.67599,0.67617,1.75,1.50
2016.02.26 03:23:39.414,0.67598,0.67616,2.25,1.00
2016.02.26 03:23:40.251,0.67599,0.67615,1.50,1.00
2016.02.26 03:23:40.422,0.67599,0.67615,1.00,1.12
2016.02.26 03:23:40.928,0.67599,0.67615,1.00,1.50
2016.02.26 03:23:42.992,0.67597,0.67615,1.12,1.50
2016.02.26 03:23:43.602,0.67596,0.67613,1.00,1.50
2016.02.26 03:23:43.704,0.67595,0.67613,1.87,1.75
2016.02.26 03:23:44.009,0.67598,0.67614,1.00,2.25
2016.02.26 03:23:44.060,0.67595,0.67613,1.00,2.25
2016.02.26 03:23:44.566,0.67594,0.67612,1.12,1.50
2016.02.26 03:23:46.593,0.67595,0.67613,1.00,1.75
2016.02.26 03:23:47.133,0.67594,0.67612,1.12,1.50
2016.02.26 03:23:47.589,0.67593,0.67611,1.50,1.75
2016.02.26 03:23:47.904,0.67596,0.67614,1.00,3.07
2016.02.26 03:23:48.409,0.67596,0.67614,1.50,1.12
2016.02.26 03:23:48.907,0.676,0.67615,1.75,1.00
2016.02.26 03:23:48.971,0.67601,0.67617,1.75,1.50
2016.02.26 03:23:49.225,0.67601,0.67619,1.75,1.00
2016.02.26 03:23:49.428,0.67602,0.6762,1.75,1.00
2016.02.26 03:23:49.732,0.67601,0.67618,1.50,1.12
2016.02.26 03:23:49.935,0.67599,0.67617,1.50,1.87
2016.02.26 03:23:49.986,0.67597,0.67615,2.32,1.00
2016.02.26 03:23:50.038,0.67597,0.67615,2.25,1.12
2016.02.26 03:23:50.523,0.67594,0.67612,2.25,1.12
2016.02.26 03:23:51.389,0.67596,0.67612,1.00,1.12
2016.02.26 03:23:51.907,0.67595,0.67611,1.12,1.00
2016.02.26 03:23:53.403,0.67595,0.67613,1.87,1.50
2016.02.26 03:23:54.060,0.67595,0.67611,1.87,1.50
2016.02.26 03:23:54.396,0.6759,0.67607,2.25,1.12
2016.02.26 03:23:54.903,0.6759,0.67607,1.87,1.87
2016.02.26 03:23:55.409,0.67591,0.67608,1.12,1.12
2016.02.26 03:23:56.767,0.67593,0.67608,1.00,1.12
2016.02.26 03:23:57.020,0.67594,0.67612,1.12,1.50
2016.02.26 03:23:57.567,0.67592,0.6761,3.00,1.00
2016.02.26 03:23:57.677,0.67594,0.67612,2.25,1.12
2016.02.26 03:23:57.728,0.67594,0.67612,2.25,1.12
2016.02.26 03:23:59.827,0.67594,0.67612,1.50,1.12
2016.02.26 03:24:11.353,0.67594,0.67612,3.00,1.00
2016.02.26 03:24:11.657,0.67596,0.67614,1.50,1.12
2016.02.26 03:24:14.481,0.67595,0.67613,2.25,1.00
2016.02.26 03:24:16.676,0.67596,0.67614,1.50,1.12
2016.02.26 03:24:18.229,0.67596,0.67612,1.50,1.00
2016.02.26 03:24:18.547,0.67595,0.67611,1.12,1.00
2016.02.26 03:24:19.058,0.67595,0.67611,1.00,1.50
2016.02.26 03:24:22.254,0.67595,0.67611,1.50,1.75
2016.02.26 03:24:24.864,0.67595,0.6761,1.00,1.12
2016.02.26 03:24:27.270,0.67595,0.6761,1.00,1.50
2016.02.26 03:24:27.781,0.67594,0.67612,1.50,2.25
2016.02.26 03:24:29.536,0.67595,0.67612,1.00,1.75
2016.02.26 03:24:30.044,0.67595,0.67612,1.00,1.75
2016.02.26 03:24:30.586,0.67595,0.67612,1.00,2.25
2016.02.26 03:24:34.423,0.67595,0.67612,1.00,1.50
2016.02.26 03:24:34.629,0.67595,0.67613,2.25,1.12
2016.02.26 03:24:35.242,0.67596,0.67613,1.00,1.50
2016.02.26 03:24:37.657,0.67596,0.67614,1.50,1.75
2016.02.26 03:24:38.174,0.67596,0.67614,1.50,1.75
2016.02.26 03:24:38.887,0.67596,0.67613,1.00,1.75
2016.02.26 03:24:39.393,0.67596,0.67614,1.50,1.75
2016.02.26 03:24:40.983,0.67596,0.67614,1.50,1.75
2016.02.26 03:24:41.488,0.67595,0.67611,1.00,1.00
2016.02.26 03:24:42.321,0.67596,0.67611,1.00,1.00
2016.02.26 03:24:42.526,0.67596,0.67613,1.50,1.00
2016.02.26 03:24:43.043,0.67596,0.67614,1.87,1.50
2016.02.26 03:24:51.842,0.67596,0.67614,1.50,1.75
2016.02.26 03:24:52.349,0.67596,0.67611,1.00,1.12
2016.02.26 03:24:52.763,0.67595,0.67611,1.50,1.50
2016.02.26 03:24:53.068,0.67595,0.6761,1.00,1.75
2016.02.26 03:24:57.769,0.67595,0.6761,1.00,1.50
2016.02.26 03:24:58.276,0.67595,0.67608,1.00,1.00
2016.02.26 03:24:58.781,0.67594,0.67608,1.00,1.00
2016.02.26 03:25:01.982,0.67594,0.6761,1.00,1.75
2016.02.26 03:25:02.084,0.67594,0.6761,1.00,2.25
2016.02.26 03:25:06.800,0.6759,0.67608,1.12,3.00
2016.02.26 03:25:07.307,0.67588,0.67606,1.37,3.07
2016.02.26 03:25:07.459,0.6759,0.67608,1.12,3.45
2016.02.26 03:25:07.510,0.67595,0.67608,1.00,3.07
2016.02.26 03:25:07.662,0.67595,0.6761,1.00,3.00
2016.02.26 03:25:08.016,0.67596,0.67611,1.00,1.87
2016.02.26 03:25:08.819,0.67595,0.67611,1.00,2.25
2016.02.26 03:25:09.326,0.67594,0.6761,1.00,1.50
2016.02.26 03:25:10.889,0.67594,0.67608,1.42,1.12
2016.02.26 03:25:14.507,0.67592,0.6761,1.80,1.50
2016.02.26 03:25:15.014,0.67592,0.67608,1.67,1.00
2016.02.26 03:25:19.456,0.67592,0.67608,1.67,1.00
2016.02.26 03:25:19.507,0.67592,0.67608,1.50,1.75
2016.02.26 03:25:20.574,0.67594,0.67608,1.00,1.95
2016.02.26 03:25:20.726,0.67594,0.67608,1.50,1.20
2016.02.26 03:25:21.360,0.67594,0.6761,1.50,1.50
2016.02.26 03:25:23.030,0.67594,0.67611,1.00,2.25
2016.02.26 03:25:23.233,0.67596,0.67612,1.00,1.95
2016.02.26 03:25:24.003,0.67597,0.67613,1.00,2.32
2016.02.26 03:25:24.308,0.67595,0.67611,1.50,1.50
2016.02.26 03:25:24.410,0.67595,0.67612,1.00,2.25
2016.02.26 03:25:26.458,0.67594,0.6761,1.00,2.25
2016.02.26 03:25:26.661,0.6759,0.67608,1.87,3.00
2016.02.26 03:25:26.712,0.6759,0.67605,1.50,1.50
2016.02.26 03:25:27.018,0.67587,0.67605,2.62,3.00
2016.02.26 03:25:27.614,0.67586,0.67604,1.50,2.25
2016.02.26 03:25:27.766,0.67588,0.67604,1.00,2.25
2016.02.26 03:25:28.630,0.67586,0.67603,1.12,1.12
2016.02.26 03:25:30.533,0.67587,0.67603,1.00,1.12
2016.02.26 03:25:30.752,0.67588,0.67605,1.50,1.87
2016.02.26 03:25:31.057,0.67591,0.67606,1.37,1.00
2016.02.26 03:25:31.512,0.67593,0.67609,1.00,1.00
2016.02.26 03:25:31.923,0.67589,0.67607,2.32,1.00
2016.02.26 03:25:32.459,0.6759,0.67608,1.75,1.00
2016.02.26 03:25:32.762,0.67592,0.6761,1.50,1.12
2016.02.26 03:25:32.813,0.67593,0.67611,1.37,2.25
2016.02.26 03:25:33.370,0.67593,0.67609,1.50,1.00
2016.02.26 03:25:33.421,0.67593,0.67609,1.12,1.37
2016.02.26 03:25:33.744,0.67594,0.67612,2.25,1.12
2016.02.26 03:25:33.846,0.67594,0.67612,1.87,1.50
2016.02.26 03:25:34.347,0.67594,0.67612,1.87,1.50
2016.02.26 03:25:34.751,0.67594,0.6761,1.12,1.50
2016.02.26 03:25:35.855,0.67594,0.67612,1.87,1.50
2016.02.26 03:25:39.672,0.67594,0.67609,1.12,1.00
2016.02.26 03:25:39.875,0.67594,0.67611,1.12,1.12
2016.02.26 03:25:40.317,0.67596,0.67612,1.00,1.50
2016.02.26 03:25:40.828,0.67594,0.67612,1.87,1.50
2016.02.26 03:25:44.361,0.67593,0.67609,1.12,1.00
2016.02.26 03:25:44.892,0.67592,0.6761,1.20,1.50
2016.02.26 03:25:45.350,0.67593,0.67609,1.50,1.00
2016.02.26 03:25:46.103,0.67592,0.6761,1.85,1.12
2016.02.26 03:25:47.451,0.67592,0.6761,1.57,1.12
2016.02.26 03:25:52.211,0.67594,0.67611,1.00,3.75
2016.02.26 03:25:52.717,0.67593,0.67609,1.12,1.00
2016.02.26 03:25:54.098,0.67594,0.67609,1.00,1.00
2016.02.26 03:25:54.301,0.67594,0.67611,1.00,3.75
2016.02.26 03:25:59.477,0.67593,0.67611,2.25,2.25
2016.02.26 03:26:00.527,0.67593,0.67609,3.00,1.00
2016.02.26 03:26:00.679,0.67593,0.67611,3.00,1.50
2016.02.26 03:26:01.288,0.67595,0.67611,1.50,1.00
2016.02.26 03:26:02.263,0.67595,0.67612,1.50,1.12
2016.02.26 03:26:04.158,0.67595,0.67611,1.75,1.50
2016.02.26 03:26:04.665,0.67595,0.67611,1.50,1.50
2016.02.26 03:26:05.172,0.67594,0.6761,1.50,1.00
2016.02.26 03:26:07.139,0.67594,0.67612,2.25,1.87
2016.02.26 03:26:07.190,0.67595,0.67612,1.75,1.50
2016.02.26 03:26:08.096,0.67596,0.67612,1.75,1.00
2016.02.26 03:26:10.029,0.67596,0.67612,1.50,1.00
2016.02.26 03:26:10.536,0.67596,0.67612,1.00,1.50
2016.02.26 03:26:10.840,0.67596,0.6761,1.00,1.00
2016.02.26 03:26:11.351,0.67597,0.67612,1.12,1.12
2016.02.26 03:26:11.857,0.67595,0.67612,2.25,1.00
2016.02.26 03:26:12.903,0.67596,0.67612,1.75,1.00
2016.02.26 03:26:14.497,0.67595,0.67611,1.75,1.00
2016.02.26 03:26:15.004,0.67596,0.67612,1.75,1.50
2016.02.26 03:26:17.012,0.67596,0.6761,1.75,1.00
2016.02.26 03:26:18.073,0.67596,0.67612,2.25,1.00
2016.02.26 03:26:20.423,0.67596,0.67612,1.87,1.37
2016.02.26 03:26:23.351,0.67596,0.67612,1.87,1.00
2016.02.26 03:26:23.504,0.67598,0.67612,1.00,1.00
2016.02.26 03:26:23.740,0.67598,0.67616,3.00,1.87
2016.02.26 03:26:23.944,0.67598,0.67615,1.87,1.37
2016.02.26 03:26:24.248,0.67597,0.67613,1.00,1.50
2016.02.26 03:26:24.755,0.67595,0.67612,1.00,1.37
2016.02.26 03:26:25.539,0.67595,0.67612,1.12,1.75
2016.02.26 03:26:26.045,0.67596,0.67613,1.00,1.75
2016.02.26 03:26:26.880,0.67595,0.67612,1.00,1.50
2016.02.26 03:26:28.820,0.67594,0.67609,1.00,1.00
2016.02.26 03:26:29.125,0.67597,0.67609,1.00,1.50
2016.02.26 03:26:29.329,0.67592,0.67609,1.50,1.75
2016.02.26 03:26:29.871,0.67593,0.67609,1.00,1.50
2016.02.26 03:26:30.378,0.67592,0.67609,1.87,1.50
2016.02.26 03:26:32.010,0.67594,0.67611,1.12,1.50
2016.02.26 03:26:32.263,0.67594,0.67612,1.50,1.50
2016.02.26 03:26:32.769,0.67594,0.67612,1.12,1.50
2016.02.26 03:26:34.274,0.67593,0.67611,2.25,1.87
2016.02.26 03:26:39.808,0.67593,0.67611,2.62,2.25
2016.02.26 03:26:46.996,0.67594,0.6761,1.50,1.00
2016.02.26 03:26:47.502,0.67594,0.67609,1.00,1.00
2016.02.26 03:26:48.428,0.67593,0.67609,2.25,1.00
2016.02.26 03:26:49.109,0.67592,0.67609,2.25,1.12
2016.02.26 03:26:49.397,0.67593,0.67607,1.00,1.12
2016.02.26 03:26:49.911,0.67592,0.67607,1.00,1.12
2016.02.26 03:26:50.216,0.6759,0.67604,1.00,1.00
2016.02.26 03:26:50.420,0.67588,0.67604,1.00,1.37
2016.02.26 03:26:52.942,0.67589,0.67603,1.00,1.00
2016.02.26 03:26:53.145,0.6759,0.67607,1.37,1.37
2016.02.26 03:26:53.300,0.67592,0.6761,1.87,2.25
2016.02.26 03:26:53.662,0.67594,0.6761,1.00,1.50
2016.02.26 03:26:53.865,0.67594,0.67611,2.25,1.00
2016.02.26 03:26:54.406,0.67595,0.67611,1.00,1.00
2016.02.26 03:26:54.559,0.67593,0.67611,1.87,2.25
2016.02.26 03:26:54.711,0.67593,0.67609,1.00,1.37
2016.02.26 03:26:55.233,0.67595,0.67609,1.00,1.00
2016.02.26 03:26:55.385,0.67595,0.67611,1.00,1.50
2016.02.26 03:26:55.640,0.67594,0.67611,1.12,1.50
2016.02.26 03:26:55.741,0.67592,0.67609,1.00,1.50
2016.02.26 03:26:56.992,0.67594,0.67609,1.00,1.50
2016.02.26 03:26:57.094,0.67594,0.6761,1.00,1.87
2016.02.26 03:26:58.153,0.67593,0.67611,1.87,2.25
2016.02.26 03:26:58.356,0.67592,0.6761,1.87,1.75
2016.02.26 03:26:58.863,0.67592,0.67609,1.00,1.75
2016.02.26 03:26:59.380,0.67593,0.67609,1.00,1.75
2016.02.26 03:27:00.948,0.67593,0.67609,1.00,1.50
2016.02.26 03:27:01.677,0.67593,0.67609,1.00,1.12
2016.02.26 03:27:02.666,0.67593,0.67608,1.00,1.00
2016.02.26 03:27:03.267,0.67592,0.67608,1.50,1.00
2016.02.26 03:27:03.318,0.67594,0.67608,1.00,1.00
2016.02.26 03:27:03.825,0.67593,0.67608,1.00,1.00
2016.02.26 03:27:05.484,0.67592,0.67608,1.50,1.00
2016.02.26 03:27:07.493,0.67592,0.67609,2.25,1.00
2016.02.26 03:27:11.462,0.67594,0.6761,1.12,1.37
2016.02.26 03:27:11.514,0.67594,0.67611,1.12,1.12
2016.02.26 03:27:11.666,0.67595,0.67612,1.37,1.00
2016.02.26 03:27:12.173,0.67595,0.67613,3.00,1.00
2016.02.26 03:27:12.478,0.67598,0.67614,1.37,1.12
2016.02.26 03:27:15.843,0.67596,0.67612,2.25,1.00
2016.02.26 03:27:18.010,0.67596,0.67614,2.25,1.12
2016.02.26 03:27:20.901,0.67597,0.67613,1.00,1.00
2016.02.26 03:27:21.200,0.67594,0.67612,1.00,2.25
2016.02.26 03:27:21.706,0.67594,0.67612,1.12,2.25
2016.02.26 03:27:24.866,0.67594,0.67612,1.87,1.50
2016.02.26 03:27:25.627,0.67594,0.67611,1.50,1.00
2016.02.26 03:27:27.998,0.67598,0.67611,1.50,1.00
2016.02.26 03:27:28.049,0.67598,0.67615,2.25,1.00
2016.02.26 03:27:28.100,0.67598,0.67616,2.25,1.50
2016.02.26 03:27:28.790,0.67598,0.67615,1.75,1.00
2016.02.26 03:27:29.094,0.67599,0.67615,1.75,1.00
2016.02.26 03:27:29.145,0.67601,0.67617,1.37,1.87
2016.02.26 03:27:29.196,0.67602,0.67617,1.50,1.12
2016.02.26 03:27:29.297,0.67604,0.67622,2.25,1.00
2016.02.26 03:27:29.841,0.67606,0.67622,1.50,1.00
2016.02.26 03:27:30.401,0.67605,0.67622,1.75,1.00
2016.02.26 03:27:30.603,0.67605,0.67622,1.50,1.00
2016.02.26 03:27:31.115,0.67605,0.67621,1.12,1.00
2016.02.26 03:27:31.368,0.67603,0.6762,1.87,1.12
2016.02.26 03:27:32.227,0.67604,0.67622,1.00,1.50
2016.02.26 03:27:32.763,0.67604,0.67622,1.12,1.50
2016.02.26 03:27:33.270,0.67604,0.6762,1.12,1.00
2016.02.26 03:27:33.422,0.67601,0.67618,1.50,1.00
2016.02.26 03:27:33.625,0.67601,0.67618,1.00,1.50
2016.02.26 03:27:34.319,0.67601,0.67617,1.50,1.00
2016.02.26 03:27:35.875,0.676,0.67617,1.50,1.00
2016.02.26 03:27:38.430,0.67603,0.67617,1.00,1.00
2016.02.26 03:27:38.734,0.67607,0.6762,1.00,1.12
2016.02.26 03:27:38.835,0.67606,0.67622,1.75,1.50
2016.02.26 03:27:39.597,0.67606,0.67622,1.87,1.12
2016.02.26 03:27:45.047,0.67607,0.67621,1.12,1.00
2016.02.26 03:27:49.183,0.67607,0.67622,1.12,1.00
2016.02.26 03:27:55.807,0.67606,0.67621,1.50,1.00
2016.02.26 03:27:56.266,0.67605,0.67621,2.25,1.00
2016.02.26 03:27:59.208,0.67606,0.67623,1.37,2.62
2016.02.26 03:28:02.583,0.67606,0.67622,1.50,1.00
2016.02.26 03:28:03.089,0.67606,0.67623,2.25,2.62
2016.02.26 03:28:03.798,0.67606,0.67622,2.25,1.00
2016.02.26 03:28:04.319,0.67606,0.6762,2.25,1.00
2016.02.26 03:28:04.429,0.67606,0.67622,2.25,1.00
2016.02.26 03:28:06.345,0.67607,0.67623,1.37,1.12
2016.02.26 03:28:06.598,0.67608,0.67622,1.50,1.00
2016.02.26 03:28:07.246,0.67608,0.67626,1.87,2.25
2016.02.26 03:28:07.652,0.67608,0.67623,1.00,1.00
2016.02.26 03:28:11.559,0.67607,0.67623,2.25,1.00
2016.02.26 03:28:11.914,0.67607,0.67625,3.00,1.00
2016.02.26 03:28:15.595,0.67611,0.67625,1.00,1.00
2016.02.26 03:28:15.899,0.67614,0.67629,1.75,1.00
2016.02.26 03:28:17.452,0.67616,0.67628,1.75,1.00
2016.02.26 03:28:18.753,0.67616,0.67631,1.75,1.37
2016.02.26 03:28:20.921,0.67616,0.67631,1.12,1.37
2016.02.26 03:28:22.189,0.67616,0.67632,1.87,1.12
2016.02.26 03:28:24.279,0.67616,0.67633,1.12,1.50
2016.02.26 03:28:24.399,0.67618,0.67633,1.00,1.50
2016.02.26 03:28:30.641,0.67617,0.67632,1.37,1.00
2016.02.26 03:28:42.279,0.67618,0.67631,1.12,1.00
2016.02.26 03:28:42.786,0.67618,0.67632,1.12,1.50
2016.02.26 03:28:48.204,0.67617,0.67632,1.50,1.00
2016.02.26 03:28:53.282,0.67618,0.67632,1.00,1.00
2016.02.26 03:28:54.497,0.67618,0.67633,1.00,1.50
2016.02.26 03:28:56.369,0.67618,0.67631,1.00,1.00
2016.02.26 03:28:56.571,0.67618,0.67633,1.00,1.50
2016.02.26 03:28:58.355,0.67618,0.67632,1.00,1.00
2016.02.26 03:28:58.896,0.67618,0.67633,1.00,1.50
2016.02.26 03:28:59.655,0.67618,0.67631,1.00,1.00
2016.02.26 03:28:59.909,0.67618,0.67633,1.00,2.25
2016.02.26 03:29:01.645,0.67618,0.67632,1.00,1.00
2016.02.26 03:29:08.046,0.67618,0.67633,1.00,1.50
2016.02.26 03:29:11.855,0.67618,0.67632,1.00,1.00
2016.02.26 03:29:12.401,0.67618,0.67633,1.00,1.50
2016.02.26 03:29:13.798,0.67618,0.67632,1.00,1.00
2016.02.26 03:29:14.310,0.67618,0.67633,1.00,1.50
2016.02.26 03:29:14.816,0.67618,0.67632,1.00,1.00
2016.02.26 03:29:16.420,0.67618,0.67633,1.00,1.00
2016.02.26 03:29:18.077,0.67617,0.67632,1.12,1.00
2016.02.26 03:29:18.627,0.67617,0.67631,1.12,1.00
2016.02.26 03:29:19.135,0.67617,0.67632,1.12,1.50
2016.02.26 03:29:20.640,0.67617,0.67631,1.12,1.00
2016.02.26 03:29:21.189,0.67617,0.67632,1.12,1.50
2016.02.26 03:29:21.442,0.67615,0.67632,1.12,1.87
2016.02.26 03:29:22.995,0.67615,0.6763,1.12,1.00
2016.02.26 03:29:23.725,0.67615,0.67632,1.12,1.87
2016.02.26 03:29:25.698,0.67615,0.6763,1.12,1.00
2016.02.26 03:29:25.749,0.67615,0.67632,1.12,1.87
2016.02.26 03:29:26.961,0.67615,0.67632,1.75,1.50
2016.02.26 03:29:32.654,0.67617,0.67633,1.00,2.62
2016.02.26 03:29:34.561,0.67617,0.67632,1.00,1.00
2016.02.26 03:29:35.368,0.67617,0.67633,1.00,2.62
2016.02.26 03:29:36.532,0.67617,0.67632,1.00,1.00
2016.02.26 03:29:37.038,0.67617,0.67633,1.00,1.87
2016.02.26 03:29:38.614,0.67617,0.67632,1.00,1.00
2016.02.26 03:29:39.279,0.67617,0.67633,1.00,2.62
2016.02.26 03:29:40.591,0.67617,0.67632,1.00,1.00
2016.02.26 03:29:40.926,0.67618,0.67632,1.50,1.00
2016.02.26 03:29:41.434,0.67618,0.67633,1.50,1.00
2016.02.26 03:29:42.787,0.67618,0.67634,2.25,1.50
2016.02.26 03:29:44.879,0.67618,0.67633,2.25,1.00
2016.02.26 03:29:46.249,0.6762,0.67633,1.00,1.00
2016.02.26 03:29:47.169,0.67618,0.67633,1.00,1.50
2016.02.26 03:29:49.053,0.67618,0.67631,1.00,1.00
2016.02.26 03:29:49.154,0.67618,0.67634,1.00,1.12
2016.02.26 03:29:49.407,0.67618,0.67632,1.00,1.00
2016.02.26 03:29:53.828,0.67618,0.67633,1.50,1.50
2016.02.26 03:29:59.372,0.6762,0.67633,1.00,2.25
2016.02.26 03:29:59.677,0.67628,0.67638,1.00,1.00
2016.02.26 03:29:59.930,0.67627,0.67641,1.00,1.00
2016.02.26 03:29:59.981,0.67627,0.67643,1.00,1.12
2016.02.26 03:30:00.032,0.67627,0.67643,1.00,1.50
2016.02.26 03:30:00.530,0.67627,0.67639,1.00,1.00
2016.02.26 03:30:00.743,0.67626,0.67641,1.00,1.00
2016.02.26 03:30:01.150,0.67628,0.67644,1.00,1.75
2016.02.26 03:30:01.201,0.67628,0.67644,1.00,1.12
2016.02.26 03:30:04.377,0.67627,0.67645,1.87,3.00
2016.02.26 03:30:05.832,0.67627,0.67645,2.25,3.37
2016.02.26 03:30:05.934,0.67627,0.67644,1.00,1.50
2016.02.26 03:30:07.135,0.67627,0.67645,1.50,3.75
2016.02.26 03:30:07.642,0.67625,0.67642,1.00,1.75
2016.02.26 03:30:08.184,0.67624,0.67642,1.50,2.25
2016.02.26 03:30:10.860,0.67625,0.67642,1.50,1.50
2016.02.26 03:30:11.411,0.67625,0.67642,1.00,1.75
2016.02.26 03:30:12.116,0.67625,0.67642,1.12,1.50
2016.02.26 03:30:12.862,0.67626,0.67642,1.00,1.75
2016.02.26 03:30:18.671,0.67625,0.67643,2.25,2.25
2016.02.26 03:30:19.381,0.67626,0.67643,1.00,1.75
2016.02.26 03:30:19.634,0.67626,0.67644,1.50,2.25
2016.02.26 03:30:19.839,0.67626,0.67644,2.25,1.87
2016.02.26 03:30:20.365,0.67628,0.67644,1.00,1.12
2016.02.26 03:30:22.738,0.67628,0.67645,1.00,1.75
2016.02.26 03:30:26.668,0.67628,0.67644,1.00,1.75
2016.02.26 03:30:28.124,0.67626,0.67643,1.50,1.75
2016.02.26 03:30:28.836,0.67625,0.6764,1.50,1.00
2016.02.26 03:30:28.887,0.67624,0.6764,1.00,1.87
2016.02.26 03:30:28.990,0.67623,0.6764,1.00,2.25
2016.02.26 03:30:29.334,0.67614,0.6763,3.75,1.00
2016.02.26 03:30:29.385,0.67616,0.6763,1.00,1.00
2016.02.26 03:30:29.689,0.67614,0.6763,1.12,1.87
2016.02.26 03:30:29.942,0.67618,0.67631,1.00,1.50
2016.02.26 03:30:30.094,0.67618,0.67634,1.50,2.25
2016.02.26 03:30:30.196,0.67618,0.67634,1.50,2.25
2016.02.26 03:30:30.777,0.67619,0.67634,1.00,1.50
2016.02.26 03:30:30.879,0.6762,0.67637,1.00,2.25
2016.02.26 03:30:31.392,0.67621,0.67637,1.00,2.25
2016.02.26 03:30:34.062,0.6762,0.67637,1.50,2.25
2016.02.26 03:30:36.476,0.67621,0.67637,1.37,1.87
2016.02.26 03:30:36.822,0.67617,0.67632,1.00,1.12
2016.02.26 03:30:37.127,0.67615,0.67631,1.00,1.50
2016.02.26 03:30:37.633,0.67615,0.6763,1.00,1.50
2016.02.26 03:30:43.213,0.67614,0.67631,1.50,1.75
2016.02.26 03:30:43.746,0.67616,0.67631,1.00,1.75
2016.02.26 03:30:43.797,0.67613,0.67629,1.00,1.75
2016.02.26 03:30:47.428,0.67613,0.67627,1.00,1.00
2016.02.26 03:30:47.833,0.67615,0.67629,1.00,2.25
2016.02.26 03:30:48.087,0.67616,0.6763,1.00,1.50
2016.02.26 03:30:48.727,0.67616,0.67632,1.00,2.32
2016.02.26 03:30:49.283,0.67616,0.67633,1.00,1.75
2016.02.26 03:30:54.249,0.67615,0.67633,1.50,1.75
2016.02.26 03:30:58.577,0.67616,0.67632,1.00,2.25
2016.02.26 03:31:00.673,0.67615,0.67631,1.00,1.50
2016.02.26 03:31:06.678,0.67614,0.67632,1.50,2.25
2016.02.26 03:31:07.201,0.67615,0.67632,1.00,1.75
2016.02.26 03:31:07.606,0.67617,0.67631,1.00,1.00
2016.02.26 03:31:07.708,0.67619,0.67635,1.37,1.20
2016.02.26 03:31:07.861,0.67619,0.67635,1.75,1.00
2016.02.26 03:31:08.164,0.67619,0.67635,2.25,1.00
2016.02.26 03:31:08.638,0.67619,0.67633,2.25,1.00
2016.02.26 03:31:08.956,0.67619,0.67633,1.75,1.00
2016.02.26 03:31:12.289,0.67619,0.67635,1.75,1.50
2016.02.26 03:31:14.984,0.6762,0.67636,1.75,1.50
2016.02.26 03:31:15.035,0.67621,0.67636,2.25,1.50
2016.02.26 03:31:15.541,0.67621,0.67638,3.75,1.00
2016.02.26 03:31:15.656,0.67624,0.67638,1.75,1.00
2016.02.26 03:31:15.858,0.67628,0.67646,1.75,2.32
2016.02.26 03:31:15.909,0.67628,0.67644,2.25,1.00
2016.02.26 03:31:16.214,0.67635,0.67644,1.00,1.00
2016.02.26 03:31:16.366,0.6763,0.67646,1.75,1.00
2016.02.26 03:31:17.240,0.6763,0.67646,1.75,1.00
2016.02.26 03:31:19.276,0.6763,0.67645,1.75,1.00
2016.02.26 03:31:19.532,0.67632,0.67646,1.75,1.00
2016.02.26 03:31:20.041,0.67637,0.67646,1.00,1.00
2016.02.26 03:31:20.662,0.67633,0.67646,1.75,1.00
2016.02.26 03:31:23.354,0.67632,0.67646,1.75,1.00
2016.02.26 03:31:23.652,0.67631,0.67643,1.00,1.00
2016.02.26 03:31:23.770,0.67629,0.67643,1.00,1.00
2016.02.26 03:31:31.179,0.67627,0.67643,1.75,1.00
2016.02.26 03:31:37.942,0.6763,0.67644,1.00,1.00
2016.02.26 03:31:39.355,0.6763,0.67643,1.00,1.00
2016.02.26 03:31:39.699,0.67626,0.67642,1.00,1.10
2016.02.26 03:31:39.801,0.67628,0.67642,1.00,1.10
2016.02.26 03:31:46.093,0.67625,0.67643,2.25,1.57
2016.02.26 03:31:48.040,0.67629,0.67643,1.00,1.57
2016.02.26 03:31:48.680,0.67627,0.67643,1.75,1.10
2016.02.26 03:31:49.199,0.67628,0.67644,1.75,1.50
2016.02.26 03:31:51.129,0.67628,0.67644,2.25,1.50
2016.02.26 03:31:58.400,0.6763,0.67644,1.75,1.00
2016.02.26 03:31:58.907,0.67631,0.67644,1.75,1.00
2016.02.26 03:31:59.413,0.67631,0.67645,2.25,1.00
2016.02.26 03:31:59.931,0.67633,0.67646,1.75,1.00
2016.02.26 03:32:01.999,0.67633,0.67646,1.75,1.00
2016.02.26 03:32:02.506,0.67633,0.67646,1.75,1.00
2016.02.26 03:32:04.261,0.67632,0.67641,1.75,1.00
2016.02.26 03:32:04.363,0.67629,0.67639,1.00,1.00
2016.02.26 03:32:04.464,0.67625,0.6764,2.25,1.00
2016.02.26 03:32:04.769,0.67625,0.67641,2.25,4.87
2016.02.26 03:32:04.962,0.67625,0.67641,2.25,3.75
2016.02.26 03:32:05.025,0.67622,0.67638,1.87,1.50
2016.02.26 03:32:05.329,0.67621,0.67634,1.00,1.00
2016.02.26 03:32:05.835,0.67621,0.67633,1.00,1.00
2016.02.26 03:32:06.521,0.67619,0.67634,3.00,1.00
2016.02.26 03:32:06.623,0.67626,0.67636,1.00,1.00
2016.02.26 03:32:06.775,0.67626,0.67638,1.00,1.00
2016.02.26 03:32:07.028,0.67626,0.67642,1.75,2.62
2016.02.26 03:32:07.079,0.67626,0.67642,1.75,1.57
2016.02.26 03:32:07.130,0.67626,0.67642,1.75,1.10
2016.02.26 03:32:07.435,0.67627,0.67644,5.25,1.00
2016.02.26 03:32:07.536,0.67627,0.67644,2.25,1.00
2016.02.26 03:32:08.053,0.67627,0.67643,1.75,1.00
2016.02.26 03:32:08.611,0.67629,0.67643,1.50,1.00
2016.02.26 03:32:08.662,0.67629,0.67645,1.75,1.10
2016.02.26 03:32:09.391,0.67627,0.67643,1.75,1.00
2016.02.26 03:32:09.442,0.67625,0.67643,2.25,1.00
2016.02.26 03:32:09.979,0.6763,0.67644,1.12,1.10
2016.02.26 03:32:10.031,0.6763,0.67644,1.75,1.00
2016.02.26 03:32:10.335,0.67632,0.67645,1.75,1.00
2016.02.26 03:32:10.856,0.67632,0.67645,1.75,1.00
2016.02.26 03:32:11.338,0.6763,0.67645,2.25,1.00
2016.02.26 03:32:11.441,0.67628,0.67643,3.75,1.00
2016.02.26 03:32:11.544,0.6763,0.67643,1.00,1.50
2016.02.26 03:32:11.647,0.67626,0.67643,2.25,1.00
2016.02.26 03:32:12.177,0.67626,0.67644,2.25,1.57
2016.02.26 03:32:12.563,0.67627,0.67645,1.75,3.45
2016.02.26 03:32:12.665,0.67627,0.67645,1.75,3.45
2016.02.26 03:32:13.373,0.67626,0.67643,1.75,1.00
2016.02.26 03:32:15.336,0.67627,0.67643,1.50,1.00
2016.02.26 03:32:15.665,0.67626,0.67641,1.00,1.00
2016.02.26 03:32:21.045,0.67625,0.67641,1.50,1.00
2016.02.26 03:32:21.349,0.67627,0.67643,2.25,1.00
2016.02.26 03:32:21.855,0.67627,0.67643,2.25,1.00
2016.02.26 03:32:22.893,0.67629,0.67643,1.00,1.00
2016.02.26 03:32:23.398,0.67629,0.67642,1.00,1.00
2016.02.26 03:32:26.812,0.67629,0.67643,1.00,1.00
2016.02.26 03:32:26.914,0.6763,0.67645,1.50,1.10
2016.02.26 03:32:26.965,0.67632,0.67644,1.00,1.00
2016.02.26 03:32:27.364,0.67629,0.67643,1.00,1.00
2016.02.26 03:32:27.670,0.67627,0.67642,1.00,1.00
2016.02.26 03:32:27.772,0.67627,0.6764,1.00,1.00
2016.02.26 03:32:27.823,0.67624,0.6764,2.25,1.00
2016.02.26 03:32:29.782,0.67626,0.67642,1.00,1.20
2016.02.26 03:32:32.414,0.67624,0.67642,1.50,1.95
2016.02.26 03:32:36.392,0.67624,0.6764,1.50,1.00
2016.02.26 03:32:36.902,0.67623,0.67641,3.75,1.00
2016.02.26 03:32:38.685,0.67624,0.67642,1.50,1.20
2016.02.26 03:32:38.989,0.67624,0.6764,1.50,1.00
2016.02.26 03:32:39.342,0.67624,0.67642,1.50,1.20
2016.02.26 03:32:43.648,0.67623,0.67641,3.00,1.00
2016.02.26 03:32:44.156,0.67624,0.67642,1.50,1.20
2016.02.26 03:32:44.613,0.67625,0.67642,1.75,1.10
2016.02.26 03:32:45.129,0.67626,0.67642,1.50,1.00
2016.02.26 03:32:46.908,0.67626,0.67643,1.00,1.50
2016.02.26 03:32:47.515,0.67626,0.67644,1.50,1.95
2016.02.26 03:32:48.564,0.67626,0.67643,1.50,1.00
2016.02.26 03:32:50.170,0.67629,0.67643,1.00,1.00
2016.02.26 03:32:50.221,0.67629,0.67645,1.00,1.12
2016.02.26 03:32:50.323,0.67629,0.67646,1.75,1.50
2016.02.26 03:32:50.829,0.67629,0.67645,1.75,1.00
2016.02.26 03:32:51.375,0.67629,0.67644,1.50,1.00
2016.02.26 03:32:51.426,0.67629,0.67646,1.50,1.87
2016.02.26 03:32:51.528,0.67629,0.67644,1.50,1.50
2016.02.26 03:32:51.630,0.67629,0.67644,1.00,1.50
2016.02.26 03:32:51.731,0.67629,0.67644,1.00,3.00
2016.02.26 03:32:52.866,0.67624,0.67642,3.75,1.12
2016.02.26 03:33:03.188,0.67626,0.67642,1.00,1.87
2016.02.26 03:33:07.047,0.67625,0.67642,1.12,1.12
2016.02.26 03:33:07.359,0.67626,0.67644,1.50,2.62
2016.02.26 03:33:07.662,0.67628,0.67645,1.50,1.42
2016.02.26 03:33:09.569,0.6763,0.67645,1.00,1.67
2016.02.26 03:33:10.267,0.67629,0.67645,1.50,1.42
2016.02.26 03:33:10.785,0.67629,0.67644,1.50,1.00
2016.02.26 03:33:11.483,0.67629,0.67645,1.50,1.42
2016.02.26 03:33:12.086,0.67629,0.67646,1.50,2.92
2016.02.26 03:33:12.390,0.67629,0.67646,2.25,2.55
2016.02.26 03:33:15.050,0.67629,0.67646,2.25,1.80
2016.02.26 03:33:15.404,0.67629,0.67645,2.25,1.42
2016.02.26 03:33:15.458,0.67629,0.67645,1.12,1.42
2016.02.26 03:33:15.993,0.67628,0.67646,3.00,1.67
2016.02.26 03:33:23.082,0.6763,0.67644,1.12,1.00
2016.02.26 03:33:23.335,0.67627,0.67644,3.00,1.00
2016.02.26 03:33:25.295,0.6763,0.67644,1.00,1.00
2016.02.26 03:33:25.750,0.67628,0.67644,1.12,1.00
2016.02.26 03:33:26.255,0.67629,0.67644,1.00,1.00
2016.02.26 03:33:27.417,0.67628,0.67644,1.12,1.00
2016.02.26 03:33:27.941,0.67628,0.67644,1.12,1.37
2016.02.26 03:33:28.447,0.67628,0.67644,1.12,1.00
2016.02.26 03:33:29.077,0.67627,0.67645,2.62,3.00
2016.02.26 03:33:29.596,0.67628,0.67644,1.00,1.12
2016.02.26 03:33:31.318,0.67628,0.67645,1.12,1.87
2016.02.26 03:33:32.316,0.67628,0.67644,1.00,1.50
2016.02.26 03:33:32.852,0.67627,0.67644,3.00,1.00
2016.02.26 03:33:33.028,0.67629,0.67645,1.00,1.87
2016.02.26 03:33:33.692,0.67627,0.67644,2.62,1.12
2016.02.26 03:33:35.432,0.67627,0.67643,1.87,1.00
2016.02.26 03:33:36.297,0.67628,0.67643,1.00,1.00
2016.02.26 03:33:41.275,0.67627,0.67643,1.87,1.00
2016.02.26 03:33:41.790,0.67628,0.67643,1.00,1.00
2016.02.26 03:33:45.677,0.67627,0.67643,1.12,1.00
2016.02.26 03:33:46.346,0.67629,0.67643,1.00,1.00
2016.02.26 03:33:47.090,0.67627,0.67643,2.25,1.00
2016.02.26 03:33:47.444,0.6763,0.67643,1.12,1.00
2016.02.26 03:33:47.949,0.67628,0.67643,2.25,1.00
2016.02.26 03:33:48.536,0.67627,0.67644,1.95,1.37
2016.02.26 03:33:49.052,0.67629,0.67644,1.00,1.00
2016.02.26 03:33:49.849,0.67629,0.67644,1.50,1.00
2016.02.26 03:33:50.354,0.67629,0.67645,2.25,1.50
2016.02.26 03:33:51.528,0.67629,0.67646,1.87,2.25
2016.02.26 03:33:51.833,0.67633,0.67647,2.25,1.00
2016.02.26 03:33:52.553,0.67633,0.67647,1.50,1.00
2016.02.26 03:33:53.038,0.67632,0.67647,1.20,1.00
2016.02.26 03:33:56.070,0.67632,0.67646,1.20,1.00
2016.02.26 03:33:56.474,0.67628,0.67644,1.37,1.87
2016.02.26 03:33:56.754,0.67626,0.67643,1.12,1.12
2016.02.26 03:33:57.006,0.67625,0.67641,2.25,1.00
2016.02.26 03:33:57.108,0.67627,0.67643,1.00,1.87
2016.02.26 03:33:57.462,0.67625,0.67643,1.87,2.25
2016.02.26 03:33:57.967,0.67624,0.67641,3.82,1.00
2016.02.26 03:33:58.473,0.67626,0.67643,1.00,2.25
2016.02.26 03:33:58.580,0.67626,0.67643,1.12,1.87
2016.02.26 03:33:59.966,0.67628,0.67643,1.00,1.12
2016.02.26 03:34:01.609,0.67629,0.67643,1.00,1.12
2016.02.26 03:34:02.297,0.67626,0.67643,1.87,1.12
2016.02.26 03:34:02.649,0.67624,0.67642,2.70,2.25
2016.02.26 03:34:03.156,0.67625,0.67641,1.00,1.50
2016.02.26 03:34:03.697,0.67626,0.67641,1.00,1.12
2016.02.26 03:34:04.052,0.67624,0.6764,1.57,1.12
2016.02.26 03:34:04.716,0.67625,0.67641,1.00,1.50
2016.02.26 03:34:05.273,0.67625,0.67641,1.00,1.50
2016.02.26 03:34:05.779,0.67626,0.67643,1.00,2.25
2016.02.26 03:34:07.945,0.67627,0.67643,1.00,3.00
2016.02.26 03:34:11.788,0.67627,0.67645,1.87,2.25
2016.02.26 03:34:11.839,0.6763,0.67645,1.12,1.37
2016.02.26 03:34:11.890,0.6763,0.67645,1.50,1.00
2016.02.26 03:34:12.396,0.67629,0.67645,1.00,1.87
2016.02.26 03:34:13.659,0.67629,0.67644,1.00,1.00
2016.02.26 03:34:13.811,0.67627,0.67643,1.50,1.00
2016.02.26 03:34:14.400,0.67625,0.67643,2.62,3.00
2016.02.26 03:34:14.817,0.67627,0.67643,1.00,2.25
2016.02.26 03:34:16.782,0.67626,0.67643,1.50,2.25
2016.02.26 03:34:17.288,0.67627,0.67643,1.00,2.25
2016.02.26 03:34:19.219,0.67626,0.67643,1.50,2.25
2016.02.26 03:34:19.523,0.67628,0.67643,1.00,1.87
2016.02.26 03:34:19.830,0.67627,0.67641,1.00,1.50
2016.02.26 03:34:21.726,0.67625,0.67641,1.50,1.87
2016.02.26 03:34:22.232,0.67626,0.67641,1.00,1.87
2016.02.26 03:34:23.838,0.67625,0.67641,1.50,1.87
2016.02.26 03:34:24.343,0.67626,0.67641,1.00,1.87
2016.02.26 03:34:25.829,0.67625,0.67641,1.00,1.12
2016.02.26 03:34:26.425,0.67626,0.67641,1.00,1.12
2016.02.26 03:34:27.574,0.67625,0.67641,1.00,1.12
2016.02.26 03:34:28.175,0.67626,0.67641,1.00,1.00
2016.02.26 03:34:28.687,0.67625,0.67641,1.12,1.00
2016.02.26 03:34:29.192,0.67626,0.67641,1.00,1.00
2016.02.26 03:34:31.106,0.67625,0.67641,1.12,1.00
2016.02.26 03:34:31.613,0.67626,0.67641,1.00,1.00
2016.02.26 03:34:31.714,0.67626,0.67643,1.12,1.12
2016.02.26 03:34:31.815,0.67627,0.67645,1.87,3.00
2016.02.26 03:34:32.119,0.6763,0.67644,1.75,1.00
2016.02.26 03:34:32.626,0.6763,0.67645,2.25,1.00
2016.02.26 03:34:33.079,0.6763,0.67645,2.25,1.00
2016.02.26 03:34:34.345,0.6763,0.67644,2.25,1.00
2016.02.26 03:34:34.592,0.67628,0.67644,1.50,1.00
2016.02.26 03:34:34.643,0.67628,0.67644,1.12,1.37
2016.02.26 03:34:34.745,0.67626,0.67641,1.50,1.00
2016.02.26 03:34:34.846,0.67626,0.6764,1.00,1.12
2016.02.26 03:34:35.150,0.67624,0.6764,1.50,1.12
2016.02.26 03:34:37.043,0.67625,0.6764,1.00,1.12
2016.02.26 03:34:38.336,0.67626,0.6764,1.00,1.12
2016.02.26 03:34:38.842,0.67625,0.6764,1.00,1.12
2016.02.26 03:34:43.091,0.67627,0.6764,1.00,1.12
2016.02.26 03:34:44.394,0.67628,0.67643,1.00,1.50
2016.02.26 03:34:44.445,0.67628,0.67643,1.00,1.50
2016.02.26 03:34:44.749,0.67626,0.67643,2.25,1.00
2016.02.26 03:34:44.901,0.67626,0.67644,2.25,1.12
2016.02.26 03:34:45.448,0.67629,0.67645,1.12,1.12
2016.02.26 03:34:45.955,0.67627,0.67644,1.50,1.50
2016.02.26 03:34:46.108,0.67628,0.67646,1.87,2.25
2016.02.26 03:34:46.260,0.67629,0.67646,1.50,1.00
2016.02.26 03:34:46.362,0.67629,0.67644,1.12,1.12
2016.02.26 03:34:46.716,0.67626,0.67643,2.25,1.00
2016.02.26 03:34:46.818,0.67628,0.67643,1.00,1.00
2016.02.26 03:34:47.264,0.67626,0.67643,2.25,1.00
2016.02.26 03:34:47.467,0.67628,0.67643,1.00,1.00
2016.02.26 03:34:47.770,0.67628,0.67644,1.00,2.25
2016.02.26 03:34:49.370,0.67626,0.67644,1.87,3.00
2016.02.26 03:34:49.471,0.67628,0.67644,1.00,2.25
2016.02.26 03:34:51.412,0.67627,0.67643,1.00,1.50
2016.02.26 03:34:51.920,0.67628,0.67644,1.00,2.25
2016.02.26 03:34:52.426,0.67627,0.67643,1.00,1.50
2016.02.26 03:34:54.118,0.67626,0.67644,1.87,3.00
2016.02.26 03:34:56.292,0.67627,0.67643,1.00,1.50
2016.02.26 03:35:00.025,0.67626,0.67643,1.87,1.50
2016.02.26 03:35:00.178,0.67626,0.67643,1.87,1.12
2016.02.26 03:35:00.229,0.67628,0.67643,1.00,1.50
2016.02.26 03:35:00.760,0.67628,0.67643,1.00,1.50
2016.02.26 03:35:02.006,0.67626,0.67643,1.00,3.00
2016.02.26 03:35:02.158,0.67625,0.67641,1.00,2.25
2016.02.26 03:35:03.764,0.67625,0.6764,1.00,1.00
2016.02.26 03:35:04.387,0.67626,0.6764,1.00,1.00
2016.02.26 03:35:05.107,0.67625,0.6764,1.00,1.00
2016.02.26 03:35:05.412,0.67624,0.67639,1.00,1.50
2016.02.26 03:35:05.705,0.67621,0.67639,1.95,2.25
2016.02.26 03:35:06.416,0.67623,0.67639,1.00,1.50
2016.02.26 03:35:07.464,0.67623,0.67639,1.00,1.50
2016.02.26 03:35:08.176,0.67622,0.67639,1.00,1.50
2016.02.26 03:35:08.702,0.67623,0.67639,1.00,1.50
2016.02.26 03:35:10.240,0.67622,0.67639,1.00,1.50
2016.02.26 03:35:10.784,0.67623,0.67639,1.00,1.50
2016.02.26 03:35:12.226,0.67622,0.67639,1.00,1.50
2016.02.26 03:35:12.743,0.67623,0.67639,1.00,2.25
2016.02.26 03:35:12.794,0.67621,0.67639,1.87,2.25
2016.02.26 03:35:13.342,0.67622,0.67639,1.00,1.50
2016.02.26 03:35:14.100,0.67622,0.67637,1.00,1.50
2016.02.26 03:35:14.353,0.6762,0.67636,1.00,1.00
2016.02.26 03:35:14.505,0.6762,0.67636,1.00,1.50
2016.02.26 03:35:14.721,0.67618,0.67634,1.12,1.37
2016.02.26 03:35:17.213,0.67619,0.67635,1.00,2.25
2016.02.26 03:35:18.050,0.67619,0.67636,1.50,1.00
2016.02.26 03:35:18.163,0.67618,0.67635,1.87,1.12
2016.02.26 03:35:18.671,0.67618,0.67634,1.00,1.00
2016.02.26 03:35:22.577,0.67617,0.67634,1.50,1.00
2016.02.26 03:35:23.083,0.67618,0.67634,1.00,1.00
2016.02.26 03:35:24.688,0.67617,0.67634,2.25,1.00
2016.02.26 03:35:25.219,0.67618,0.67634,1.00,1.50
2016.02.26 03:35:25.787,0.67617,0.67634,2.25,1.00
2016.02.26 03:35:26.545,0.6762,0.67634,1.00,1.00
2016.02.26 03:35:28.507,0.67617,0.67634,2.25,1.00
2016.02.26 03:35:29.046,0.67618,0.67634,1.00,1.00
2016.02.26 03:35:30.606,0.67617,0.67634,2.25,1.00
2016.02.26 03:35:31.153,0.67618,0.67634,1.00,1.00
2016.02.26 03:35:32.567,0.67617,0.67634,2.25,1.00
2016.02.26 03:35:32.852,0.67619,0.67634,1.00,1.00
2016.02.26 03:35:34.547,0.67618,0.67634,1.00,1.00
2016.02.26 03:35:35.066,0.67617,0.67634,1.50,1.50
2016.02.26 03:35:35.571,0.67618,0.67634,1.50,1.00
2016.02.26 03:35:37.775,0.67619,0.67634,1.00,1.00
2016.02.26 03:35:38.207,0.67617,0.67634,1.50,1.50
2016.02.26 03:35:38.731,0.67618,0.67634,1.00,1.50
2016.02.26 03:35:40.488,0.67617,0.67634,1.50,1.50
2016.02.26 03:35:40.995,0.67618,0.67634,1.00,2.25
2016.02.26 03:35:41.848,0.6762,0.67634,1.00,1.00
2016.02.26 03:35:43.564,0.67618,0.67634,1.00,1.50
2016.02.26 03:35:45.551,0.67617,0.67634,2.25,1.00
2016.02.26 03:35:46.060,0.67618,0.67634,1.00,1.00
2016.02.26 03:35:56.097,0.67618,0.67635,1.75,1.00
2016.02.26 03:35:56.639,0.6762,0.67636,1.50,1.57
2016.02.26 03:35:57.455,0.67621,0.67636,1.75,1.00
2016.02.26 03:36:00.172,0.67621,0.67636,2.25,1.00
2016.02.26 03:36:00.679,0.67622,0.67637,1.75,1.00
2016.02.26 03:36:02.688,0.6762,0.67637,1.50,1.12
2016.02.26 03:36:04.800,0.67619,0.67636,1.75,1.00
2016.02.26 03:36:06.521,0.67619,0.67636,1.75,1.00
2016.02.26 03:36:07.518,0.67622,0.67636,1.00,1.00
2016.02.26 03:36:12.766,0.67622,0.67637,1.00,1.50
2016.02.26 03:36:17.488,0.67622,0.67636,1.00,1.00
2016.02.26 03:36:25.391,0.67622,0.67637,1.00,1.50
2016.02.26 03:36:29.802,0.67622,0.67635,1.00,1.00
2016.02.26 03:36:38.241,0.67622,0.67637,1.00,2.40
2016.02.26 03:36:41.265,0.67622,0.67635,1.00,1.00
2016.02.26 03:36:45.269,0.67622,0.67637,1.50,1.00
2016.02.26 03:36:45.370,0.67623,0.67637,1.50,1.00
2016.02.26 03:36:45.471,0.67623,0.67637,1.12,1.00
2016.02.26 03:36:45.573,0.67623,0.67637,1.75,1.00
2016.02.26 03:36:45.876,0.67622,0.67637,2.25,1.00
2016.02.26 03:36:46.980,0.67624,0.67637,1.75,1.00
2016.02.26 03:36:47.082,0.67624,0.67637,1.75,1.00
2016.02.26 03:36:47.285,0.67624,0.67637,1.75,1.00
2016.02.26 03:36:47.487,0.67624,0.67637,1.75,1.00
2016.02.26 03:36:49.563,0.67624,0.67637,1.75,1.00
2016.02.26 03:36:49.715,0.67624,0.67637,1.50,1.00
2016.02.26 03:36:50.511,0.67624,0.67637,2.25,1.00
2016.02.26 03:36:50.613,0.67625,0.67637,1.00,1.00
2016.02.26 03:36:52.519,0.67624,0.67637,1.00,1.00
2016.02.26 03:36:53.139,0.67622,0.67637,2.25,1.00
2016.02.26 03:36:53.729,0.67622,0.67637,1.12,1.00
2016.02.26 03:36:54.325,0.67622,0.67637,1.50,1.00
2016.02.26 03:36:54.527,0.67622,0.67637,2.25,1.00
2016.02.26 03:36:54.831,0.67623,0.67637,1.00,1.00
2016.02.26 03:36:57.100,0.67623,0.67637,1.50,1.00
2016.02.26 03:36:57.606,0.67622,0.67637,1.50,1.00
2016.02.26 03:36:59.271,0.67622,0.67637,1.75,1.00
2016.02.26 03:36:59.726,0.67623,0.67637,2.25,1.00
2016.02.26 03:36:59.929,0.67621,0.67637,1.75,1.00
2016.02.26 03:37:00.739,0.67621,0.67638,1.75,1.00
2016.02.26 03:37:02.141,0.67622,0.67638,1.75,1.00
2016.02.26 03:37:02.732,0.67623,0.6764,1.75,1.20
2016.02.26 03:37:03.237,0.67623,0.67638,1.50,1.00
2016.02.26 03:37:03.742,0.67621,0.67639,2.25,1.10
2016.02.26 03:37:03.995,0.67621,0.67638,1.50,1.00
2016.02.26 03:37:05.046,0.67621,0.67638,1.50,1.00
2016.02.26 03:37:05.551,0.67623,0.67639,1.00,1.10
2016.02.26 03:37:06.101,0.67623,0.67638,1.00,1.57
2016.02.26 03:37:10.167,0.6762,0.67637,1.75,1.00
2016.02.26 03:37:12.789,0.6762,0.67638,1.75,1.95
2016.02.26 03:37:13.293,0.67621,0.67638,1.50,1.10
2016.02.26 03:37:13.794,0.67621,0.67637,1.50,1.00
2016.02.26 03:37:14.252,0.67621,0.67638,1.75,1.10
2016.02.26 03:37:14.404,0.67621,0.67637,1.50,1.00
2016.02.26 03:37:15.502,0.67621,0.67638,1.50,1.00
2016.02.26 03:37:16.008,0.67621,0.67639,2.25,1.57
2016.02.26 03:37:16.790,0.67621,0.67639,1.87,2.32
2016.02.26 03:37:17.315,0.67622,0.67639,1.00,1.57
2016.02.26 03:37:18.517,0.67621,0.67639,1.87,2.32
2016.02.26 03:37:19.025,0.67622,0.67638,1.00,1.12
2016.02.26 03:37:22.938,0.67621,0.67639,1.87,2.25
2016.02.26 03:37:24.900,0.67623,0.67639,1.00,3.00
2016.02.26 03:37:27.009,0.67621,0.67639,1.12,3.00
2016.02.26 03:37:28.766,0.67622,0.67639,1.00,3.00
2016.02.26 03:37:32.583,0.67623,0.67639,1.00,3.00
2016.02.26 03:37:33.132,0.67622,0.67639,1.50,2.25
2016.02.26 03:37:36.499,0.67621,0.67639,1.87,3.75
2016.02.26 03:37:41.265,0.67622,0.67638,1.00,1.12
2016.02.26 03:37:46.438,0.6762,0.67638,3.00,1.87
2016.02.26 03:37:48.451,0.67622,0.67638,1.00,1.87
2016.02.26 03:37:49.002,0.67621,0.67638,1.12,1.12
2016.02.26 03:37:50.844,0.67622,0.67638,1.00,1.12
2016.02.26 03:37:51.711,0.67622,0.67639,1.87,1.50
2016.02.26 03:37:51.812,0.67623,0.67641,1.37,3.00
2016.02.26 03:37:52.317,0.67624,0.67641,1.00,3.75
2016.02.26 03:37:53.317,0.67623,0.67641,1.87,3.75
2016.02.26 03:37:53.519,0.67623,0.67641,1.37,3.00
2016.02.26 03:37:55.337,0.67624,0.67641,1.00,3.00
2016.02.26 03:37:57.859,0.67623,0.67639,1.00,1.00
2016.02.26 03:37:58.368,0.67622,0.67639,1.87,1.00
2016.02.26 03:37:59.084,0.67621,0.67639,1.87,2.25
2016.02.26 03:38:01.632,0.67621,0.67639,1.87,2.25
2016.02.26 03:38:02.149,0.67623,0.67639,1.12,1.00
2016.02.26 03:38:04.594,0.67624,0.6764,1.00,1.87
2016.02.26 03:38:06.816,0.67623,0.6764,1.12,1.12
2016.02.26 03:38:07.322,0.67624,0.6764,1.00,1.12
2016.02.26 03:38:08.905,0.67623,0.6764,1.12,1.12
2016.02.26 03:38:09.209,0.67625,0.6764,1.00,1.12
2016.02.26 03:38:10.763,0.67623,0.67639,1.12,1.00
2016.02.26 03:38:11.673,0.67623,0.67638,1.00,1.00
2016.02.26 03:38:11.775,0.67621,0.67638,2.25,1.00
2016.02.26 03:38:12.473,0.67621,0.67638,1.87,1.50
2016.02.26 03:38:27.510,0.67618,0.67636,1.50,1.12
2016.02.26 03:38:27.612,0.67617,0.67634,1.50,1.00
2016.02.26 03:38:28.120,0.67617,0.67635,2.25,1.12
2016.02.26 03:38:28.667,0.67617,0.67634,1.50,1.00
2016.02.26 03:38:35.506,0.67617,0.67635,1.50,1.12
2016.02.26 03:38:44.246,0.67618,0.67636,2.25,1.87
2016.02.26 03:38:44.788,0.6762,0.67636,1.00,1.50
2016.02.26 03:38:47.302,0.6762,0.67637,2.25,1.00
2016.02.26 03:38:47.606,0.67622,0.67639,1.12,2.32
2016.02.26 03:38:48.389,0.67622,0.67639,1.12,1.12
2016.02.26 03:38:50.551,0.67622,0.6764,1.00,2.40
2016.02.26 03:38:51.824,0.67622,0.6764,1.00,2.40
2016.02.26 03:38:52.329,0.67621,0.67639,1.50,2.25
2016.02.26 03:38:52.937,0.67621,0.67638,1.00,2.25
2016.02.26 03:38:53.435,0.67619,0.67636,1.50,2.25
2016.02.26 03:38:59.254,0.6762,0.67636,1.00,1.85
2016.02.26 03:39:03.018,0.67621,0.67635,1.00,1.37
2016.02.26 03:39:07.581,0.67621,0.67635,1.00,1.12
2016.02.26 03:39:08.211,0.67619,0.67635,1.50,1.12
2016.02.26 03:39:08.730,0.6762,0.67635,1.50,1.12
2016.02.26 03:39:13.153,0.67619,0.67635,1.00,1.87
2016.02.26 03:39:13.357,0.67617,0.67634,2.25,1.50
2016.02.26 03:39:13.669,0.67618,0.67635,1.37,1.50
2016.02.26 03:39:13.770,0.67618,0.67635,1.12,1.37
2016.02.26 03:39:14.276,0.67617,0.67635,2.25,1.00
2016.02.26 03:39:15.905,0.67618,0.67634,1.50,1.00
2016.02.26 03:39:16.488,0.67618,0.67634,1.00,1.12
2016.02.26 03:39:17.007,0.67617,0.67635,1.87,1.50
2016.02.26 03:39:17.678,0.67617,0.67635,2.25,1.37
2016.02.26 03:39:18.216,0.67617,0.67633,1.50,1.00
2016.02.26 03:39:20.162,0.67617,0.67632,1.00,1.00
2016.02.26 03:39:20.672,0.67617,0.67633,1.00,1.00
2016.02.26 03:39:23.247,0.67619,0.67633,1.00,1.00
2016.02.26 03:39:23.756,0.6762,0.67633,1.00,1.00
2016.02.26 03:39:24.747,0.6762,0.67635,1.12,1.20
2016.02.26 03:39:25.822,0.67621,0.67635,1.00,1.12
2016.02.26 03:39:27.670,0.6762,0.67635,1.50,1.12
2016.02.26 03:39:28.533,0.67619,0.67635,1.00,1.12
2016.02.26 03:39:28.989,0.67616,0.67634,3.07,1.87
2016.02.26 03:39:29.141,0.67616,0.67634,3.00,1.87
2016.02.26 03:39:29.294,0.67617,0.67634,1.12,1.12
2016.02.26 03:39:34.136,0.67618,0.67635,1.00,1.50
