2017.09.04 02:00:02.354,0.71697,0.71705,1.00,1.50
2017.09.04 02:00:03.712,0.71697,0.71704,1.00,1.00
2017.09.04 02:00:04.658,0.71696,0.71704,1.00,1.87
2017.09.04 02:00:05.178,0.71696,0.71703,1.12,1.25
2017.09.04 02:00:06.344,0.71696,0.71704,1.12,1.87
2017.09.04 02:00:10.309,0.71698,0.71704,1.00,1.50
2017.09.04 02:00:16.755,0.71698,0.71705,1.00,1.50
2017.09.04 02:00:20.914,0.71698,0.71704,1.00,1.00
2017.09.04 02:00:22.533,0.71698,0.71705,1.00,1.50
2017.09.04 02:00:26.265,0.71698,0.71703,1.00,1.00
2017.09.04 02:00:39.534,0.71697,0.71703,1.00,1.00
2017.09.04 02:00:39.789,0.71698,0.71705,1.00,1.00
2017.09.04 02:00:52.560,0.71697,0.71705,1.00,3.19
2017.09.04 02:01:04.504,0.71697,0.71704,1.00,1.00
2017.09.04 02:01:22.624,0.71696,0.71704,1.00,1.25
2017.09.04 02:01:22.777,0.71695,0.71702,1.50,1.00
2017.09.04 02:01:23.315,0.71695,0.71703,1.50,1.50
2017.09.04 02:01:24.196,0.71696,0.71703,1.00,1.00
2017.09.04 02:01:26.381,0.71696,0.71704,1.00,1.00
2017.09.04 02:01:55.110,0.71698,0.71705,1.00,1.00
2017.09.04 02:01:55.416,0.71705,0.71714,1.50,1.87
2017.09.04 02:01:56.253,0.71705,0.71714,1.50,1.87
2017.09.04 02:01:56.406,0.71705,0.71712,1.50,1.00
2017.09.04 02:01:59.834,0.71705,0.71712,1.50,1.00
2017.09.04 02:02:00.109,0.71705,0.71714,1.50,2.25
2017.09.04 02:02:00.656,0.71705,0.71713,1.50,2.44
2017.09.04 02:02:01.265,0.71705,0.71713,1.00,2.25
2017.09.04 02:02:01.383,0.71705,0.71711,1.00,1.00
2017.09.04 02:02:02.302,0.71703,0.71711,2.44,1.00
2017.09.04 02:02:02.354,0.71703,0.71713,1.50,1.50
2017.09.04 02:02:04.513,0.71703,0.71713,2.25,1.50
2017.09.04 02:02:04.565,0.71703,0.71713,1.50,1.50
2017.09.04 02:02:05.232,0.71704,0.71713,1.00,1.50
2017.09.04 02:02:07.408,0.71706,0.71713,1.00,1.00
2017.09.04 02:02:33.875,0.71706,0.71713,1.50,1.00
2017.09.04 02:02:34.462,0.71706,0.71713,1.00,1.00
2017.09.04 02:02:45.971,0.71705,0.71713,1.00,1.00
2017.09.04 02:02:46.278,0.71702,0.7171,1.00,1.69
2017.09.04 02:02:46.686,0.71701,0.71708,1.00,1.00
2017.09.04 02:02:47.981,0.71701,0.71709,1.00,2.51
2017.09.04 02:02:49.061,0.71701,0.71708,1.00,1.00
2017.09.04 02:02:49.430,0.71697,0.71705,1.00,1.00
2017.09.04 02:02:49.940,0.71697,0.71704,1.00,1.00
2017.09.04 02:02:50.441,0.71697,0.71705,1.00,1.00
2017.09.04 02:02:54.797,0.71697,0.71706,1.00,1.87
2017.09.04 02:02:56.564,0.71697,0.71705,1.00,1.00
2017.09.04 02:03:38.525,0.71696,0.71702,1.00,1.00
2017.09.04 02:03:38.627,0.71693,0.71701,1.95,1.00
2017.09.04 02:03:38.730,0.71696,0.71704,1.00,2.81
2017.09.04 02:03:39.241,0.71698,0.71705,1.00,1.50
2017.09.04 02:03:39.751,0.71697,0.71705,1.00,1.50
2017.09.04 02:03:49.110,0.71697,0.71704,1.00,1.00
2017.09.04 02:03:49.634,0.71697,0.71705,1.00,2.25
2017.09.04 02:03:51.676,0.71697,0.71704,1.00,1.00
2017.09.04 02:03:54.105,0.71697,0.71703,1.00,1.25
2017.09.04 02:03:54.763,0.71697,0.71704,1.00,2.44
2017.09.04 02:03:56.168,0.71697,0.71703,1.00,1.00
2017.09.04 02:03:56.718,0.71697,0.71704,1.00,1.87
2017.09.04 02:03:57.305,0.71697,0.71703,1.00,1.00
2017.09.04 02:03:57.939,0.71697,0.71704,1.00,1.69
2017.09.04 02:03:58.660,0.71697,0.71703,1.00,1.00
2017.09.04 02:03:59.315,0.71697,0.71704,1.00,1.69
2017.09.04 02:04:00.132,0.71696,0.71704,1.00,2.44
2017.09.04 02:04:00.855,0.71696,0.71703,1.00,1.00
2017.09.04 02:04:01.839,0.71696,0.71704,1.00,1.50
2017.09.04 02:04:05.191,0.71696,0.71704,1.00,1.69
2017.09.04 02:04:05.726,0.71696,0.71704,1.00,1.00
2017.09.04 02:04:13.036,0.71696,0.71704,1.00,1.87
2017.09.04 02:04:13.599,0.71696,0.71704,1.00,1.00
2017.09.04 02:04:24.561,0.71696,0.71703,1.00,1.00
2017.09.04 02:04:24.866,0.71691,0.71699,1.50,1.50
2017.09.04 02:04:25.494,0.71691,0.71698,1.50,1.50
2017.09.04 02:04:26.461,0.71692,0.71699,1.00,1.00
2017.09.04 02:04:28.039,0.71692,0.71698,1.00,1.50
2017.09.04 02:04:28.792,0.71692,0.71699,1.00,2.44
2017.09.04 02:04:29.090,0.71692,0.717,1.00,2.62
2017.09.04 02:04:29.639,0.71693,0.717,1.00,1.25
2017.09.04 02:04:30.189,0.71692,0.717,1.00,3.64
2017.09.04 02:04:30.343,0.71689,0.71695,1.00,1.00
2017.09.04 02:04:30.394,0.71686,0.71694,1.87,1.00
2017.09.04 02:04:30.539,0.71688,0.71697,1.12,1.10
2017.09.04 02:04:31.082,0.71687,0.71696,1.50,1.00
2017.09.04 02:04:40.271,0.71688,0.71697,1.00,1.12
2017.09.04 02:04:58.188,0.71687,0.71696,1.50,1.00
2017.09.04 02:04:58.239,0.71685,0.71694,1.50,1.00
2017.09.04 02:05:00.274,0.71684,0.71691,1.00,1.00
2017.09.04 02:05:00.788,0.71683,0.7169,1.87,1.00
2017.09.04 02:05:00.997,0.71683,0.7169,1.87,1.00
2017.09.04 02:05:01.150,0.71683,0.7169,2.70,1.00
2017.09.04 02:05:01.679,0.71683,0.7169,2.70,1.00
2017.09.04 02:05:03.178,0.71684,0.71693,2.14,1.00
2017.09.04 02:05:03.229,0.71687,0.71693,1.70,1.00
2017.09.04 02:05:03.314,0.71687,0.71695,1.45,1.00
2017.09.04 02:05:03.366,0.71689,0.71698,2.32,1.00
2017.09.04 02:05:03.417,0.7169,0.717,1.10,2.25
2017.09.04 02:05:03.468,0.71689,0.717,4.76,1.12
2017.09.04 02:05:04.045,0.7169,0.717,1.01,1.12
2017.09.04 02:05:04.351,0.71694,0.71704,1.57,1.00
2017.09.04 02:05:05.277,0.71695,0.71704,2.32,1.50
2017.09.04 02:05:05.847,0.71695,0.71703,2.32,1.00
2017.09.04 02:05:06.652,0.71695,0.71703,1.95,1.00
2017.09.04 02:05:07.003,0.71697,0.71705,1.07,2.25
2017.09.04 02:05:07.312,0.71699,0.71708,1.45,1.50
2017.09.04 02:05:07.866,0.71699,0.71708,1.57,1.50
2017.09.04 02:05:08.070,0.71699,0.71708,1.00,2.62
2017.09.04 02:05:08.528,0.71699,0.71708,1.57,1.00
2017.09.04 02:05:08.579,0.71699,0.7171,3.07,3.00
2017.09.04 02:05:13.562,0.71699,0.7171,4.57,3.00
2017.09.04 02:05:15.093,0.71699,0.7171,3.45,2.25
2017.09.04 02:05:17.531,0.71701,0.71709,1.10,1.00
2017.09.04 02:05:18.861,0.71701,0.71707,1.10,1.00
2017.09.04 02:05:19.493,0.71699,0.71706,1.95,1.00
2017.09.04 02:05:27.585,0.71699,0.71707,2.32,1.00
2017.09.04 02:05:29.913,0.71699,0.71706,1.57,1.00
2017.09.04 02:05:30.420,0.717,0.71705,1.07,1.00
2017.09.04 02:05:31.076,0.71698,0.71704,1.57,1.00
2017.09.04 02:05:31.248,0.71696,0.717,1.12,1.00
2017.09.04 02:05:31.351,0.71693,0.71698,1.12,1.00
2017.09.04 02:05:31.555,0.71691,0.71697,1.87,1.00
2017.09.04 02:05:35.531,0.71691,0.71697,2.62,1.00
2017.09.04 02:05:36.046,0.71691,0.71697,1.87,1.00
2017.09.04 02:05:50.374,0.7169,0.71694,1.00,1.00
2017.09.04 02:05:50.629,0.71688,0.71694,1.00,1.00
2017.09.04 02:05:50.833,0.71687,0.71692,1.00,1.00
2017.09.04 02:05:51.243,0.71684,0.71691,1.50,1.00
2017.09.04 02:05:51.385,0.71682,0.71689,1.50,1.00
2017.09.04 02:05:51.693,0.71685,0.71692,1.01,1.00
2017.09.04 02:05:51.998,0.71687,0.71693,1.10,1.00
2017.09.04 02:05:54.835,0.71686,0.71691,1.95,1.00
2017.09.04 02:05:54.989,0.71685,0.71691,2.06,1.00
2017.09.04 02:05:56.351,0.71684,0.71689,2.89,1.00
2017.09.04 02:05:56.453,0.71683,0.71689,2.06,1.00
2017.09.04 02:05:57.219,0.71682,0.71688,3.19,1.00
2017.09.04 02:06:00.362,0.71682,0.71688,1.50,1.00
2017.09.04 02:06:00.882,0.71682,0.71688,1.87,1.00
2017.09.04 02:06:01.429,0.71682,0.71688,1.69,1.00
2017.09.04 02:06:03.125,0.71682,0.71688,3.00,1.00
2017.09.04 02:06:03.718,0.71682,0.71688,2.81,1.00
2017.09.04 02:06:04.742,0.71681,0.71688,1.50,1.00
2017.09.04 02:06:04.844,0.71681,0.71686,1.00,1.00
2017.09.04 02:06:06.846,0.71679,0.71686,1.01,1.00
2017.09.04 02:06:07.523,0.71679,0.71686,1.76,1.00
2017.09.04 02:06:08.427,0.71678,0.71684,1.57,1.00
2017.09.04 02:06:08.788,0.7168,0.71684,1.00,1.00
2017.09.04 02:06:08.839,0.71679,0.71686,1.39,1.00
2017.09.04 02:06:09.347,0.7168,0.71685,1.12,1.00
2017.09.04 02:06:09.677,0.71677,0.71684,1.25,1.00
2017.09.04 02:06:09.881,0.71677,0.71682,1.00,1.00
2017.09.04 02:06:10.395,0.71676,0.71682,1.00,1.00
2017.09.04 02:06:12.194,0.71676,0.71681,1.00,1.00
2017.09.04 02:06:12.246,0.71673,0.7168,1.10,1.00
2017.09.04 02:06:12.299,0.71673,0.71678,1.10,1.00
2017.09.04 02:06:12.401,0.71671,0.71678,1.50,1.00
2017.09.04 02:06:12.606,0.71671,0.71676,1.00,1.00
2017.09.04 02:06:13.216,0.71672,0.71676,1.00,1.00
2017.09.04 02:06:17.092,0.71671,0.71676,1.87,1.00
2017.09.04 02:06:21.280,0.71672,0.71679,1.25,1.00
2017.09.04 02:06:21.433,0.71673,0.71681,3.07,1.50
2017.09.04 02:06:21.738,0.71674,0.71681,1.01,1.00
2017.09.04 02:06:22.937,0.71675,0.71681,1.10,1.00
2017.09.04 02:06:23.937,0.71675,0.71681,1.20,1.00
2017.09.04 02:06:31.279,0.71674,0.71681,2.14,1.00
2017.09.04 02:06:31.883,0.71674,0.71681,1.01,1.00
2017.09.04 02:06:32.188,0.71671,0.71678,1.00,1.00
2017.09.04 02:06:32.493,0.7167,0.71676,1.00,1.00
2017.09.04 02:06:33.010,0.71671,0.71677,1.00,1.00
2017.09.04 02:06:47.605,0.71671,0.71675,1.12,1.00
2017.09.04 02:06:47.656,0.71669,0.71675,1.20,1.00
2017.09.04 02:06:48.217,0.71669,0.71676,1.00,1.00
2017.09.04 02:06:49.225,0.71669,0.71675,1.00,1.00
2017.09.04 02:06:49.739,0.71668,0.71674,1.00,1.00
2017.09.04 02:06:50.505,0.71667,0.71673,1.00,1.00
2017.09.04 02:07:02.174,0.71666,0.71673,1.00,1.00
2017.09.04 02:07:02.468,0.71668,0.71673,1.25,1.00
2017.09.04 02:07:02.570,0.7167,0.71676,1.69,1.00
2017.09.04 02:07:02.672,0.71671,0.71677,2.06,1.00
2017.09.04 02:07:02.825,0.71672,0.71679,1.32,1.00
2017.09.04 02:07:03.091,0.71671,0.71678,1.01,1.00
2017.09.04 02:07:03.705,0.71672,0.71678,1.00,1.00
2017.09.04 02:07:07.559,0.7167,0.71678,2.32,1.00
2017.09.04 02:07:08.062,0.7167,0.71677,1.00,1.00
2017.09.04 02:07:08.714,0.7167,0.71677,2.44,1.00
2017.09.04 02:07:08.765,0.7167,0.71677,1.00,1.00
2017.09.04 02:07:09.305,0.7167,0.71677,1.20,1.00
2017.09.04 02:07:10.051,0.7167,0.71677,1.10,1.00
2017.09.04 02:07:11.089,0.71671,0.71678,1.95,1.00
2017.09.04 02:07:11.429,0.71674,0.71679,1.37,1.00
2017.09.04 02:07:12.757,0.71674,0.71679,1.00,1.00
2017.09.04 02:07:13.347,0.71674,0.7168,1.10,1.00
2017.09.04 02:07:14.058,0.71674,0.71681,1.20,1.00
2017.09.04 02:07:15.383,0.71674,0.71681,1.39,1.00
2017.09.04 02:07:17.644,0.71675,0.7168,1.00,1.00
2017.09.04 02:07:18.724,0.71673,0.7168,3.82,1.00
2017.09.04 02:07:19.414,0.71673,0.7168,1.57,1.00
2017.09.04 02:07:19.516,0.71673,0.7168,1.20,1.00
2017.09.04 02:07:20.075,0.71673,0.7168,1.20,1.00
2017.09.04 02:07:26.068,0.71673,0.7168,1.20,1.00
2017.09.04 02:07:26.589,0.71673,0.7168,2.32,1.00
2017.09.04 02:07:27.103,0.71674,0.71681,1.20,1.00
2017.09.04 02:07:27.381,0.71677,0.71683,1.10,1.00
2017.09.04 02:07:27.687,0.71679,0.71684,1.00,1.00
2017.09.04 02:07:28.811,0.71674,0.71681,2.44,1.00
2017.09.04 02:07:36.043,0.71678,0.71685,2.25,1.00
2017.09.04 02:07:36.094,0.71678,0.71686,5.14,1.00
2017.09.04 02:07:36.146,0.71683,0.7169,1.00,1.12
2017.09.04 02:07:36.197,0.71682,0.71687,1.12,1.00
2017.09.04 02:07:36.755,0.71681,0.71687,1.00,1.00
2017.09.04 02:07:39.994,0.71679,0.71684,2.89,1.00
2017.09.04 02:07:40.300,0.71675,0.71679,1.00,1.00
2017.09.04 02:07:45.123,0.71674,0.71679,1.00,1.00
2017.09.04 02:07:48.230,0.71674,0.7168,1.87,1.00
2017.09.04 02:07:48.922,0.71674,0.71679,1.00,1.00
2017.09.04 02:07:49.780,0.71674,0.71679,1.44,1.00
2017.09.04 02:07:50.254,0.71674,0.71682,3.75,1.00
2017.09.04 02:07:50.358,0.71676,0.71684,1.12,1.00
2017.09.04 02:07:50.940,0.71676,0.71683,1.87,1.00
2017.09.04 02:07:52.693,0.71676,0.71683,1.87,1.00
2017.09.04 02:07:52.745,0.7168,0.71685,1.00,1.00
2017.09.04 02:07:53.053,0.71679,0.71683,1.00,1.00
2017.09.04 02:07:53.759,0.71678,0.71683,1.12,1.00
2017.09.04 02:07:57.240,0.71678,0.71682,1.25,1.00
2017.09.04 02:07:59.704,0.71675,0.71682,1.76,1.00
2017.09.04 02:07:59.806,0.71673,0.7168,3.26,1.00
2017.09.04 02:08:00.516,0.71673,0.7168,1.87,1.00
2017.09.04 02:08:01.304,0.71674,0.71682,1.69,1.00
2017.09.04 02:08:01.587,0.71676,0.71682,1.00,1.00
2017.09.04 02:08:01.895,0.71678,0.71684,1.00,1.00
2017.09.04 02:08:02.202,0.71674,0.71679,1.50,1.00
2017.09.04 02:08:02.254,0.71674,0.71682,1.76,1.00
2017.09.04 02:08:02.797,0.71674,0.71682,1.39,1.00
2017.09.04 02:08:04.133,0.71674,0.7168,1.95,1.00
2017.09.04 02:08:04.329,0.71674,0.71682,1.10,1.00
2017.09.04 02:08:04.859,0.71674,0.71681,3.07,1.00
2017.09.04 02:08:06.054,0.71674,0.71681,3.82,1.00
2017.09.04 02:08:07.840,0.71674,0.71681,3.82,1.00
2017.09.04 02:08:08.426,0.71674,0.71681,3.82,1.00
2017.09.04 02:08:08.529,0.71675,0.71681,1.87,1.00
2017.09.04 02:08:09.099,0.71675,0.71681,2.62,1.00
2017.09.04 02:08:09.632,0.71675,0.71681,1.50,1.00
2017.09.04 02:08:10.717,0.71677,0.71685,1.25,1.00
2017.09.04 02:08:10.768,0.71679,0.71685,1.00,1.00
2017.09.04 02:08:11.248,0.71679,0.71688,1.50,1.00
2017.09.04 02:08:11.303,0.71682,0.71691,1.12,1.00
2017.09.04 02:08:12.556,0.71685,0.71691,1.25,1.00
2017.09.04 02:08:12.608,0.71685,0.71693,1.25,1.50
2017.09.04 02:08:12.760,0.7169,0.71698,1.00,1.37
2017.09.04 02:08:14.410,0.7169,0.71699,1.12,1.00
2017.09.04 02:08:16.901,0.71689,0.71697,1.87,1.00
2017.09.04 02:08:17.106,0.71684,0.71694,1.57,1.00
2017.09.04 02:08:17.208,0.71683,0.71692,2.89,1.00
2017.09.04 02:08:17.877,0.71683,0.71693,1.95,1.50
2017.09.04 02:08:20.179,0.71684,0.71692,1.12,1.00
2017.09.04 02:08:29.965,0.71682,0.71691,1.12,1.69
2017.09.04 02:08:30.067,0.71679,0.71688,4.95,1.00
2017.09.04 02:08:30.571,0.71679,0.71688,1.00,1.00
2017.09.04 02:08:30.881,0.71673,0.71682,1.00,1.50
2017.09.04 02:08:31.086,0.7167,0.7168,1.00,1.00
2017.09.04 02:08:31.231,0.7167,0.71678,1.50,1.00
2017.09.04 02:08:31.542,0.71671,0.7168,3.75,1.00
2017.09.04 02:08:31.645,0.71673,0.7168,1.00,1.00
2017.09.04 02:08:31.953,0.71675,0.71685,1.57,1.00
2017.09.04 02:08:32.055,0.71678,0.71685,1.00,1.00
2017.09.04 02:08:32.629,0.71679,0.71685,1.00,1.00
2017.09.04 02:08:32.733,0.71679,0.71687,1.00,1.00
2017.09.04 02:08:33.040,0.71677,0.71686,1.87,1.00
2017.09.04 02:08:34.480,0.71676,0.71686,3.75,1.00
2017.09.04 02:08:34.735,0.71679,0.71688,1.87,1.00
2017.09.04 02:08:34.838,0.71679,0.71687,3.00,1.00
2017.09.04 02:08:38.411,0.7168,0.7169,1.95,1.50
2017.09.04 02:08:38.462,0.71685,0.71693,1.50,1.00
2017.09.04 02:08:38.974,0.71685,0.71694,1.50,1.00
2017.09.04 02:08:39.833,0.71684,0.71693,4.69,1.00
2017.09.04 02:08:40.341,0.71684,0.71693,3.00,1.50
2017.09.04 02:08:46.797,0.71683,0.71691,1.75,1.00
2017.09.04 02:08:47.329,0.71683,0.71692,2.25,1.00
2017.09.04 02:08:48.878,0.71683,0.71692,3.07,1.00
2017.09.04 02:09:00.157,0.71686,0.71692,1.00,1.00
2017.09.04 02:09:03.033,0.71685,0.71692,1.00,1.00
2017.09.04 02:09:03.338,0.71683,0.71692,3.94,1.00
2017.09.04 02:09:03.615,0.71684,0.71692,1.00,1.00
2017.09.04 02:09:06.026,0.71685,0.71692,1.00,1.00
2017.09.04 02:09:07.495,0.71684,0.71692,1.00,1.00
2017.09.04 02:09:09.124,0.71685,0.71692,1.00,1.00
2017.09.04 02:09:18.232,0.71684,0.71691,1.50,1.00
2017.09.04 02:09:18.772,0.71683,0.71692,2.00,1.00
2017.09.04 02:09:19.281,0.71684,0.71692,1.00,1.00
2017.09.04 02:09:19.804,0.71684,0.71693,1.00,1.00
2017.09.04 02:09:21.466,0.71683,0.71693,2.44,1.00
2017.09.04 02:09:22.094,0.71685,0.71694,1.12,1.50
2017.09.04 02:09:22.898,0.71685,0.71693,1.12,1.00
2017.09.04 02:09:27.902,0.71687,0.71693,1.00,1.00
2017.09.04 02:09:27.954,0.71687,0.71697,3.00,1.87
2017.09.04 02:09:28.056,0.71687,0.71697,2.25,1.10
2017.09.04 02:09:28.509,0.71689,0.717,1.50,2.44
2017.09.04 02:09:30.078,0.71689,0.71699,1.50,1.25
2017.09.04 02:09:30.273,0.71692,0.71701,1.00,1.00
2017.09.04 02:09:30.978,0.7169,0.71701,1.87,2.44
2017.09.04 02:09:31.029,0.7169,0.71699,1.87,1.12
2017.09.04 02:09:32.330,0.71688,0.71699,2.25,1.00
2017.09.04 02:09:32.676,0.71685,0.71695,1.00,1.95
2017.09.04 02:09:33.393,0.71684,0.71694,2.62,1.10
2017.09.04 02:09:33.741,0.71683,0.71692,2.25,1.00
2017.09.04 02:09:34.596,0.71685,0.71694,1.00,1.12
2017.09.04 02:09:34.749,0.71686,0.71696,1.57,1.50
2017.09.04 02:09:35.258,0.71685,0.71696,2.25,1.50
2017.09.04 02:09:35.636,0.71684,0.71694,1.87,1.69
2017.09.04 02:09:35.879,0.71682,0.71693,1.12,2.14
2017.09.04 02:09:37.282,0.71682,0.71693,2.06,2.44
2017.09.04 02:09:37.387,0.71685,0.71693,1.00,1.50
2017.09.04 02:09:37.489,0.71683,0.71693,1.00,1.00
2017.09.04 02:09:37.846,0.71683,0.71693,1.00,6.64
2017.09.04 02:09:38.153,0.71683,0.71694,2.25,1.50
2017.09.04 02:09:38.661,0.71683,0.71693,1.00,1.57
2017.09.04 02:09:42.907,0.71683,0.71693,1.00,3.37
2017.09.04 02:09:43.484,0.71682,0.71691,1.00,1.69
2017.09.04 02:09:55.757,0.71682,0.71693,1.00,4.01
2017.09.04 02:09:56.366,0.71681,0.71691,1.00,1.25
2017.09.04 02:09:56.917,0.71681,0.7169,1.00,1.00
2017.09.04 02:09:57.437,0.7168,0.71689,1.00,2.81
2017.09.04 02:09:58.016,0.7168,0.71689,1.00,1.69
2017.09.04 02:10:02.570,0.71679,0.71689,1.50,1.44
2017.09.04 02:10:03.247,0.71679,0.71689,1.50,1.25
2017.09.04 02:10:05.799,0.7168,0.71689,1.00,1.00
2017.09.04 02:10:13.395,0.7168,0.71691,1.87,2.70
2017.09.04 02:10:13.497,0.71682,0.71691,1.00,1.95
2017.09.04 02:10:13.548,0.71682,0.71692,1.50,1.00
2017.09.04 02:10:13.716,0.71683,0.71694,3.07,1.50
2017.09.04 02:10:14.246,0.71683,0.71693,1.12,1.50
2017.09.04 02:10:14.864,0.71682,0.71692,1.00,1.20
2017.09.04 02:10:15.908,0.71683,0.71693,1.00,2.25
2017.09.04 02:10:19.793,0.71682,0.71693,1.50,2.25
2017.09.04 02:10:21.090,0.71681,0.7169,1.87,1.00
2017.09.04 02:10:22.661,0.71681,0.71691,1.87,1.12
2017.09.04 02:10:23.191,0.71682,0.71692,1.00,1.87
2017.09.04 02:10:30.158,0.71683,0.71692,1.00,1.12
2017.09.04 02:10:30.687,0.71684,0.71692,1.00,1.12
2017.09.04 02:10:35.814,0.71683,0.71694,3.45,2.25
2017.09.04 02:10:36.121,0.71691,0.71699,1.10,1.00
2017.09.04 02:10:36.325,0.71688,0.71698,1.95,1.50
2017.09.04 02:10:36.911,0.71688,0.71698,1.19,1.50
2017.09.04 02:10:37.437,0.71689,0.71699,1.00,1.50
2017.09.04 02:10:37.975,0.71688,0.71699,3.07,1.00
2017.09.04 02:10:38.495,0.71688,0.71699,2.32,1.00
2017.09.04 02:10:39.869,0.71688,0.71699,2.32,1.00
2017.09.04 02:10:40.244,0.71688,0.71699,3.07,1.00
2017.09.04 02:10:40.549,0.71692,0.71702,2.44,1.50
2017.09.04 02:10:41.369,0.71693,0.71703,1.85,1.50
2017.09.04 02:10:49.273,0.71693,0.71702,2.14,1.00
2017.09.04 02:10:49.814,0.71694,0.71702,1.00,1.00
2017.09.04 02:10:50.992,0.71694,0.71702,1.20,1.00
2017.09.04 02:10:51.500,0.71694,0.71703,1.00,1.00
2017.09.04 02:10:52.562,0.71693,0.71703,2.25,1.00
2017.09.04 02:10:59.090,0.71693,0.71701,2.25,1.00
2017.09.04 02:11:00.116,0.71694,0.71701,1.00,1.00
2017.09.04 02:11:00.910,0.71692,0.71701,1.50,1.00
2017.09.04 02:11:01.114,0.71692,0.71699,1.50,1.00
2017.09.04 02:11:03.190,0.71691,0.71697,1.00,1.00
2017.09.04 02:11:03.498,0.71682,0.71692,5.89,1.00
2017.09.04 02:11:04.035,0.71683,0.71693,1.85,1.00
2017.09.04 02:11:21.786,0.71683,0.71692,2.32,1.00
2017.09.04 02:11:24.542,0.71684,0.71692,1.00,1.00
2017.09.04 02:11:28.617,0.71683,0.71692,2.62,1.00
2017.09.04 02:11:31.754,0.71683,0.71693,2.62,1.50
2017.09.04 02:11:32.820,0.71687,0.71693,1.00,1.00
2017.09.04 02:11:33.369,0.71686,0.71693,1.12,1.00
2017.09.04 02:12:03.358,0.71687,0.71693,1.50,1.00
2017.09.04 02:12:03.409,0.71687,0.71695,1.00,1.69
2017.09.04 02:12:03.562,0.71686,0.71694,1.00,2.32
2017.09.04 02:12:06.368,0.71685,0.71692,1.00,1.00
2017.09.04 02:12:06.420,0.71683,0.71691,1.00,1.87
2017.09.04 02:12:06.471,0.71682,0.71688,1.00,1.00
2017.09.04 02:12:06.780,0.71682,0.7169,1.50,1.12
2017.09.04 02:12:06.832,0.71685,0.71691,1.00,1.20
2017.09.04 02:12:06.985,0.71687,0.71694,1.00,4.20
2017.09.04 02:12:07.496,0.71686,0.71694,1.00,1.00
2017.09.04 02:12:08.532,0.71687,0.71694,1.00,1.00
2017.09.04 02:12:18.856,0.71686,0.71694,1.00,1.12
2017.09.04 02:12:19.478,0.71686,0.71693,1.00,1.00
2017.09.04 02:12:21.241,0.71685,0.71693,1.00,1.25
2017.09.04 02:12:21.368,0.71684,0.71691,1.00,1.50
2017.09.04 02:12:21.884,0.71683,0.71691,1.00,1.20
2017.09.04 02:12:23.113,0.71683,0.71691,1.00,1.76
2017.09.04 02:12:23.261,0.71684,0.71693,1.00,3.45
2017.09.04 02:12:24.494,0.71684,0.71693,1.00,1.50
2017.09.04 02:12:25.032,0.71684,0.71693,1.00,2.81
2017.09.04 02:12:25.716,0.71684,0.71693,1.00,4.12
2017.09.04 02:12:27.262,0.71684,0.71693,1.00,2.06
2017.09.04 02:12:27.783,0.71684,0.71691,1.00,1.00
2017.09.04 02:12:28.330,0.71683,0.71691,1.00,1.00
2017.09.04 02:12:29.368,0.71685,0.71691,1.00,1.12
2017.09.04 02:12:29.796,0.71687,0.71694,1.00,1.57
2017.09.04 02:12:30.389,0.71687,0.71694,1.00,1.12
2017.09.04 02:12:31.820,0.71687,0.71694,1.00,3.37
2017.09.04 02:12:36.072,0.71685,0.71693,1.00,1.31
2017.09.04 02:12:36.795,0.71685,0.71693,1.00,2.25
2017.09.04 02:12:37.100,0.71687,0.71692,1.00,1.00
2017.09.04 02:12:37.151,0.71687,0.71694,1.00,1.31
2017.09.04 02:12:38.647,0.71687,0.71692,1.00,1.00
2017.09.04 02:12:41.797,0.71685,0.71692,1.00,1.00
2017.09.04 02:12:42.725,0.71685,0.71693,1.00,1.00
2017.09.04 02:12:44.127,0.71686,0.71694,1.00,1.12
2017.09.04 02:12:56.095,0.71686,0.71693,1.00,1.00
2017.09.04 02:12:56.198,0.71687,0.71695,1.00,1.87
2017.09.04 02:13:02.130,0.71686,0.71695,1.50,2.44
2017.09.04 02:13:02.656,0.71686,0.71695,1.50,2.70
2017.09.04 02:13:04.010,0.71686,0.71695,1.50,1.00
2017.09.04 02:13:11.141,0.71686,0.71695,1.50,2.62
2017.09.04 02:13:11.675,0.71686,0.71695,1.50,1.50
2017.09.04 02:13:12.185,0.71687,0.71695,1.00,1.00
2017.09.04 02:13:12.786,0.71687,0.71696,1.00,3.00
2017.09.04 02:13:20.631,0.71687,0.71694,1.00,1.00
2017.09.04 02:13:28.981,0.71687,0.71694,1.00,1.69
2017.09.04 02:13:31.345,0.71686,0.71693,1.00,1.00
2017.09.04 02:13:34.215,0.71687,0.71695,1.00,3.19
2017.09.04 02:13:35.780,0.71686,0.71693,1.00,1.00
2017.09.04 02:13:39.926,0.71687,0.71693,1.00,1.12
2017.09.04 02:13:40.436,0.71686,0.71693,1.00,1.00
2017.09.04 02:13:53.500,0.71686,0.71694,1.00,1.00
2017.09.04 02:13:54.717,0.71686,0.71693,1.00,1.00
2017.09.04 02:14:21.294,0.71687,0.71693,1.00,1.00
2017.09.04 02:14:46.421,0.71687,0.71694,1.00,1.50
2017.09.04 02:14:59.222,0.71684,0.71693,1.20,1.50
2017.09.04 02:14:59.275,0.71684,0.71691,1.00,1.00
2017.09.04 02:14:59.581,0.71686,0.71693,1.00,1.12
2017.09.04 02:15:00.263,0.71686,0.71694,1.00,1.00
2017.09.04 02:15:01.043,0.71688,0.71694,1.00,1.00
2017.09.04 02:15:03.436,0.71688,0.71695,1.00,2.25
2017.09.04 02:15:03.971,0.71687,0.71693,1.00,1.00
2017.09.04 02:15:04.674,0.71686,0.71693,1.00,1.00
2017.09.04 02:15:07.252,0.71688,0.71693,1.00,1.00
2017.09.04 02:15:07.425,0.71694,0.71702,1.00,3.00
2017.09.04 02:15:07.965,0.71694,0.71702,1.00,1.50
2017.09.04 02:15:13.894,0.71694,0.71702,1.50,1.00
2017.09.04 02:15:17.554,0.71694,0.71701,1.12,1.00
2017.09.04 02:15:18.095,0.71693,0.71701,1.50,1.87
2017.09.04 02:15:18.683,0.71693,0.71701,1.00,1.69
2017.09.04 02:15:20.207,0.71693,0.71701,1.50,3.19
2017.09.04 02:15:20.899,0.71693,0.71702,1.50,1.50
2017.09.04 02:15:25.224,0.71693,0.71703,1.95,1.12
2017.09.04 02:15:25.734,0.71694,0.71703,1.57,1.00
2017.09.04 02:15:32.429,0.71694,0.71703,1.00,1.00
2017.09.04 02:15:32.936,0.71694,0.71702,1.00,1.00
2017.09.04 02:15:33.506,0.71695,0.71703,1.00,1.00
2017.09.04 02:15:34.012,0.71695,0.71704,1.00,1.10
2017.09.04 02:15:41.807,0.71695,0.71703,1.00,1.00
2017.09.04 02:15:56.057,0.71695,0.71704,1.00,1.00
2017.09.04 02:15:56.650,0.71696,0.71704,1.00,1.00
2017.09.04 02:16:12.573,0.71696,0.71702,1.00,1.00
2017.09.04 02:16:13.563,0.71696,0.71704,1.00,1.00
2017.09.04 02:16:17.643,0.71694,0.71701,1.00,1.00
2017.09.04 02:16:17.948,0.71692,0.71699,1.00,1.00
2017.09.04 02:16:18.844,0.71692,0.71702,1.00,2.14
2017.09.04 02:16:19.355,0.71692,0.71701,1.00,1.00
2017.09.04 02:16:19.644,0.71694,0.71701,1.00,1.57
2017.09.04 02:16:26.991,0.7169,0.71697,1.20,1.00
2017.09.04 02:16:29.284,0.71688,0.71693,1.00,1.00
2017.09.04 02:16:29.588,0.71682,0.71689,5.70,1.00
2017.09.04 02:16:30.097,0.71683,0.71689,2.32,1.00
2017.09.04 02:16:30.632,0.71685,0.7169,1.20,1.00
2017.09.04 02:16:31.162,0.71685,0.7169,1.00,1.00
2017.09.04 02:16:35.136,0.71682,0.71687,2.32,1.00
2017.09.04 02:16:35.645,0.71683,0.71688,1.87,1.00
2017.09.04 02:16:36.487,0.71684,0.71689,1.25,1.00
2017.09.04 02:16:36.746,0.71684,0.71691,1.12,1.00
2017.09.04 02:16:37.273,0.71685,0.71691,1.00,1.00
2017.09.04 02:16:38.399,0.71687,0.71691,1.50,1.00
2017.09.04 02:16:38.501,0.71687,0.71693,1.87,1.00
2017.09.04 02:16:39.048,0.71687,0.71693,1.50,1.00
2017.09.04 02:16:43.073,0.7169,0.71697,1.25,1.00
2017.09.04 02:16:43.608,0.7169,0.71697,2.06,1.00
2017.09.04 02:16:43.760,0.7169,0.71694,1.00,1.00
2017.09.04 02:16:44.879,0.71688,0.71693,1.25,1.00
2017.09.04 02:16:45.434,0.71688,0.71693,1.87,1.00
2017.09.04 02:16:45.986,0.71688,0.71692,1.25,1.00
2017.09.04 02:16:50.257,0.71688,0.71694,1.00,1.00
2017.09.04 02:16:58.205,0.71689,0.71694,1.00,1.00
2017.09.04 02:17:00.669,0.71689,0.71695,1.00,1.00
2017.09.04 02:17:00.822,0.71691,0.71695,1.69,1.00
2017.09.04 02:17:01.388,0.71691,0.71697,2.06,1.00
2017.09.04 02:17:01.945,0.71691,0.71697,1.12,1.00
2017.09.04 02:17:02.450,0.7169,0.71695,1.00,1.00
2017.09.04 02:17:02.756,0.71689,0.71693,1.50,1.00
2017.09.04 02:17:09.592,0.71688,0.71693,1.20,1.00
2017.09.04 02:17:09.897,0.71683,0.71688,1.00,1.00
2017.09.04 02:17:10.642,0.71682,0.71688,1.31,1.00
2017.09.04 02:17:11.236,0.71682,0.71688,2.62,1.00
2017.09.04 02:17:11.783,0.71682,0.71688,1.31,1.00
2017.09.04 02:17:15.156,0.71682,0.71688,1.44,1.00
2017.09.04 02:17:15.785,0.71681,0.71688,3.45,1.00
2017.09.04 02:17:16.300,0.71682,0.71688,1.19,1.00
2017.09.04 02:17:18.495,0.71683,0.71688,1.19,1.00
2017.09.04 02:17:30.184,0.71683,0.71688,1.12,1.00
2017.09.04 02:17:32.520,0.71682,0.71688,1.69,1.00
2017.09.04 02:17:33.025,0.71682,0.71687,1.25,1.00
2017.09.04 02:17:41.518,0.71682,0.71687,1.69,1.00
2017.09.04 02:17:42.100,0.71682,0.71687,1.25,1.00
2017.09.04 02:17:47.239,0.71682,0.71687,1.69,1.00
2017.09.04 02:17:58.325,0.71681,0.71687,2.14,1.00
2017.09.04 02:17:58.962,0.71682,0.71687,1.19,1.00
2017.09.04 02:17:59.525,0.71681,0.71687,2.14,1.00
2017.09.04 02:18:03.316,0.71684,0.71688,3.19,1.00
2017.09.04 02:18:03.367,0.71685,0.71693,1.87,1.50
2017.09.04 02:18:03.419,0.71689,0.71693,1.00,1.00
2017.09.04 02:18:03.964,0.71688,0.71692,1.25,1.00
2017.09.04 02:18:05.097,0.71689,0.71694,1.00,1.00
2017.09.04 02:18:08.341,0.71688,0.71692,1.00,1.00
2017.09.04 02:18:08.902,0.71688,0.71693,1.00,1.00
2017.09.04 02:18:12.177,0.71687,0.71693,1.00,1.00
2017.09.04 02:18:12.331,0.71685,0.71692,1.87,1.00
2017.09.04 02:18:12.860,0.71685,0.71693,4.20,1.50
2017.09.04 02:18:13.413,0.71685,0.71693,3.45,1.00
2017.09.04 02:18:15.704,0.71687,0.71693,1.25,1.00
2017.09.04 02:18:16.086,0.71684,0.71693,4.20,1.50
2017.09.04 02:18:16.138,0.71685,0.71689,1.12,1.00
2017.09.04 02:18:16.444,0.71682,0.71686,1.69,1.00
2017.09.04 02:18:16.954,0.71681,0.71687,2.06,1.00
2017.09.04 02:18:17.845,0.7168,0.71687,1.00,1.00
2017.09.04 02:18:18.386,0.71678,0.71686,1.69,1.00
2017.09.04 02:18:18.712,0.71675,0.71679,1.00,1.00
2017.09.04 02:18:18.763,0.71674,0.71679,1.25,1.00
2017.09.04 02:18:19.946,0.71672,0.71678,2.06,1.00
2017.09.04 02:18:20.048,0.71672,0.71678,3.75,1.00
2017.09.04 02:18:20.563,0.71672,0.71678,3.07,1.00
2017.09.04 02:18:21.265,0.71673,0.71679,1.87,1.00
2017.09.04 02:18:22.939,0.71674,0.71679,1.44,1.00
2017.09.04 02:18:23.298,0.71672,0.71677,2.51,1.00
2017.09.04 02:18:23.402,0.71674,0.71679,1.01,1.00
2017.09.04 02:18:23.454,0.71674,0.71681,3.07,1.00
2017.09.04 02:18:23.505,0.71677,0.71681,1.00,1.00
2017.09.04 02:18:23.846,0.71674,0.71679,1.25,1.00
2017.09.04 02:18:23.898,0.71676,0.71681,1.69,1.00
2017.09.04 02:18:24.578,0.71676,0.71681,1.31,1.00
2017.09.04 02:18:25.369,0.71677,0.71682,1.44,1.00
2017.09.04 02:18:25.896,0.71677,0.71681,1.00,1.00
2017.09.04 02:18:28.390,0.71678,0.71682,1.25,1.00
2017.09.04 02:18:29.496,0.71678,0.71684,1.10,1.00
2017.09.04 02:18:29.918,0.7168,0.71684,1.00,1.00
2017.09.04 02:18:30.431,0.71679,0.71684,1.00,1.00
2017.09.04 02:18:31.386,0.71679,0.71683,1.00,1.00
2017.09.04 02:18:39.807,0.71679,0.71684,1.00,1.00
2017.09.04 02:18:52.113,0.71679,0.71683,1.00,1.00
2017.09.04 02:18:55.648,0.71679,0.71684,1.00,1.00
2017.09.04 02:18:56.421,0.71679,0.71683,1.00,1.00
2017.09.04 02:19:48.685,0.71676,0.71683,7.95,1.00
2017.09.04 02:19:49.996,0.71679,0.71683,1.00,1.00
2017.09.04 02:20:00.805,0.71679,0.71685,1.00,1.00
2017.09.04 02:20:01.110,0.7168,0.71687,1.00,1.50
2017.09.04 02:20:01.262,0.71681,0.71687,1.69,1.00
2017.09.04 02:20:01.806,0.71681,0.71687,1.00,1.00
2017.09.04 02:20:03.730,0.71682,0.71687,1.00,1.00
2017.09.04 02:20:04.619,0.71682,0.71689,1.00,1.50
2017.09.04 02:20:04.722,0.71684,0.71689,1.00,1.00
2017.09.04 02:20:05.244,0.71683,0.71689,1.57,1.00
2017.09.04 02:20:05.792,0.71683,0.71689,3.45,1.00
2017.09.04 02:20:05.897,0.71684,0.71691,1.44,1.50
2017.09.04 02:20:06.322,0.71683,0.71688,1.12,1.00
2017.09.04 02:20:06.526,0.71681,0.71687,2.06,1.00
2017.09.04 02:20:07.154,0.71681,0.71686,1.25,1.00
2017.09.04 02:20:07.205,0.71685,0.71689,1.00,1.00
2017.09.04 02:20:08.554,0.71686,0.7169,1.00,1.00
2017.09.04 02:20:09.126,0.71685,0.71689,1.00,1.00
2017.09.04 02:20:10.224,0.71686,0.7169,1.00,1.00
2017.09.04 02:20:12.183,0.71686,0.71693,1.69,1.00
2017.09.04 02:20:12.234,0.71688,0.71693,1.00,1.00
2017.09.04 02:20:13.630,0.71689,0.71693,1.00,1.00
2017.09.04 02:20:15.397,0.71688,0.71692,1.00,1.00
2017.09.04 02:20:15.754,0.71687,0.71691,1.00,1.00
2017.09.04 02:20:17.374,0.71686,0.7169,1.00,1.00
2017.09.04 02:20:19.851,0.71682,0.71688,4.20,1.00
2017.09.04 02:20:20.370,0.71682,0.71688,1.00,1.00
2017.09.04 02:20:22.633,0.71683,0.71689,1.87,1.00
2017.09.04 02:20:24.203,0.71682,0.71688,4.57,1.00
2017.09.04 02:20:24.305,0.71682,0.71687,1.12,1.00
2017.09.04 02:20:24.807,0.71682,0.71688,1.12,1.00
2017.09.04 02:20:29.373,0.71684,0.71689,1.25,1.00
2017.09.04 02:20:29.426,0.71684,0.71691,2.62,1.00
2017.09.04 02:20:29.529,0.71687,0.71692,1.00,1.00
2017.09.04 02:20:58.778,0.71686,0.71692,1.12,1.00
2017.09.04 02:20:59.085,0.71679,0.71683,1.57,1.00
2017.09.04 02:20:59.136,0.71681,0.71686,1.00,1.00
2017.09.04 02:20:59.549,0.71683,0.71688,1.19,1.00
2017.09.04 02:20:59.653,0.71682,0.71689,2.25,1.00
2017.09.04 02:21:00.175,0.71685,0.7169,1.87,1.00
2017.09.04 02:21:00.531,0.71683,0.71688,1.12,1.00
2017.09.04 02:21:00.582,0.71682,0.71686,2.06,1.00
2017.09.04 02:21:00.685,0.71683,0.71688,1.00,1.00
2017.09.04 02:21:00.736,0.71681,0.71685,3.00,1.00
2017.09.04 02:21:00.787,0.7168,0.71687,3.00,1.00
2017.09.04 02:21:00.889,0.7168,0.71687,2.25,1.00
2017.09.04 02:21:00.941,0.71681,0.71685,1.00,1.00
2017.09.04 02:21:01.245,0.71683,0.71687,1.00,1.00
2017.09.04 02:21:02.737,0.71682,0.71686,1.00,1.00
2017.09.04 02:21:03.507,0.71682,0.71686,1.00,1.00
2017.09.04 02:21:03.711,0.7168,0.71684,1.00,1.00
2017.09.04 02:21:04.016,0.7168,0.71686,1.50,1.00
2017.09.04 02:21:04.562,0.7168,0.71685,1.00,1.00
2017.09.04 02:21:04.871,0.71679,0.71683,1.00,1.00
2017.09.04 02:21:04.974,0.71677,0.71683,2.06,1.00
2017.09.04 02:21:06.083,0.71677,0.71683,3.19,1.00
2017.09.04 02:21:06.526,0.7168,0.71684,1.00,1.00
2017.09.04 02:21:06.577,0.71677,0.71683,1.69,1.00
2017.09.04 02:21:06.628,0.71677,0.71681,1.00,1.00
2017.09.04 02:21:07.262,0.71677,0.71682,1.00,1.00
2017.09.04 02:21:08.918,0.71677,0.71681,1.00,1.00
2017.09.04 02:21:09.633,0.71674,0.71679,4.39,1.00
2017.09.04 02:21:09.685,0.71672,0.71677,1.50,1.00
2017.09.04 02:21:09.738,0.71672,0.71676,1.12,1.00
2017.09.04 02:21:10.044,0.71672,0.71677,1.25,1.00
2017.09.04 02:21:11.537,0.71672,0.71677,2.51,1.00
2017.09.04 02:21:13.737,0.71674,0.71678,1.00,1.00
2017.09.04 02:21:19.563,0.71671,0.71677,2.44,1.00
2017.09.04 02:21:23.196,0.71673,0.71677,1.00,1.00
2017.09.04 02:21:33.330,0.7167,0.71675,1.57,1.00
2017.09.04 02:21:33.483,0.71668,0.71672,1.25,1.00
2017.09.04 02:21:33.534,0.71669,0.71674,1.25,1.00
2017.09.04 02:21:34.042,0.7167,0.71674,1.00,1.00
2017.09.04 02:21:34.585,0.71669,0.71674,1.00,1.00
2017.09.04 02:21:40.008,0.7167,0.71674,1.00,1.00
2017.09.04 02:21:40.060,0.7167,0.71676,1.10,1.00
2017.09.04 02:21:40.111,0.71671,0.71677,1.69,1.00
2017.09.04 02:21:40.634,0.71673,0.71677,1.00,1.00
2017.09.04 02:21:41.009,0.71671,0.71676,1.50,1.00
2017.09.04 02:21:41.529,0.71671,0.71675,1.00,1.00
2017.09.04 02:21:42.920,0.71668,0.71673,1.12,1.00
2017.09.04 02:21:44.110,0.71667,0.71673,1.69,1.00
2017.09.04 02:21:44.858,0.71667,0.71673,2.62,1.00
2017.09.04 02:21:45.365,0.71667,0.71673,1.69,1.00
2017.09.04 02:21:47.592,0.71669,0.71673,1.00,1.00
2017.09.04 02:21:47.745,0.71667,0.71673,2.25,1.00
2017.09.04 02:21:47.949,0.71667,0.71675,1.87,1.00
2017.09.04 02:21:49.301,0.71669,0.71675,1.00,1.00
2017.09.04 02:21:49.819,0.71669,0.71676,1.00,1.00
2017.09.04 02:21:51.748,0.71666,0.71673,2.25,1.00
2017.09.04 02:21:52.003,0.71662,0.71671,1.69,1.00
2017.09.04 02:21:52.817,0.71662,0.71671,1.12,1.00
2017.09.04 02:21:52.970,0.71659,0.71668,3.26,1.00
2017.09.04 02:21:59.996,0.7166,0.71668,1.00,1.00
2017.09.04 02:22:00.301,0.71658,0.71666,1.25,1.00
2017.09.04 02:22:01.551,0.71658,0.71667,1.25,1.00
2017.09.04 02:22:01.894,0.7166,0.7167,1.95,1.00
2017.09.04 02:22:02.200,0.71663,0.71671,1.19,1.00
2017.09.04 02:22:02.302,0.71662,0.71671,1.39,1.00
2017.09.04 02:22:02.556,0.71662,0.71669,1.00,1.00
2017.09.04 02:22:02.861,0.71662,0.71671,1.31,1.50
2017.09.04 02:22:04.009,0.71662,0.71671,1.39,1.00
2017.09.04 02:22:04.548,0.71662,0.71671,1.39,1.00
2017.09.04 02:22:08.179,0.71664,0.71673,1.25,1.50
2017.09.04 02:22:08.636,0.71665,0.71674,1.44,1.00
2017.09.04 02:22:09.156,0.71666,0.71675,1.69,1.00
2017.09.04 02:22:09.800,0.71666,0.71675,1.87,1.00
2017.09.04 02:22:10.308,0.71666,0.71675,1.25,1.00
2017.09.04 02:22:10.635,0.71664,0.71672,2.06,1.00
2017.09.04 02:22:10.940,0.71663,0.7167,1.00,1.00
2017.09.04 02:22:13.863,0.71662,0.7167,1.57,1.00
2017.09.04 02:22:14.849,0.7166,0.71668,2.25,1.00
2017.09.04 02:22:16.561,0.71662,0.71671,1.76,1.00
2017.09.04 02:22:17.071,0.71662,0.71672,3.82,1.00
2017.09.04 02:22:19.865,0.71663,0.71671,1.01,1.00
2017.09.04 02:22:22.647,0.71663,0.71671,1.44,1.00
2017.09.04 02:22:23.344,0.71663,0.71671,1.25,1.00
2017.09.04 02:22:23.963,0.71663,0.71671,1.44,1.00
2017.09.04 02:22:24.535,0.71663,0.7167,1.00,1.00
2017.09.04 02:22:25.864,0.71663,0.71672,1.00,1.00
2017.09.04 02:22:33.855,0.71664,0.71674,1.25,1.12
2017.09.04 02:22:34.396,0.71664,0.71674,1.69,1.00
2017.09.04 02:22:34.917,0.71664,0.71674,1.25,1.00
2017.09.04 02:22:46.119,0.71664,0.71674,1.69,1.00
2017.09.04 02:22:46.623,0.71664,0.71674,1.25,1.00
2017.09.04 02:22:47.231,0.71664,0.71674,1.87,1.00
2017.09.04 02:22:48.347,0.71663,0.71673,1.00,1.00
2017.09.04 02:22:50.999,0.7166,0.71671,3.82,1.12
2017.09.04 02:22:51.333,0.7166,0.7167,2.25,1.50
2017.09.04 02:22:52.567,0.71661,0.71671,3.19,2.25
2017.09.04 02:22:53.131,0.71663,0.71673,1.12,1.50
2017.09.04 02:22:53.736,0.71662,0.71673,2.25,1.50
2017.09.04 02:22:55.837,0.71662,0.71673,2.06,1.00
2017.09.04 02:22:57.579,0.71663,0.71673,1.25,1.00
2017.09.04 02:22:58.177,0.71662,0.71673,2.06,1.00
2017.09.04 02:22:58.908,0.71663,0.71673,1.25,1.00
2017.09.04 02:22:59.682,0.71662,0.71672,2.06,1.00
2017.09.04 02:23:01.286,0.71665,0.71673,1.00,1.00
2017.09.04 02:23:01.592,0.71667,0.71675,1.00,1.00
2017.09.04 02:23:02.790,0.71669,0.71675,1.00,1.00
2017.09.04 02:23:03.661,0.71671,0.71678,1.00,1.10
2017.09.04 02:23:03.814,0.71672,0.71682,1.00,6.07
2017.09.04 02:23:03.916,0.71674,0.71682,1.00,3.82
2017.09.04 02:23:04.804,0.71674,0.7168,1.00,1.00
2017.09.04 02:23:05.325,0.71673,0.71681,1.00,2.51
2017.09.04 02:23:05.828,0.71672,0.7168,1.00,1.10
2017.09.04 02:23:08.751,0.71672,0.7168,1.00,1.95
2017.09.04 02:23:10.311,0.71671,0.7168,1.00,3.45
2017.09.04 02:23:10.616,0.71666,0.71674,1.00,1.00
2017.09.04 02:23:11.252,0.71668,0.71677,1.00,3.07
2017.09.04 02:23:11.557,0.7167,0.71677,1.00,1.12
2017.09.04 02:23:12.014,0.71673,0.7168,1.00,2.25
2017.09.04 02:23:12.557,0.71673,0.71681,1.00,2.81
2017.09.04 02:23:13.488,0.71673,0.7168,1.00,1.50
2017.09.04 02:23:13.590,0.71671,0.71679,1.00,1.12
2017.09.04 02:23:35.940,0.71673,0.7168,1.00,1.95
2017.09.04 02:23:35.991,0.71674,0.71681,1.00,1.00
2017.09.04 02:23:38.380,0.71672,0.71681,1.00,3.19
2017.09.04 02:23:39.111,0.71672,0.7168,1.00,1.00
2017.09.04 02:23:40.115,0.71672,0.71681,1.00,3.26
2017.09.04 02:23:40.299,0.71674,0.71682,1.00,1.69
2017.09.04 02:23:40.925,0.71673,0.7168,1.00,1.00
2017.09.04 02:23:41.472,0.71673,0.71681,1.00,1.12
2017.09.04 02:23:42.081,0.71673,0.71681,1.00,1.87
2017.09.04 02:23:46.682,0.71673,0.71681,1.00,1.57
2017.09.04 02:23:47.226,0.71674,0.71681,1.00,1.69
2017.09.04 02:23:51.285,0.71675,0.71682,1.00,1.00
2017.09.04 02:23:53.000,0.71675,0.71683,1.00,1.57
2017.09.04 02:23:59.069,0.71675,0.71682,1.00,1.00
2017.09.04 02:24:04.235,0.71675,0.71681,1.00,1.00
2017.09.04 02:24:06.520,0.71674,0.71681,1.00,1.00
2017.09.04 02:24:07.055,0.71675,0.71682,1.00,1.00
2017.09.04 02:24:13.664,0.71676,0.71682,1.00,1.00
2017.09.04 02:24:17.022,0.71675,0.71682,1.00,1.00
2017.09.04 02:24:17.125,0.71676,0.71684,1.00,1.00
2017.09.04 02:24:17.633,0.71677,0.71684,1.00,1.00
2017.09.04 02:24:22.645,0.71678,0.71686,1.00,1.50
2017.09.04 02:24:22.747,0.71681,0.71688,1.00,2.32
2017.09.04 02:24:24.149,0.71681,0.71688,1.00,2.25
2017.09.04 02:24:24.682,0.7168,0.71688,1.00,2.25
2017.09.04 02:24:25.319,0.7168,0.71687,1.00,1.00
2017.09.04 02:24:25.847,0.71676,0.71684,1.10,1.00
2017.09.04 02:24:25.949,0.71674,0.71684,1.00,1.00
2017.09.04 02:24:26.000,0.71674,0.71681,1.00,1.00
2017.09.04 02:24:26.539,0.71675,0.71681,1.00,1.00
2017.09.04 02:24:29.091,0.71675,0.71683,1.00,1.00
2017.09.04 02:24:33.182,0.71675,0.71682,1.00,1.25
2017.09.04 02:24:33.921,0.71673,0.71682,1.00,1.25
2017.09.04 02:24:34.502,0.71673,0.71681,1.00,1.00
2017.09.04 02:24:35.307,0.71673,0.7168,1.00,1.25
2017.09.04 02:24:36.596,0.71673,0.71681,1.00,1.25
2017.09.04 02:24:38.304,0.71673,0.7168,1.00,1.00
2017.09.04 02:24:40.260,0.71674,0.7168,1.00,1.00
2017.09.04 02:24:40.910,0.71674,0.71679,1.00,1.25
2017.09.04 02:24:43.065,0.71674,0.7168,1.00,1.69
2017.09.04 02:24:44.008,0.71674,0.71679,1.00,1.25
2017.09.04 02:24:44.545,0.71674,0.7168,1.00,1.69
2017.09.04 02:24:48.633,0.71674,0.71681,1.00,2.06
2017.09.04 02:24:48.887,0.71674,0.71679,1.00,1.00
2017.09.04 02:24:51.043,0.7167,0.71678,1.00,1.50
2017.09.04 02:24:51.145,0.71672,0.71679,1.00,1.50
2017.09.04 02:24:51.247,0.71672,0.71681,1.00,2.62
2017.09.04 02:24:51.349,0.71675,0.71682,1.00,1.00
2017.09.04 02:24:51.871,0.71675,0.71683,1.00,1.00
2017.09.04 02:24:52.912,0.71675,0.71682,1.00,1.00
2017.09.04 02:24:53.166,0.71672,0.71682,1.12,1.00
2017.09.04 02:24:53.863,0.71671,0.71682,2.44,1.00
2017.09.04 02:24:59.199,0.71672,0.71683,1.00,1.50
2017.09.04 02:24:59.750,0.71675,0.71683,1.00,1.10
2017.09.04 02:25:03.375,0.71675,0.7168,1.00,1.00
2017.09.04 02:25:03.528,0.71677,0.71684,1.00,1.87
2017.09.04 02:25:04.195,0.71677,0.71685,1.00,1.50
2017.09.04 02:25:04.703,0.71677,0.71686,1.00,1.00
2017.09.04 02:25:05.335,0.71677,0.71685,1.25,1.00
2017.09.04 02:25:08.411,0.71682,0.71689,1.00,4.01
2017.09.04 02:25:09.022,0.71682,0.71689,1.00,1.00
2017.09.04 02:25:10.165,0.71682,0.7169,1.00,1.95
2017.09.04 02:25:12.123,0.71684,0.7169,1.00,1.00
2017.09.04 02:25:12.241,0.71682,0.71692,1.25,1.00
2017.09.04 02:25:13.169,0.71683,0.71692,1.00,1.00
2017.09.04 02:25:13.796,0.71681,0.71692,3.56,1.50
2017.09.04 02:25:14.324,0.7168,0.7169,1.69,1.50
2017.09.04 02:25:15.024,0.71679,0.7169,2.51,1.50
2017.09.04 02:25:15.656,0.7168,0.71689,1.00,1.00
2017.09.04 02:25:36.189,0.7168,0.71688,1.00,1.00
2017.09.04 02:25:44.265,0.7168,0.71689,1.00,1.00
2017.09.04 02:25:48.431,0.71679,0.71688,1.00,1.00
2017.09.04 02:26:31.330,0.71679,0.71689,1.00,1.50
2017.09.04 02:26:37.508,0.71679,0.71688,1.25,1.00
2017.09.04 02:26:38.175,0.71679,0.71689,1.00,2.44
2017.09.04 02:26:38.874,0.71679,0.71688,1.25,1.25
2017.09.04 02:26:39.493,0.71679,0.71689,1.00,2.44
2017.09.04 02:26:43.648,0.71679,0.71688,1.25,1.00
2017.09.04 02:26:44.187,0.71679,0.71689,1.00,2.44
2017.09.04 02:26:45.181,0.71679,0.71688,1.00,1.00
2017.09.04 02:26:49.538,0.71677,0.71688,4.39,1.25
2017.09.04 02:26:50.084,0.71677,0.71689,2.51,2.70
2017.09.04 02:26:54.174,0.71678,0.71689,1.00,2.62
2017.09.04 02:27:02.081,0.71679,0.71689,1.00,1.50
2017.09.04 02:27:19.646,0.71679,0.7169,1.00,3.45
2017.09.04 02:27:29.533,0.71679,0.71689,1.25,1.69
2017.09.04 02:27:31.578,0.71678,0.71689,1.69,1.00
2017.09.04 02:27:31.884,0.71673,0.71684,1.50,3.56
2017.09.04 02:27:32.405,0.71673,0.71683,1.69,1.69
2017.09.04 02:27:33.225,0.71673,0.71684,1.50,2.62
2017.09.04 02:27:34.624,0.71673,0.71683,2.32,1.00
2017.09.04 02:27:35.154,0.71673,0.71684,4.50,1.50
2017.09.04 02:27:35.665,0.71673,0.71684,3.37,1.50
2017.09.04 02:27:36.234,0.71673,0.71684,2.62,1.00
2017.09.04 02:27:36.699,0.71676,0.71686,1.25,1.87
2017.09.04 02:27:36.824,0.71678,0.71687,1.00,1.87
2017.09.04 02:27:40.061,0.71677,0.71687,1.00,1.39
2017.09.04 02:27:40.213,0.71675,0.71687,1.00,3.26
2017.09.04 02:27:40.710,0.71676,0.71685,1.00,1.00
2017.09.04 02:27:42.991,0.71673,0.71683,1.00,1.50
2017.09.04 02:27:43.094,0.71671,0.71681,2.25,1.25
2017.09.04 02:27:43.694,0.7167,0.7168,1.87,1.50
2017.09.04 02:27:44.242,0.71671,0.7168,1.00,2.25
2017.09.04 02:27:44.767,0.71669,0.7168,4.12,1.50
2017.09.04 02:27:49.490,0.71669,0.7168,3.45,1.87
2017.09.04 02:27:50.258,0.71669,0.71679,1.87,1.00
2017.09.04 02:27:50.310,0.71667,0.71677,1.12,1.10
2017.09.04 02:27:50.513,0.71663,0.71674,2.06,1.57
2017.09.04 02:27:51.178,0.71663,0.71673,1.50,1.00
2017.09.04 02:27:51.716,0.71663,0.71674,1.25,2.62
2017.09.04 02:27:56.344,0.71663,0.71673,1.25,1.25
2017.09.04 02:27:57.847,0.71663,0.71674,1.25,2.62
2017.09.04 02:28:00.501,0.71663,0.71673,1.25,1.25
2017.09.04 02:28:04.490,0.71663,0.71673,1.44,1.00
2017.09.04 02:28:04.998,0.71663,0.71672,1.00,1.00
2017.09.04 02:28:05.488,0.71661,0.71672,1.76,1.25
2017.09.04 02:28:06.055,0.7166,0.71671,2.06,1.00
2017.09.04 02:28:07.067,0.7166,0.71671,3.00,1.00
2017.09.04 02:28:07.919,0.7166,0.71671,2.06,1.00
2017.09.04 02:28:08.555,0.7166,0.71671,3.00,1.00
2017.09.04 02:28:09.159,0.7166,0.71671,2.06,1.00
2017.09.04 02:28:10.789,0.71661,0.71671,1.20,1.00
2017.09.04 02:28:11.404,0.71662,0.71672,1.12,1.50
2017.09.04 02:28:19.840,0.71662,0.71672,1.12,2.44
2017.09.04 02:28:20.361,0.71661,0.71672,3.00,2.44
2017.09.04 02:28:21.029,0.71661,0.71672,2.44,3.19
2017.09.04 02:28:21.530,0.71661,0.71672,2.62,2.51
2017.09.04 02:28:22.509,0.71663,0.71672,1.00,1.57
2017.09.04 02:28:24.902,0.71662,0.71672,1.12,1.10
2017.09.04 02:28:25.976,0.71661,0.71672,2.25,3.37
2017.09.04 02:28:29.439,0.71662,0.71671,1.50,1.00
2017.09.04 02:28:29.964,0.71662,0.71672,1.31,1.00
2017.09.04 02:28:35.439,0.71662,0.71673,1.12,4.50
2017.09.04 02:28:35.955,0.71662,0.71672,1.12,1.25
2017.09.04 02:28:36.285,0.71661,0.71671,2.44,1.19
2017.09.04 02:28:36.336,0.71661,0.71672,2.25,2.44
2017.09.04 02:28:36.694,0.71661,0.71671,2.44,1.19
2017.09.04 02:28:37.254,0.71661,0.71671,2.44,1.25
2017.09.04 02:28:39.496,0.71661,0.71671,2.44,1.19
2017.09.04 02:28:41.700,0.71661,0.71672,2.25,2.70
2017.09.04 02:28:41.802,0.71661,0.71671,2.44,1.19
2017.09.04 02:28:42.486,0.71661,0.71672,2.25,2.70
2017.09.04 02:28:42.589,0.71661,0.71671,2.44,1.19
2017.09.04 02:28:44.573,0.71661,0.71672,1.50,3.45
2017.09.04 02:28:44.690,0.71661,0.7167,1.50,1.00
2017.09.04 02:28:45.596,0.7166,0.71672,3.19,4.20
2017.09.04 02:28:46.110,0.71662,0.71672,1.12,1.00
2017.09.04 02:28:49.825,0.71662,0.71671,1.87,1.00
2017.09.04 02:28:50.370,0.71664,0.71674,1.00,1.20
2017.09.04 02:28:50.523,0.71667,0.71676,1.00,1.00
2017.09.04 02:28:50.828,0.71669,0.71678,1.00,3.94
2017.09.04 02:28:52.208,0.71669,0.71677,1.00,1.07
2017.09.04 02:28:52.259,0.71666,0.71675,1.25,1.00
2017.09.04 02:28:52.464,0.71664,0.71674,1.10,1.00
2017.09.04 02:28:52.820,0.71663,0.71672,1.00,1.87
2017.09.04 02:28:53.328,0.71663,0.71671,1.00,1.00
2017.09.04 02:28:53.834,0.71662,0.7167,1.57,1.00
2017.09.04 02:28:55.178,0.71663,0.71673,2.14,1.00
2017.09.04 02:28:55.382,0.71665,0.71674,1.57,1.00
2017.09.04 02:28:55.688,0.71662,0.7167,1.31,1.00
2017.09.04 02:28:57.244,0.71661,0.7167,1.95,1.00
2017.09.04 02:28:57.902,0.71661,0.7167,1.87,1.00
2017.09.04 02:29:03.504,0.71664,0.71672,1.00,1.00
2017.09.04 02:29:06.863,0.71667,0.71675,1.25,1.12
2017.09.04 02:29:07.169,0.7167,0.71677,1.00,1.12
2017.09.04 02:29:07.689,0.71669,0.71677,1.00,1.12
2017.09.04 02:29:08.596,0.71667,0.71676,1.00,1.69
2017.09.04 02:29:08.647,0.71665,0.71673,1.00,1.00
2017.09.04 02:29:10.150,0.71667,0.71673,1.00,1.00
2017.09.04 02:29:13.979,0.71664,0.71673,1.00,1.50
2017.09.04 02:29:14.501,0.71664,0.71672,1.00,1.10
2017.09.04 02:29:15.538,0.71664,0.71673,1.00,1.20
2017.09.04 02:29:16.259,0.71665,0.71673,1.00,1.12
2017.09.04 02:29:19.852,0.71665,0.71672,1.00,1.00
2017.09.04 02:29:25.571,0.71664,0.71672,1.00,1.00
2017.09.04 02:29:26.223,0.71662,0.71672,1.25,1.50
2017.09.04 02:29:30.104,0.71661,0.71672,1.95,1.50
2017.09.04 02:29:30.793,0.71661,0.71672,2.70,1.50
2017.09.04 02:29:34.664,0.71662,0.71672,1.44,1.57
2017.09.04 02:29:35.405,0.71661,0.71672,2.62,1.10
2017.09.04 02:29:36.074,0.71662,0.71672,1.44,1.10
2017.09.04 02:29:36.627,0.71661,0.71672,1.87,1.10
2017.09.04 02:29:50.087,0.71661,0.71671,1.69,1.00
2017.09.04 02:29:58.910,0.71661,0.71671,1.87,1.00
2017.09.04 02:29:59.426,0.7166,0.71671,3.75,1.50
2017.09.04 02:29:59.949,0.7166,0.7167,2.62,1.00
2017.09.04 02:30:03.444,0.71658,0.71669,3.82,1.50
2017.09.04 02:30:03.597,0.71658,0.71667,1.00,1.00
2017.09.04 02:30:03.854,0.71655,0.71665,3.00,1.10
2017.09.04 02:30:04.057,0.71653,0.71664,1.87,1.57
2017.09.04 02:30:04.159,0.71653,0.71664,1.87,1.57
2017.09.04 02:30:04.211,0.71653,0.71664,1.87,1.10
2017.09.04 02:30:04.971,0.71653,0.71662,1.00,1.00
2017.09.04 02:30:05.484,0.71651,0.71662,3.00,1.50
2017.09.04 02:30:07.086,0.71652,0.71662,1.37,1.50
2017.09.04 02:30:07.808,0.71651,0.71662,3.82,1.50
2017.09.04 02:30:10.896,0.71651,0.71662,3.82,1.50
2017.09.04 02:30:11.566,0.71652,0.71662,1.87,1.00
2017.09.04 02:30:12.152,0.71652,0.71662,1.37,1.00
2017.09.04 02:30:12.675,0.71652,0.71662,1.12,1.00
2017.09.04 02:30:13.189,0.71652,0.71662,1.87,1.00
2017.09.04 02:30:14.303,0.71652,0.71662,1.87,1.00
2017.09.04 02:30:14.820,0.71652,0.71663,1.87,1.87
2017.09.04 02:30:15.401,0.71652,0.71663,2.62,1.87
2017.09.04 02:30:15.898,0.71655,0.71664,1.37,1.10
2017.09.04 02:30:16.205,0.71661,0.71668,1.00,1.12
2017.09.04 02:30:16.307,0.71659,0.71667,1.00,1.12
2017.09.04 02:30:16.506,0.71659,0.71667,1.00,1.57
2017.09.04 02:30:17.367,0.71659,0.71667,1.00,1.57
2017.09.04 02:30:17.418,0.71656,0.71664,1.00,1.00
2017.09.04 02:30:17.876,0.71659,0.71665,1.00,1.00
2017.09.04 02:30:17.927,0.71659,0.71667,1.00,1.87
2017.09.04 02:30:18.659,0.71659,0.71666,1.00,1.00
2017.09.04 02:30:19.200,0.71659,0.71667,1.00,1.87
2017.09.04 02:30:19.732,0.7166,0.71667,1.00,2.62
2017.09.04 02:30:23.919,0.71661,0.71668,1.00,1.00
2017.09.04 02:30:23.970,0.71663,0.71668,1.00,1.00
2017.09.04 02:30:24.458,0.71661,0.71668,1.00,2.25
2017.09.04 02:30:25.016,0.7166,0.71668,1.00,1.47
2017.09.04 02:30:26.862,0.7166,0.71668,1.00,1.39
2017.09.04 02:30:29.240,0.7166,0.71668,1.00,1.47
2017.09.04 02:30:52.434,0.71661,0.7167,1.00,1.95
2017.09.04 02:30:52.486,0.71661,0.7167,1.00,1.57
2017.09.04 02:30:59.910,0.71661,0.71669,1.00,1.00
2017.09.04 02:31:10.153,0.71662,0.71669,1.00,1.10
2017.09.04 02:31:10.204,0.71665,0.71672,1.00,1.10
2017.09.04 02:31:10.510,0.71668,0.71675,1.00,1.20
2017.09.04 02:31:10.562,0.71669,0.71677,1.25,1.12
2017.09.04 02:31:10.613,0.71673,0.71678,1.00,1.00
2017.09.04 02:31:10.918,0.71667,0.71674,1.00,1.00
2017.09.04 02:31:11.651,0.71667,0.71673,1.00,1.00
2017.09.04 02:31:13.617,0.71665,0.71673,1.00,1.00
2017.09.04 02:31:18.348,0.71664,0.71672,1.00,1.00
2017.09.04 02:31:21.393,0.71669,0.71675,1.00,1.00
2017.09.04 02:31:21.545,0.7167,0.71677,1.00,1.01
2017.09.04 02:31:36.655,0.7167,0.71676,1.00,1.25
2017.09.04 02:31:39.450,0.71667,0.71674,1.00,1.00
2017.09.04 02:31:48.529,0.71669,0.71675,1.00,1.10
2017.09.04 02:31:50.542,0.71669,0.71676,1.00,1.00
2017.09.04 02:31:50.848,0.71671,0.71678,1.00,1.10
2017.09.04 02:31:51.103,0.71669,0.71678,1.00,1.00
2017.09.04 02:31:51.885,0.71669,0.71677,1.00,1.00
2017.09.04 02:31:53.723,0.71668,0.71674,1.00,1.00
2017.09.04 02:31:54.313,0.71667,0.71674,1.00,1.00
2017.09.04 02:31:54.365,0.71669,0.71677,1.00,3.00
2017.09.04 02:31:54.870,0.7167,0.71678,1.00,1.95
2017.09.04 02:31:57.188,0.71669,0.71677,1.00,1.12
2017.09.04 02:31:57.720,0.71668,0.71677,1.00,1.57
2017.09.04 02:31:58.716,0.71669,0.71677,1.00,1.57
2017.09.04 02:32:00.895,0.71669,0.71677,1.00,1.12
2017.09.04 02:32:01.470,0.7167,0.71677,1.00,1.12
2017.09.04 02:32:05.184,0.7167,0.71675,1.00,1.00
2017.09.04 02:32:15.063,0.7167,0.71677,1.00,1.57
2017.09.04 02:32:15.700,0.7167,0.71677,1.00,1.20
2017.09.04 02:32:20.893,0.71671,0.71678,1.00,2.62
2017.09.04 02:32:20.944,0.71671,0.71679,1.00,2.25
2017.09.04 02:32:21.046,0.71671,0.71679,1.00,1.75
2017.09.04 02:32:21.148,0.71671,0.71679,1.00,1.50
2017.09.04 02:32:21.977,0.71671,0.71678,1.00,1.00
2017.09.04 02:32:22.647,0.71671,0.71678,1.00,1.75
2017.09.04 02:32:22.698,0.71671,0.71679,1.00,1.10
2017.09.04 02:32:24.212,0.71671,0.7168,1.00,1.95
2017.09.04 02:32:24.263,0.71674,0.71681,1.00,4.76
2017.09.04 02:32:24.772,0.71673,0.71681,1.00,1.87
2017.09.04 02:32:25.279,0.71672,0.71681,1.00,1.87
2017.09.04 02:32:33.250,0.71673,0.71681,1.00,1.12
2017.09.04 02:32:36.745,0.71674,0.71682,1.25,1.87
2017.09.04 02:32:37.050,0.71677,0.71684,1.00,1.00
2017.09.04 02:32:37.744,0.71677,0.71685,1.00,1.00
2017.09.04 02:32:39.755,0.71677,0.71684,1.00,1.00
2017.09.04 02:32:40.501,0.71679,0.71687,1.00,1.10
2017.09.04 02:32:40.682,0.71681,0.71687,1.00,1.00
2017.09.04 02:32:40.733,0.71681,0.71689,1.00,1.57
2017.09.04 02:32:41.246,0.71679,0.71687,1.00,1.00
2017.09.04 02:32:45.112,0.71679,0.71685,1.00,1.00
2017.09.04 02:32:47.696,0.71676,0.71684,1.25,1.00
2017.09.04 02:32:47.798,0.71675,0.71682,1.25,1.00
2017.09.04 02:32:48.567,0.71674,0.71682,1.12,1.00
2017.09.04 02:32:49.074,0.71674,0.71681,1.00,1.00
2017.09.04 02:32:49.706,0.71675,0.71681,1.00,1.00
2017.09.04 02:32:50.252,0.71674,0.71681,1.00,1.00
2017.09.04 02:32:52.358,0.71674,0.7168,1.00,1.00
2017.09.04 02:32:52.409,0.71671,0.71679,1.10,1.00
2017.09.04 02:32:52.563,0.71669,0.71676,4.57,1.00
2017.09.04 02:32:56.422,0.7167,0.71676,1.07,1.00
2017.09.04 02:32:57.726,0.7167,0.71676,2.32,1.00
2017.09.04 02:32:57.778,0.7167,0.71678,2.32,1.00
2017.09.04 02:32:58.284,0.71671,0.71678,1.00,1.00
2017.09.04 02:33:00.858,0.7167,0.71678,3.07,1.00
2017.09.04 02:33:01.377,0.7167,0.71678,2.32,1.00
2017.09.04 02:33:01.800,0.71669,0.71676,1.20,1.00
2017.09.04 02:33:02.956,0.71669,0.71676,1.44,1.00
2017.09.04 02:33:03.243,0.7167,0.71678,1.12,1.50
2017.09.04 02:33:03.345,0.71671,0.71679,2.62,1.00
2017.09.04 02:33:03.877,0.7167,0.71679,2.70,1.00
2017.09.04 02:33:06.658,0.7167,0.71678,2.32,1.00
2017.09.04 02:33:08.635,0.71671,0.71681,2.70,1.50
2017.09.04 02:33:09.243,0.71671,0.71681,3.45,1.50
2017.09.04 02:33:10.131,0.71672,0.7168,1.37,1.00
2017.09.04 02:33:10.795,0.71671,0.71681,2.44,1.50
2017.09.04 02:33:11.552,0.71671,0.7168,2.00,1.00
2017.09.04 02:33:17.400,0.7167,0.7168,2.06,1.00
2017.09.04 02:33:18.822,0.7167,0.7168,2.14,2.06
2017.09.04 02:33:19.045,0.71668,0.71678,1.01,2.25
2017.09.04 02:33:19.557,0.71668,0.71677,1.31,1.00
2017.09.04 02:33:20.225,0.71668,0.71679,1.50,1.87
2017.09.04 02:33:24.113,0.71671,0.71679,1.00,1.57
2017.09.04 02:33:24.418,0.71673,0.7168,1.00,1.00
2017.09.04 02:33:25.069,0.71673,0.71681,1.00,2.25
2017.09.04 02:33:30.625,0.71673,0.7168,1.00,1.00
2017.09.04 02:33:31.137,0.71672,0.7168,1.00,1.50
2017.09.04 02:33:31.645,0.71672,0.71681,1.12,1.50
2017.09.04 02:33:32.957,0.71672,0.7168,1.12,1.50
2017.09.04 02:34:09.534,0.71671,0.7168,1.00,1.50
2017.09.04 02:34:09.737,0.71674,0.71684,1.25,1.87
2017.09.04 02:34:11.159,0.71674,0.71684,1.37,1.00
2017.09.04 02:34:11.890,0.71674,0.71684,1.12,1.00
2017.09.04 02:34:12.449,0.71675,0.71684,1.25,1.00
2017.09.04 02:34:12.992,0.71674,0.71683,1.25,1.50
2017.09.04 02:34:13.556,0.71674,0.71683,1.87,1.50
2017.09.04 02:34:14.162,0.71674,0.71683,1.25,1.50
2017.09.04 02:34:14.593,0.71679,0.71683,1.00,1.50
2017.09.04 02:34:15.301,0.71679,0.71684,1.00,1.00
2017.09.04 02:34:16.036,0.71677,0.71684,1.00,1.00
2017.09.04 02:34:16.087,0.71673,0.71684,4.57,1.00
2017.09.04 02:34:16.808,0.71674,0.71683,1.25,1.00
2017.09.04 02:34:19.571,0.71678,0.71683,1.00,1.00
2017.09.04 02:34:19.673,0.71678,0.71685,1.00,1.57
2017.09.04 02:34:20.431,0.71679,0.71685,1.00,1.50
2017.09.04 02:34:20.948,0.71679,0.71686,1.00,1.12
2017.09.04 02:34:21.050,0.71675,0.71686,3.45,1.12
2017.09.04 02:34:21.693,0.71676,0.71685,1.19,1.00
2017.09.04 02:34:22.006,0.71677,0.71687,1.95,1.00
2017.09.04 02:34:22.571,0.71677,0.71687,1.25,1.00
2017.09.04 02:34:23.567,0.71677,0.71688,1.25,1.50
2017.09.04 02:34:24.082,0.71678,0.71688,1.95,1.00
2017.09.04 02:34:24.539,0.71682,0.71689,1.00,1.00
2017.09.04 02:34:26.592,0.71682,0.7169,1.00,1.12
2017.09.04 02:34:30.258,0.71682,0.71689,1.00,1.00
2017.09.04 02:34:31.711,0.71682,0.7169,1.00,2.44
2017.09.04 02:34:36.323,0.7168,0.71689,1.01,1.00
2017.09.04 02:34:37.056,0.71681,0.71692,1.87,2.44
2017.09.04 02:34:37.486,0.71681,0.71689,2.32,1.00
2017.09.04 02:34:38.042,0.71681,0.71689,1.12,1.00
2017.09.04 02:34:39.297,0.71681,0.7169,2.81,1.00
2017.09.04 02:34:39.349,0.71682,0.71692,1.01,1.00
2017.09.04 02:34:39.451,0.71685,0.71693,1.25,1.00
2017.09.04 02:34:39.968,0.71684,0.71694,1.69,1.00
2017.09.04 02:34:40.587,0.71684,0.71694,1.19,1.50
2017.09.04 02:34:41.974,0.71684,0.71695,3.82,1.50
2017.09.04 02:34:44.195,0.71688,0.71697,1.25,2.51
2017.09.04 02:34:45.723,0.71687,0.71696,3.45,1.00
2017.09.04 02:34:46.098,0.71689,0.71699,1.00,3.26
2017.09.04 02:34:46.640,0.71689,0.71699,1.00,2.51
2017.09.04 02:34:47.160,0.71689,0.71698,1.39,1.00
2017.09.04 02:34:47.784,0.71691,0.71698,1.00,1.00
2017.09.04 02:34:48.289,0.71692,0.71699,1.00,1.00
2017.09.04 02:34:48.842,0.71692,0.717,1.00,1.25
2017.09.04 02:34:49.602,0.71691,0.717,1.00,1.00
2017.09.04 02:34:54.925,0.71691,0.717,2.25,1.00
2017.09.04 02:34:56.204,0.7169,0.717,1.00,2.89
2017.09.04 02:34:56.724,0.71689,0.71698,1.00,1.76
2017.09.04 02:35:05.897,0.71688,0.71698,1.00,1.01
2017.09.04 02:35:06.982,0.71689,0.71698,1.00,1.00
2017.09.04 02:35:07.134,0.71689,0.717,1.87,2.70
2017.09.04 02:35:07.717,0.71689,0.71699,2.06,1.00
2017.09.04 02:35:08.251,0.71689,0.717,2.70,2.62
2017.09.04 02:35:08.783,0.7169,0.717,1.57,1.87
2017.09.04 02:35:09.222,0.7169,0.71698,1.50,1.00
2017.09.04 02:35:11.515,0.71692,0.717,1.00,1.00
2017.09.04 02:35:11.824,0.71692,0.71701,3.19,1.50
2017.09.04 02:35:12.231,0.71693,0.71702,3.07,1.00
2017.09.04 02:35:12.760,0.71694,0.71702,1.12,1.00
2017.09.04 02:35:12.863,0.71694,0.71704,1.12,2.25
2017.09.04 02:35:13.421,0.71694,0.71703,1.76,1.00
2017.09.04 02:35:13.916,0.71694,0.71703,1.85,1.00
2017.09.04 02:35:21.114,0.71695,0.71703,1.50,2.44
2017.09.04 02:35:21.653,0.71695,0.71703,1.50,1.00
2017.09.04 02:35:22.183,0.71695,0.71704,1.50,1.00
2017.09.04 02:35:22.844,0.71697,0.71704,1.00,1.00
2017.09.04 02:35:30.406,0.71697,0.71703,1.00,1.00
2017.09.04 02:35:32.841,0.71694,0.71703,1.75,1.00
2017.09.04 02:36:09.571,0.71694,0.71703,1.12,1.00
2017.09.04 02:36:19.406,0.71696,0.71703,1.00,1.00
2017.09.04 02:36:19.458,0.71695,0.71705,1.00,1.00
2017.09.04 02:36:19.510,0.71695,0.71703,1.00,1.00
2017.09.04 02:36:19.612,0.71696,0.71706,1.00,1.00
2017.09.04 02:36:20.475,0.71697,0.71706,1.00,1.00
2017.09.04 02:36:20.982,0.71697,0.71707,1.10,1.69
2017.09.04 02:36:21.573,0.71696,0.71705,1.00,1.00
2017.09.04 02:36:22.109,0.71695,0.71705,1.50,1.25
2017.09.04 02:36:23.879,0.71695,0.71705,2.44,1.87
2017.09.04 02:36:24.544,0.71695,0.71705,1.69,1.25
2017.09.04 02:36:25.074,0.71695,0.71705,1.50,1.31
2017.09.04 02:36:26.906,0.71693,0.71703,3.07,1.00
2017.09.04 02:36:28.023,0.71693,0.71703,1.50,2.06
2017.09.04 02:36:28.725,0.71693,0.71703,2.25,3.00
2017.09.04 02:36:29.426,0.71693,0.71703,1.50,2.06
2017.09.04 02:36:30.255,0.71692,0.71702,1.50,3.00
2017.09.04 02:36:30.962,0.71691,0.71701,1.00,1.88
2017.09.04 02:36:31.524,0.71691,0.717,1.00,3.19
2017.09.04 02:36:31.728,0.71687,0.71697,1.12,1.95
2017.09.04 02:36:31.779,0.71685,0.71694,1.57,1.00
2017.09.04 02:36:32.035,0.71683,0.71693,1.00,3.19
2017.09.04 02:36:32.086,0.71683,0.71691,1.00,1.00
2017.09.04 02:36:37.401,0.71684,0.71692,1.00,1.50
2017.09.04 02:36:43.891,0.71685,0.71693,2.06,1.25
2017.09.04 02:36:44.399,0.71685,0.71694,1.50,3.56
2017.09.04 02:36:45.608,0.71686,0.71693,1.00,1.00
2017.09.04 02:36:46.131,0.71686,0.71694,1.00,1.50
2017.09.04 02:36:47.091,0.71686,0.71693,1.00,1.00
2017.09.04 02:36:47.633,0.71686,0.71694,1.00,1.50
2017.09.04 02:36:48.643,0.71686,0.71693,1.00,1.00
2017.09.04 02:36:49.475,0.71686,0.71694,1.00,2.25
2017.09.04 02:36:54.762,0.71687,0.71694,1.00,1.50
2017.09.04 02:36:55.370,0.71686,0.71694,1.00,1.50
2017.09.04 02:36:56.865,0.71686,0.71693,1.00,1.00
2017.09.04 02:36:57.485,0.71686,0.71694,1.00,1.50
2017.09.04 02:36:57.862,0.71686,0.71692,1.00,1.00
2017.09.04 02:36:58.235,0.71686,0.71694,1.00,3.00
2017.09.04 02:36:58.752,0.71685,0.71693,2.32,2.25
2017.09.04 02:36:59.367,0.71685,0.71694,1.00,5.70
2017.09.04 02:36:59.418,0.71685,0.71694,1.00,4.69
2017.09.04 02:37:00.401,0.71685,0.71693,1.00,2.25
2017.09.04 02:37:01.117,0.71685,0.71694,1.00,4.88
2017.09.04 02:37:01.715,0.71685,0.71693,1.00,2.25
2017.09.04 02:37:03.093,0.71685,0.71694,1.69,3.19
2017.09.04 02:37:03.756,0.71686,0.71694,1.25,4.13
2017.09.04 02:37:04.267,0.71685,0.71694,1.69,1.69
2017.09.04 02:37:04.772,0.71685,0.71694,1.69,2.81
2017.09.04 02:37:05.578,0.71685,0.71694,1.00,3.19
2017.09.04 02:37:06.098,0.71685,0.71693,1.00,2.25
2017.09.04 02:37:06.645,0.71685,0.71694,1.00,3.26
2017.09.04 02:37:07.954,0.71685,0.71693,1.00,2.25
2017.09.04 02:37:08.056,0.71685,0.71694,1.75,2.44
2017.09.04 02:37:08.107,0.71685,0.71694,1.00,3.19
2017.09.04 02:37:09.423,0.71685,0.71693,1.00,1.50
2017.09.04 02:37:09.991,0.71686,0.71694,1.00,2.44
2017.09.04 02:37:11.472,0.71685,0.71694,1.00,3.19
2017.09.04 02:37:12.319,0.71685,0.71694,1.00,3.94
2017.09.04 02:37:13.027,0.71685,0.71694,1.00,2.44
2017.09.04 02:37:13.790,0.71685,0.71694,1.50,2.44
2017.09.04 02:37:14.323,0.71685,0.71694,1.00,1.25
2017.09.04 02:37:14.854,0.71685,0.71694,1.50,7.31
2017.09.04 02:37:15.403,0.71685,0.71694,1.00,4.13
2017.09.04 02:37:17.433,0.71685,0.71693,1.00,1.00
2017.09.04 02:37:20.057,0.71685,0.71692,1.00,1.00
2017.09.04 02:37:20.823,0.71684,0.71692,1.50,1.44
2017.09.04 02:37:21.513,0.71685,0.71691,1.50,1.88
2017.09.04 02:37:21.564,0.71683,0.71692,1.50,2.63
2017.09.04 02:37:22.089,0.71684,0.71692,1.00,1.25
2017.09.04 02:37:23.235,0.71684,0.71692,1.00,1.31
2017.09.04 02:37:23.801,0.71684,0.71692,1.00,1.25
2017.09.04 02:37:26.275,0.71684,0.71692,1.00,2.81
2017.09.04 02:37:26.880,0.71684,0.71692,1.00,1.13
2017.09.04 02:37:29.886,0.71684,0.71692,1.00,2.63
2017.09.04 02:37:30.512,0.71684,0.71692,1.00,4.31
2017.09.04 02:37:33.543,0.71684,0.71693,1.12,4.69
2017.09.04 02:37:34.170,0.71684,0.71693,1.00,5.51
2017.09.04 02:37:34.706,0.71684,0.71693,1.00,2.44
2017.09.04 02:37:35.285,0.71684,0.71693,1.00,3.94
2017.09.04 02:37:35.683,0.71684,0.71692,1.00,1.88
2017.09.04 02:37:36.192,0.71683,0.71691,1.00,1.50
2017.09.04 02:37:36.914,0.71682,0.71691,1.50,2.25
2017.09.04 02:37:39.436,0.71683,0.71692,1.00,1.10
2017.09.04 02:37:40.724,0.71684,0.71693,1.00,1.57
2017.09.04 02:37:41.076,0.71686,0.71693,1.00,1.57
2017.09.04 02:37:41.858,0.71686,0.71691,1.00,1.00
2017.09.04 02:37:42.844,0.71686,0.71693,1.12,3.00
2017.09.04 02:37:43.961,0.71686,0.71694,1.00,1.50
2017.09.04 02:37:44.513,0.71687,0.71696,1.00,4.50
2017.09.04 02:37:44.566,0.71689,0.71695,1.00,1.50
2017.09.04 02:37:45.112,0.71689,0.71696,1.00,3.56
2017.09.04 02:37:46.703,0.71688,0.71696,1.00,1.00
2017.09.04 02:37:47.218,0.71688,0.71697,1.00,1.50
2017.09.04 02:37:47.554,0.71691,0.71697,1.00,1.00
2017.09.04 02:37:48.068,0.71691,0.71698,1.00,1.00
2017.09.04 02:37:48.875,0.71691,0.71699,1.00,1.00
2017.09.04 02:37:49.558,0.71691,0.71699,1.00,2.70
2017.09.04 02:37:50.067,0.7169,0.71699,1.00,4.39
2017.09.04 02:37:51.358,0.71692,0.71699,1.00,1.00
2017.09.04 02:37:51.482,0.71693,0.71701,1.12,1.00
2017.09.04 02:37:51.990,0.71693,0.71702,1.50,1.20
2017.09.04 02:37:52.617,0.71695,0.71703,1.00,2.32
2017.09.04 02:38:17.462,0.71695,0.71704,1.00,1.50
2017.09.04 02:38:17.513,0.71695,0.71704,1.75,1.50
2017.09.04 02:38:18.976,0.71696,0.71704,1.50,1.00
2017.09.04 02:38:25.524,0.71697,0.71704,1.00,1.50
2017.09.04 02:38:31.907,0.71696,0.71704,1.00,1.50
2017.09.04 02:38:33.930,0.71696,0.71705,1.50,1.57
2017.09.04 02:38:49.627,0.71696,0.71704,1.00,1.50
2017.09.04 02:38:50.992,0.71696,0.71703,1.00,1.00
2017.09.04 02:38:59.886,0.71696,0.71703,1.87,1.45
2017.09.04 02:38:59.991,0.71696,0.71703,1.87,1.00
2017.09.04 02:39:06.007,0.71696,0.71705,1.12,1.95
2017.09.04 02:39:07.970,0.71696,0.71705,1.12,2.89
2017.09.04 02:39:09.514,0.71696,0.71705,1.12,2.14
2017.09.04 02:39:10.475,0.71696,0.71705,1.12,2.32
2017.09.04 02:39:11.407,0.71696,0.71705,1.12,2.51
2017.09.04 02:39:13.930,0.71696,0.71705,1.12,5.51
2017.09.04 02:39:16.888,0.71696,0.71705,1.87,5.70
2017.09.04 02:39:17.929,0.71696,0.71705,1.87,5.70
2017.09.04 02:39:18.869,0.71696,0.71705,1.87,2.14
2017.09.04 02:39:19.471,0.71696,0.71705,1.87,3.26
2017.09.04 02:39:20.112,0.71696,0.71705,1.87,3.26
2017.09.04 02:39:28.921,0.71695,0.71705,2.25,2.32
2017.09.04 02:39:29.147,0.71695,0.71705,3.00,5.70
2017.09.04 02:39:30.887,0.71696,0.71703,1.12,1.00
2017.09.04 02:39:36.590,0.71696,0.71703,1.00,1.57
2017.09.04 02:39:36.744,0.71694,0.71702,1.00,3.26
2017.09.04 02:39:36.847,0.71692,0.71698,1.00,1.20
2017.09.04 02:39:37.101,0.71688,0.71696,1.00,1.69
2017.09.04 02:39:37.230,0.71686,0.71696,1.87,6.64
2017.09.04 02:39:37.332,0.71685,0.71692,1.00,1.57
2017.09.04 02:39:37.384,0.71683,0.71692,1.00,3.26
2017.09.04 02:39:37.538,0.71683,0.71692,1.00,3.26
2017.09.04 02:39:38.058,0.71683,0.71692,1.00,3.07
2017.09.04 02:39:38.581,0.71684,0.71692,1.00,1.45
2017.09.04 02:39:39.407,0.71684,0.71693,2.25,1.57
2017.09.04 02:39:39.990,0.71685,0.71694,1.00,3.07
2017.09.04 02:39:40.504,0.71685,0.71694,1.50,1.95
2017.09.04 02:39:40.860,0.71687,0.71695,1.00,1.20
2017.09.04 02:39:41.380,0.71687,0.71695,1.00,1.45
2017.09.04 02:39:41.686,0.71689,0.71695,1.00,1.10
2017.09.04 02:39:42.513,0.71689,0.71697,1.00,1.45
2017.09.04 02:39:43.463,0.71691,0.71697,1.00,1.45
2017.09.04 02:39:43.668,0.71688,0.71697,1.50,1.45
2017.09.04 02:39:43.770,0.7169,0.71697,1.00,1.07
2017.09.04 02:39:44.472,0.71689,0.71697,1.00,1.57
2017.09.04 02:39:44.984,0.7169,0.71698,1.00,2.14
2017.09.04 02:39:45.599,0.71691,0.71697,1.00,2.32
2017.09.04 02:39:46.132,0.71691,0.71697,1.00,1.10
2017.09.04 02:39:46.792,0.71688,0.71697,1.50,1.57
2017.09.04 02:39:46.894,0.7169,0.71697,1.00,1.10
2017.09.04 02:39:46.946,0.71688,0.71697,1.50,1.57
2017.09.04 02:39:47.301,0.7169,0.71697,1.00,1.10
2017.09.04 02:39:47.403,0.71688,0.71697,1.50,1.57
2017.09.04 02:39:47.505,0.71691,0.71697,1.00,1.10
2017.09.04 02:39:47.762,0.71689,0.71696,1.00,1.00
2017.09.04 02:39:48.278,0.71688,0.71697,1.50,3.26
2017.09.04 02:39:48.906,0.7169,0.71697,1.00,1.10
2017.09.04 02:39:48.957,0.71688,0.71697,1.50,1.76
2017.09.04 02:39:49.077,0.7169,0.71697,1.00,2.51
2017.09.04 02:39:49.128,0.71688,0.71697,1.50,1.57
2017.09.04 02:39:49.636,0.71689,0.71697,1.00,2.70
2017.09.04 02:39:50.182,0.71688,0.71697,1.00,1.76
2017.09.04 02:39:50.836,0.71688,0.71697,1.00,5.14
2017.09.04 02:39:52.396,0.71689,0.71696,1.00,1.39
2017.09.04 02:39:52.980,0.71688,0.71697,1.00,3.82
2017.09.04 02:39:53.698,0.71687,0.71694,1.00,1.20
2017.09.04 02:39:54.238,0.71687,0.71694,1.00,1.45
2017.09.04 02:39:54.852,0.71686,0.71694,1.12,1.20
2017.09.04 02:39:55.503,0.71686,0.71694,1.12,1.95
2017.09.04 02:39:56.380,0.71686,0.71694,1.12,2.89
2017.09.04 02:39:57.474,0.71686,0.71694,1.12,1.95
2017.09.04 02:39:58.142,0.71686,0.71694,1.12,1.95
2017.09.04 02:39:58.685,0.71686,0.71694,1.12,1.95
2017.09.04 02:39:59.855,0.71686,0.71694,1.12,1.95
2017.09.04 02:40:00.892,0.71686,0.71694,1.12,1.57
2017.09.04 02:40:02.065,0.71686,0.71694,1.87,1.95
2017.09.04 02:40:02.872,0.71686,0.71694,1.87,1.95
2017.09.04 02:40:03.370,0.71689,0.71696,1.50,1.20
2017.09.04 02:40:03.944,0.7169,0.71698,1.00,2.89
2017.09.04 02:40:04.669,0.71692,0.71698,1.00,1.45
2017.09.04 02:40:10.214,0.71692,0.71699,1.00,1.95
2017.09.04 02:40:10.367,0.71693,0.71702,1.50,1.57
2017.09.04 02:40:10.483,0.71694,0.71703,1.75,1.87
2017.09.04 02:40:12.113,0.71695,0.71704,3.19,1.00
2017.09.04 02:40:12.671,0.71695,0.71705,2.25,1.95
2017.09.04 02:40:13.730,0.71695,0.71705,2.25,2.70
2017.09.04 02:40:15.133,0.71695,0.71703,1.50,1.00
2017.09.04 02:40:21.203,0.71695,0.71703,1.50,1.00
2017.09.04 02:40:27.189,0.71695,0.71703,1.69,1.00
2017.09.04 02:40:27.708,0.71695,0.71703,1.25,1.00
2017.09.04 02:40:28.407,0.71695,0.71703,2.00,1.00
2017.09.04 02:40:31.357,0.71695,0.71703,1.25,1.00
2017.09.04 02:40:32.019,0.71695,0.71703,1.50,1.10
2017.09.04 02:40:32.533,0.71695,0.71702,1.00,1.00
2017.09.04 02:40:45.449,0.71695,0.71702,1.75,1.00
2017.09.04 02:40:45.500,0.71695,0.71702,1.00,1.00
2017.09.04 02:40:46.087,0.71697,0.71702,1.00,1.00
2017.09.04 02:40:46.762,0.71695,0.71703,1.75,1.10
2017.09.04 02:40:47.803,0.71695,0.71703,1.50,1.00
2017.09.04 02:40:51.314,0.71695,0.71703,1.50,1.00
2017.09.04 02:40:56.494,0.71695,0.71704,1.50,1.20
2017.09.04 02:40:57.545,0.71695,0.71704,1.50,1.20
2017.09.04 02:40:58.090,0.71695,0.71704,1.50,1.45
2017.09.04 02:40:58.821,0.71695,0.71704,1.50,1.45
2017.09.04 02:41:03.212,0.71697,0.71705,1.00,4.20
2017.09.04 02:41:03.945,0.71697,0.71704,1.00,1.20
2017.09.04 02:41:12.813,0.71697,0.71704,1.00,2.51
2017.09.04 02:41:13.526,0.71697,0.71704,1.00,1.20
2017.09.04 02:41:18.286,0.71695,0.71704,3.37,2.89
2017.09.04 02:41:18.337,0.717,0.71704,1.00,1.20
2017.09.04 02:41:18.883,0.71699,0.71705,1.00,3.07
2017.09.04 02:41:21.096,0.71695,0.71705,1.87,2.32
2017.09.04 02:41:21.147,0.71696,0.71705,2.44,1.57
2017.09.04 02:41:21.679,0.71696,0.71705,2.44,1.10
2017.09.04 02:41:25.797,0.71697,0.71704,1.50,1.00
2017.09.04 02:41:26.583,0.71696,0.71705,2.62,1.10
2017.09.04 02:41:29.908,0.71696,0.71705,1.87,1.10
2017.09.04 02:41:30.215,0.71702,0.7171,1.00,2.32
2017.09.04 02:41:32.664,0.71701,0.71705,1.50,1.00
2017.09.04 02:41:32.817,0.71697,0.71704,1.00,1.00
2017.09.04 02:41:32.868,0.71695,0.71704,1.12,2.25
2017.09.04 02:41:32.919,0.71694,0.71703,2.25,1.95
2017.09.04 02:41:33.021,0.71691,0.717,1.37,1.20
2017.09.04 02:41:33.073,0.71691,0.717,1.37,1.95
2017.09.04 02:41:33.225,0.71687,0.71696,1.12,2.32
2017.09.04 02:41:33.429,0.71684,0.71692,1.50,1.00
2017.09.04 02:41:33.752,0.71685,0.71694,1.12,1.20
2017.09.04 02:41:34.280,0.71686,0.71694,1.00,1.10
2017.09.04 02:41:35.123,0.71688,0.71694,1.00,1.00
2017.09.04 02:41:35.227,0.71688,0.71696,1.50,1.00
2017.09.04 02:41:35.329,0.71689,0.71698,1.00,2.32
2017.09.04 02:41:36.432,0.71689,0.71697,1.00,1.00
2017.09.04 02:41:36.941,0.71689,0.71699,1.12,3.07
2017.09.04 02:41:37.568,0.7169,0.71698,1.00,1.20
2017.09.04 02:41:38.400,0.7169,0.71698,1.00,1.20
2017.09.04 02:41:40.136,0.71692,0.71698,1.00,1.45
2017.09.04 02:41:40.239,0.71693,0.71701,1.50,1.95
2017.09.04 02:41:42.039,0.71692,0.717,1.00,1.10
2017.09.04 02:41:42.575,0.71692,0.717,1.00,1.20
2017.09.04 02:41:44.765,0.71691,0.71701,1.12,4.57
2017.09.04 02:41:45.315,0.71692,0.71701,1.00,2.70
2017.09.04 02:41:45.886,0.71692,0.71701,1.00,2.70
2017.09.04 02:41:54.980,0.71693,0.717,1.00,1.10
2017.09.04 02:41:55.032,0.71695,0.71702,1.00,1.95
2017.09.04 02:41:55.135,0.71696,0.71703,1.00,1.00
2017.09.04 02:41:55.673,0.71695,0.71703,1.50,1.00
2017.09.04 02:42:05.456,0.71695,0.71704,1.50,1.10
2017.09.04 02:42:26.425,0.71696,0.71703,1.00,1.01
2017.09.04 02:42:27.312,0.71695,0.71701,1.00,1.00
2017.09.04 02:42:27.415,0.71695,0.71704,3.19,1.00
2017.09.04 02:42:27.972,0.71696,0.71705,1.12,1.20
2017.09.04 02:42:28.906,0.71696,0.71705,1.12,1.45
2017.09.04 02:42:33.864,0.71696,0.71705,1.25,1.95
2017.09.04 02:42:35.376,0.71696,0.71705,1.12,1.45
2017.09.04 02:42:41.489,0.71696,0.71704,1.12,1.45
2017.09.04 02:42:42.029,0.71696,0.71705,1.12,1.45
2017.09.04 02:42:45.048,0.71696,0.71705,1.12,1.45
2017.09.04 02:42:47.343,0.71696,0.71705,1.12,1.20
2017.09.04 02:42:47.699,0.71696,0.71704,1.12,1.20
2017.09.04 02:42:51.221,0.71696,0.71704,1.00,1.20
2017.09.04 02:42:53.790,0.71695,0.71705,3.56,1.39
2017.09.04 02:42:54.435,0.71695,0.71705,3.56,1.70
2017.09.04 02:42:54.742,0.71698,0.71706,1.00,3.07
2017.09.04 02:42:58.511,0.71698,0.71706,1.00,2.51
2017.09.04 02:42:59.040,0.71698,0.71706,1.00,1.12
2017.09.04 02:42:59.981,0.71698,0.71707,1.00,1.50
2017.09.04 02:43:00.286,0.717,0.7171,1.50,2.44
2017.09.04 02:43:00.337,0.71702,0.71712,1.00,1.57
2017.09.04 02:43:00.462,0.71701,0.7171,1.87,1.00
2017.09.04 02:43:02.395,0.71702,0.7171,1.00,1.00
2017.09.04 02:43:05.405,0.71702,0.71709,1.00,1.00
2017.09.04 02:43:05.914,0.71701,0.71709,1.00,1.25
2017.09.04 02:43:06.219,0.71696,0.71705,1.00,1.76
2017.09.04 02:43:06.739,0.71696,0.71704,1.00,1.25
2017.09.04 02:43:12.494,0.71696,0.71705,1.00,1.69
2017.09.04 02:43:13.003,0.71696,0.71704,1.00,1.00
2017.09.04 02:43:14.165,0.71695,0.71702,1.00,1.69
2017.09.04 02:43:14.216,0.71692,0.71701,3.00,1.50
2017.09.04 02:43:14.726,0.71692,0.71701,1.00,1.25
2017.09.04 02:43:15.243,0.71692,0.717,1.00,1.00
2017.09.04 02:43:15.750,0.71693,0.71702,1.00,2.89
2017.09.04 02:43:17.147,0.71693,0.71701,1.00,1.00
2017.09.04 02:43:17.310,0.71695,0.71702,1.00,3.26
2017.09.04 02:43:17.894,0.71694,0.71703,1.00,4.01
2017.09.04 02:43:21.615,0.71694,0.71701,1.00,1.00
2017.09.04 02:43:22.258,0.71694,0.71702,1.00,1.31
2017.09.04 02:43:26.029,0.71694,0.71701,1.00,1.25
2017.09.04 02:43:26.633,0.71694,0.71703,1.00,3.26
2017.09.04 02:43:26.938,0.71696,0.71704,1.00,1.50
2017.09.04 02:43:29.285,0.71696,0.71704,1.00,1.00
2017.09.04 02:43:29.641,0.71699,0.71706,1.00,2.25
2017.09.04 02:43:29.846,0.71696,0.71705,1.00,1.10
2017.09.04 02:43:31.417,0.71696,0.71704,1.00,1.00
2017.09.04 02:43:33.973,0.71694,0.71702,1.00,1.00
2017.09.04 02:43:34.025,0.71692,0.71701,1.12,2.06
2017.09.04 02:43:34.161,0.71692,0.717,1.00,1.44
2017.09.04 02:43:34.681,0.71692,0.717,1.00,1.50
2017.09.04 02:43:36.278,0.71692,0.71699,1.00,1.25
2017.09.04 02:43:37.089,0.71692,0.71698,1.00,1.00
2017.09.04 02:43:37.855,0.71692,0.71699,1.00,1.00
2017.09.04 02:43:38.162,0.71691,0.71697,1.12,1.00
2017.09.04 02:43:40.106,0.71691,0.71698,1.00,1.50
2017.09.04 02:43:42.173,0.71691,0.71697,1.00,1.00
2017.09.04 02:43:42.727,0.71691,0.71698,1.00,1.50
2017.09.04 02:43:43.280,0.71691,0.71699,1.00,1.25
2017.09.04 02:43:43.824,0.71691,0.71698,1.00,1.25
2017.09.04 02:43:44.375,0.71691,0.71699,1.00,1.69
2017.09.04 02:43:45.615,0.71689,0.71698,1.12,1.00
2017.09.04 02:43:46.824,0.71689,0.71696,1.12,1.00
2017.09.04 02:43:47.034,0.71689,0.71698,1.50,1.10
2017.09.04 02:43:47.708,0.71689,0.71697,1.00,1.25
2017.09.04 02:43:48.420,0.71689,0.71698,1.00,1.01
2017.09.04 02:43:49.033,0.71689,0.71699,1.00,1.20
2017.09.04 02:43:49.630,0.7169,0.71698,1.00,1.25
2017.09.04 02:43:50.167,0.7169,0.71699,1.00,2.51
2017.09.04 02:43:51.780,0.7169,0.71698,1.00,1.00
2017.09.04 02:43:53.533,0.71689,0.71698,1.00,1.10
2017.09.04 02:43:57.915,0.7169,0.71698,1.00,1.00
2017.09.04 02:43:58.282,0.71692,0.71698,1.00,1.00
2017.09.04 02:43:58.587,0.71692,0.717,1.00,1.12
2017.09.04 02:43:59.283,0.71692,0.71699,1.00,1.00
2017.09.04 02:43:59.810,0.71692,0.717,1.00,1.20
2017.09.04 02:44:00.342,0.71692,0.71699,1.00,1.00
2017.09.04 02:44:00.954,0.71692,0.717,1.00,2.70
2017.09.04 02:44:01.514,0.71692,0.717,1.00,2.89
2017.09.04 02:44:02.784,0.71692,0.717,1.00,3.45
2017.09.04 02:44:05.551,0.71692,0.71699,1.00,1.00
2017.09.04 02:44:06.720,0.71688,0.71696,1.50,1.69
2017.09.04 02:44:07.204,0.71691,0.71697,1.00,1.00
2017.09.04 02:44:07.510,0.71691,0.71699,1.00,1.00
2017.09.04 02:44:08.702,0.71691,0.717,1.00,1.00
2017.09.04 02:44:09.237,0.71691,0.71699,1.00,1.00
2017.09.04 02:44:09.752,0.71691,0.717,1.00,1.00
2017.09.04 02:44:10.253,0.71692,0.717,1.00,1.10
2017.09.04 02:44:11.707,0.71692,0.71699,1.00,1.00
2017.09.04 02:44:12.504,0.71692,0.717,1.00,1.20
2017.09.04 02:44:13.079,0.71692,0.71699,1.00,1.00
2017.09.04 02:44:13.606,0.71692,0.717,1.00,1.95
2017.09.04 02:44:14.128,0.71692,0.717,1.00,2.32
2017.09.04 02:44:14.724,0.71692,0.717,1.00,1.12
2017.09.04 02:44:27.046,0.71692,0.71699,1.00,1.25
2017.09.04 02:44:27.797,0.71692,0.717,1.00,1.31
2017.09.04 02:44:32.508,0.71692,0.71699,1.00,1.00
2017.09.04 02:44:33.059,0.71692,0.717,1.00,1.12
2017.09.04 02:44:33.585,0.71692,0.71699,1.00,1.00
2017.09.04 02:44:33.842,0.71695,0.71702,1.00,1.00
2017.09.04 02:44:34.147,0.71697,0.71704,1.20,1.00
2017.09.04 02:44:34.876,0.71697,0.71705,1.20,3.00
2017.09.04 02:44:40.979,0.71698,0.71706,1.00,2.62
2017.09.04 02:44:41.541,0.71698,0.71705,1.00,1.50
2017.09.04 02:44:42.057,0.71697,0.71706,1.00,2.32
2017.09.04 02:44:42.598,0.71697,0.71704,1.00,1.20
2017.09.04 02:44:45.480,0.71697,0.71705,1.00,1.45
2017.09.04 02:44:46.426,0.71697,0.71705,1.00,1.45
2017.09.04 02:44:50.887,0.71697,0.71705,1.00,3.45
2017.09.04 02:44:53.488,0.71697,0.71705,1.00,1.95
2017.09.04 02:44:53.746,0.71695,0.71703,1.00,2.89
2017.09.04 02:44:58.962,0.71695,0.71703,1.00,3.26
2017.09.04 02:45:00.627,0.71695,0.71703,1.00,3.45
2017.09.04 02:45:00.938,0.71693,0.71698,1.00,1.57
2017.09.04 02:45:01.040,0.7169,0.71698,1.00,1.01
2017.09.04 02:45:01.561,0.7169,0.71698,1.00,1.45
2017.09.04 02:45:02.245,0.71689,0.71697,1.00,1.01
2017.09.04 02:45:02.802,0.71688,0.71694,1.00,1.00
2017.09.04 02:45:03.317,0.71687,0.71694,1.00,2.14
2017.09.04 02:45:05.389,0.71688,0.71696,1.00,1.45
2017.09.04 02:45:05.593,0.7169,0.71698,1.00,2.32
2017.09.04 02:45:06.102,0.71691,0.71698,1.00,2.25
2017.09.04 02:45:06.609,0.71691,0.71698,1.00,1.76
2017.09.04 02:45:07.004,0.7169,0.71698,1.00,1.70
2017.09.04 02:45:07.551,0.7169,0.71699,1.00,6.07
2017.09.04 02:45:08.209,0.7169,0.71697,1.00,1.01
2017.09.04 02:45:08.972,0.71688,0.71695,1.00,1.20
2017.09.04 02:45:09.074,0.71688,0.71695,1.00,1.45
2017.09.04 02:45:09.329,0.71686,0.71695,1.00,4.20
2017.09.04 02:45:09.834,0.71686,0.71695,1.00,3.56
2017.09.04 02:45:10.060,0.71687,0.71694,1.00,1.45
2017.09.04 02:45:10.605,0.71687,0.71694,1.00,1.20
2017.09.04 02:45:11.165,0.71687,0.71695,1.00,3.45
2017.09.04 02:45:11.429,0.71687,0.71695,1.00,1.10
2017.09.04 02:45:17.241,0.71689,0.71697,1.00,2.70
2017.09.04 02:45:17.547,0.71687,0.71694,1.00,1.00
2017.09.04 02:45:18.495,0.71688,0.71698,1.00,4.76
2017.09.04 02:45:18.800,0.71691,0.71697,1.00,1.12
2017.09.04 02:45:19.934,0.71691,0.71698,1.00,1.10
2017.09.04 02:45:23.236,0.71692,0.71698,1.00,1.00
2017.09.04 02:45:24.057,0.71692,0.71698,1.00,2.14
2017.09.04 02:45:24.766,0.7169,0.71699,1.00,2.14
2017.09.04 02:45:25.268,0.7169,0.71698,1.00,2.32
2017.09.04 02:45:30.245,0.7169,0.71698,1.00,1.00
2017.09.04 02:45:30.756,0.7169,0.71698,1.00,1.39
2017.09.04 02:45:31.966,0.71691,0.71698,1.00,2.32
2017.09.04 02:45:32.474,0.71691,0.71698,1.00,1.85
2017.09.04 02:45:32.525,0.71691,0.71698,1.00,1.57
2017.09.04 02:45:33.284,0.71691,0.71698,1.00,1.57
2017.09.04 02:45:34.840,0.7169,0.71698,1.00,1.57
2017.09.04 02:45:35.384,0.7169,0.71698,1.00,1.01
2017.09.04 02:45:35.916,0.71691,0.71698,1.00,1.10
2017.09.04 02:45:37.970,0.71691,0.71698,1.00,2.70
2017.09.04 02:45:38.624,0.71691,0.71698,1.00,1.01
2017.09.04 02:45:39.996,0.71689,0.71695,1.00,1.50
2017.09.04 02:45:40.256,0.71691,0.71699,1.00,3.00
2017.09.04 02:45:40.409,0.71691,0.71699,1.00,3.75
2017.09.04 02:45:40.460,0.71691,0.71699,1.00,1.50
2017.09.04 02:45:41.763,0.71691,0.71698,1.00,1.00
2017.09.04 02:45:42.289,0.71691,0.71699,1.00,1.12
2017.09.04 02:45:45.388,0.71693,0.71701,1.00,2.32
2017.09.04 02:45:46.984,0.71693,0.71701,1.00,1.50
2017.09.04 02:45:48.167,0.71694,0.71701,1.00,1.50
2017.09.04 02:45:48.269,0.71696,0.71701,1.00,1.00
2017.09.04 02:45:48.321,0.71696,0.71705,1.00,2.70
2017.09.04 02:45:48.525,0.71698,0.71705,1.00,1.00
2017.09.04 02:45:49.207,0.71698,0.71706,1.00,2.25
2017.09.04 02:45:49.881,0.71698,0.71705,1.00,1.00
2017.09.04 02:45:56.113,0.71698,0.71706,1.00,3.07
2017.09.04 02:46:00.144,0.71699,0.71708,1.00,1.95
2017.09.04 02:46:01.302,0.71699,0.71709,1.00,1.95
2017.09.04 02:46:01.835,0.717,0.71709,1.00,1.95
2017.09.04 02:46:02.390,0.717,0.71709,1.00,1.95
2017.09.04 02:46:03.329,0.717,0.71709,1.00,1.10
2017.09.04 02:46:09.687,0.717,0.71708,1.00,1.00
2017.09.04 02:46:10.245,0.717,0.7171,1.00,6.07
2017.09.04 02:46:10.814,0.717,0.71708,1.00,1.00
2017.09.04 02:46:11.322,0.717,0.7171,1.00,5.32
2017.09.04 02:46:15.073,0.717,0.71708,1.00,1.00
2017.09.04 02:46:15.622,0.717,0.71709,1.00,1.10
2017.09.04 02:46:17.836,0.717,0.71708,1.00,1.00
2017.09.04 02:46:18.112,0.71697,0.71705,1.00,1.00
2017.09.04 02:46:19.858,0.71697,0.71704,1.00,1.00
2017.09.04 02:46:20.164,0.71699,0.71706,1.00,1.50
2017.09.04 02:46:20.521,0.71698,0.71704,1.00,1.00
2017.09.04 02:46:31.739,0.71698,0.71706,1.00,1.10
2017.09.04 02:46:32.254,0.71698,0.71705,1.00,1.00
2017.09.04 02:46:32.839,0.71696,0.71705,1.00,1.00
2017.09.04 02:46:35.145,0.71696,0.71705,1.00,2.14
2017.09.04 02:46:35.669,0.71695,0.71705,1.12,3.37
2017.09.04 02:46:39.550,0.71696,0.71704,1.00,1.50
2017.09.04 02:46:47.533,0.71697,0.71704,1.00,1.00
2017.09.04 02:46:48.049,0.71696,0.71704,1.00,1.00
2017.09.04 02:46:52.338,0.71694,0.71704,1.57,1.50
2017.09.04 02:46:52.879,0.71694,0.71703,1.00,1.00
2017.09.04 02:46:53.577,0.71692,0.71702,1.57,1.00
2017.09.04 02:46:57.538,0.71692,0.71702,1.95,1.00
2017.09.04 02:46:58.055,0.71692,0.71702,1.50,1.00
2017.09.04 02:47:00.283,0.71694,0.71702,1.12,1.00
2017.09.04 02:47:03.269,0.71695,0.71704,1.00,1.10
2017.09.04 02:47:03.371,0.71697,0.71706,1.50,1.57
2017.09.04 02:47:03.473,0.71697,0.71707,1.00,1.00
2017.09.04 02:47:03.727,0.71697,0.71705,1.00,1.00
2017.09.04 02:47:06.898,0.71697,0.71706,1.00,1.00
2017.09.04 02:47:07.239,0.717,0.71707,1.00,1.00
2017.09.04 02:47:08.004,0.717,0.71708,1.00,3.45
2017.09.04 02:47:08.715,0.717,0.71707,1.00,1.00
2017.09.04 02:47:10.172,0.71701,0.71708,1.00,2.25
2017.09.04 02:47:13.549,0.71699,0.71708,1.00,1.00
2017.09.04 02:47:13.668,0.71697,0.71705,1.00,1.00
2017.09.04 02:47:13.771,0.71695,0.71704,1.20,1.50
2017.09.04 02:47:15.196,0.71696,0.71704,1.00,2.25
2017.09.04 02:47:15.849,0.71696,0.71703,1.00,1.00
2017.09.04 02:47:16.396,0.71696,0.71702,1.00,1.00
2017.09.04 02:47:19.162,0.71695,0.71702,1.00,1.10
2017.09.04 02:47:19.691,0.71693,0.71702,1.00,2.00
2017.09.04 02:47:19.742,0.71694,0.71702,1.00,2.44
2017.09.04 02:47:19.844,0.71694,0.71701,1.00,2.44
2017.09.04 02:47:20.147,0.71691,0.71701,1.01,3.94
2017.09.04 02:47:25.171,0.71691,0.717,1.10,1.50
2017.09.04 02:47:25.749,0.71691,0.717,1.10,1.00
2017.09.04 02:47:26.543,0.71691,0.71701,1.12,3.37
2017.09.04 02:47:36.048,0.71691,0.71699,1.01,1.00
2017.09.04 02:47:46.064,0.7169,0.71699,1.76,1.50
2017.09.04 02:47:46.609,0.7169,0.71699,2.14,1.50
2017.09.04 02:47:51.272,0.71691,0.71701,1.76,1.12
2017.09.04 02:47:51.799,0.71691,0.71701,4.20,1.12
2017.09.04 02:47:56.085,0.71691,0.71701,1.25,1.20
2017.09.04 02:47:56.597,0.71691,0.717,1.00,1.00
2017.09.04 02:47:57.132,0.7169,0.71701,1.95,1.87
2017.09.04 02:47:58.502,0.7169,0.717,1.12,1.00
2017.09.04 02:47:58.553,0.71689,0.71695,1.00,1.00
2017.09.04 02:47:58.656,0.71686,0.71694,1.25,1.00
2017.09.04 02:47:58.809,0.71684,0.71694,1.10,1.00
2017.09.04 02:47:58.961,0.71687,0.71696,1.00,1.87
2017.09.04 02:48:00.351,0.71686,0.71696,1.10,1.12
2017.09.04 02:48:01.982,0.71687,0.71696,1.00,1.12
2017.09.04 02:48:07.807,0.71688,0.71697,1.12,2.25
2017.09.04 02:48:08.062,0.71689,0.71698,1.20,1.00
2017.09.04 02:48:08.596,0.71689,0.71699,3.00,2.62
2017.09.04 02:48:08.801,0.71691,0.71701,1.10,1.87
2017.09.04 02:48:14.784,0.71691,0.717,1.00,1.00
2017.09.04 02:48:15.897,0.71695,0.71701,1.00,1.12
2017.09.04 02:48:15.948,0.71691,0.717,1.50,1.00
2017.09.04 02:48:16.947,0.71691,0.71701,1.50,2.06
2017.09.04 02:48:17.535,0.71691,0.71702,2.70,3.00
2017.09.04 02:48:21.510,0.71692,0.71702,1.00,2.62
2017.09.04 02:48:22.193,0.71691,0.71702,1.57,2.62
2017.09.04 02:48:26.961,0.71691,0.71701,1.57,1.00
2017.09.04 02:48:30.280,0.71691,0.71701,1.95,1.00
2017.09.04 02:48:31.795,0.71691,0.71701,1.57,1.00
2017.09.04 02:48:32.304,0.71691,0.71702,1.57,2.62
2017.09.04 02:48:35.513,0.71691,0.71702,1.57,3.82
2017.09.04 02:48:36.861,0.71691,0.71702,1.95,3.00
2017.09.04 02:48:37.366,0.71691,0.71702,1.50,3.00
2017.09.04 02:48:39.910,0.71691,0.71701,1.95,1.12
2017.09.04 02:48:40.439,0.71691,0.71701,1.95,1.50
2017.09.04 02:48:41.411,0.71691,0.71702,1.57,3.07
2017.09.04 02:48:43.552,0.71691,0.717,2.89,1.12
2017.09.04 02:48:44.218,0.71691,0.717,1.57,1.12
2017.09.04 02:48:44.880,0.71691,0.717,2.32,1.12
2017.09.04 02:48:45.403,0.71691,0.717,1.50,1.87
2017.09.04 02:48:47.505,0.71691,0.71701,1.20,1.00
2017.09.04 02:48:48.353,0.71691,0.71702,2.70,3.00
2017.09.04 02:48:53.050,0.71691,0.71701,1.57,1.00
2017.09.04 02:49:04.010,0.71691,0.71702,1.57,1.87
2017.09.04 02:49:08.197,0.71691,0.71702,2.70,1.87
2017.09.04 02:49:08.717,0.71691,0.71702,3.45,1.12
2017.09.04 02:49:10.882,0.71691,0.71702,1.95,1.12
2017.09.04 02:49:15.194,0.71691,0.71702,1.95,1.12
2017.09.04 02:49:15.719,0.71691,0.71702,1.57,1.12
2017.09.04 02:49:17.110,0.71692,0.71702,1.00,1.12
2017.09.04 02:49:26.998,0.71693,0.71703,1.00,1.57
2017.09.04 02:49:49.041,0.71693,0.71701,1.00,1.00
2017.09.04 02:49:49.584,0.71693,0.71702,1.00,1.12
2017.09.04 02:50:19.267,0.71693,0.717,1.00,1.00
2017.09.04 02:50:19.521,0.71693,0.71703,1.00,3.82
2017.09.04 02:50:20.087,0.71694,0.71703,1.00,3.82
2017.09.04 02:50:35.188,0.71693,0.71703,1.00,3.75
2017.09.04 02:50:54.779,0.71693,0.71703,1.00,2.25
2017.09.04 02:50:56.807,0.71693,0.71702,1.00,1.00
2017.09.04 02:50:59.939,0.71693,0.71703,1.00,1.00
2017.09.04 02:51:03.116,0.71693,0.71703,1.00,1.20
2017.09.04 02:51:03.715,0.71693,0.71703,1.00,2.25
2017.09.04 02:51:06.738,0.71693,0.71702,1.00,1.00
2017.09.04 02:51:07.499,0.71693,0.71703,1.00,1.00
2017.09.04 02:51:08.537,0.71693,0.71702,1.00,1.00
2017.09.04 02:51:09.527,0.71693,0.71703,1.00,1.10
2017.09.04 02:51:22.127,0.71693,0.71703,1.00,3.00
2017.09.04 02:51:26.167,0.71693,0.71703,1.00,3.37
2017.09.04 02:51:36.205,0.71692,0.71703,1.00,1.87
2017.09.04 02:51:39.511,0.71692,0.71702,3.37,1.00
2017.09.04 02:51:40.086,0.71692,0.71703,1.50,3.37
2017.09.04 02:51:41.059,0.71692,0.717,1.69,1.00
2017.09.04 02:51:41.224,0.71692,0.71703,1.69,1.87
2017.09.04 02:51:41.901,0.71692,0.71702,2.62,1.00
2017.09.04 02:51:43.862,0.71692,0.71703,1.57,1.95
2017.09.04 02:51:45.792,0.71692,0.71702,1.44,1.00
2017.09.04 02:51:46.458,0.71692,0.71703,1.25,1.87
2017.09.04 02:51:54.811,0.71692,0.71703,1.37,1.87
2017.09.04 02:51:59.301,0.71692,0.71703,1.25,1.12
2017.09.04 02:52:12.310,0.71696,0.71703,1.00,1.12
2017.09.04 02:52:19.875,0.71696,0.71702,1.00,1.25
2017.09.04 02:52:22.656,0.71696,0.71703,1.00,3.00
2017.09.04 02:52:24.486,0.71696,0.71702,1.00,1.00
2017.09.04 02:52:24.999,0.71696,0.71703,1.00,1.87
2017.09.04 02:52:26.824,0.71696,0.71703,1.00,3.82
2017.09.04 02:52:27.329,0.71696,0.71703,1.00,1.87
2017.09.04 02:52:32.498,0.71694,0.71702,1.00,1.00
2017.09.04 02:52:34.270,0.71694,0.71703,1.00,1.12
2017.09.04 02:52:36.754,0.71694,0.71702,1.00,1.00
2017.09.04 02:52:37.543,0.71694,0.71703,1.00,1.12
2017.09.04 02:52:38.201,0.71695,0.71703,1.00,3.37
2017.09.04 02:52:39.548,0.71695,0.71702,1.00,1.00
2017.09.04 02:52:41.048,0.71693,0.71702,1.00,1.00
2017.09.04 02:52:47.495,0.71693,0.71703,1.00,3.56
2017.09.04 02:52:48.047,0.71695,0.71703,1.00,1.57
2017.09.04 02:52:48.149,0.71696,0.71705,1.00,1.87
2017.09.04 02:52:48.658,0.71696,0.71706,1.00,1.12
2017.09.04 02:52:54.241,0.71697,0.71706,1.00,2.81
2017.09.04 02:53:03.245,0.71698,0.71706,1.00,1.12
2017.09.04 02:53:03.499,0.71698,0.71707,2.00,2.32
2017.09.04 02:53:04.533,0.71703,0.71709,1.00,1.12
2017.09.04 02:53:04.636,0.71704,0.71712,1.50,1.00
2017.09.04 02:53:05.162,0.71705,0.71713,1.12,1.00
2017.09.04 02:53:06.053,0.71705,0.71713,1.75,1.00
2017.09.04 02:53:08.167,0.71704,0.71715,2.25,2.62
2017.09.04 02:53:08.711,0.71704,0.71714,2.25,1.10
2017.09.04 02:53:09.076,0.71705,0.71714,1.00,1.00
2017.09.04 02:53:10.026,0.71705,0.71714,1.00,1.45
2017.09.04 02:53:12.270,0.71704,0.71714,2.25,1.95
2017.09.04 02:53:12.321,0.71705,0.71714,1.50,1.76
2017.09.04 02:53:13.492,0.71705,0.71715,1.50,1.95
2017.09.04 02:53:15.448,0.71705,0.71715,1.50,1.95
2017.09.04 02:53:16.990,0.71706,0.71715,1.00,1.57
2017.09.04 02:53:22.909,0.71705,0.71714,2.25,1.10
2017.09.04 02:53:24.501,0.71705,0.71714,1.50,1.10
2017.09.04 02:53:26.750,0.71705,0.71714,1.50,1.00
2017.09.04 02:53:30.233,0.71705,0.71714,1.50,1.10
2017.09.04 02:53:32.618,0.71705,0.71715,1.50,2.51
2017.09.04 02:53:32.669,0.71705,0.71715,1.75,2.89
2017.09.04 02:53:35.107,0.71705,0.71715,1.75,2.51
2017.09.04 02:53:38.669,0.71705,0.71715,1.50,2.70
2017.09.04 02:53:39.242,0.71706,0.71714,1.00,1.25
2017.09.04 02:53:39.759,0.71706,0.71715,1.00,1.00
2017.09.04 02:53:42.235,0.71706,0.71715,1.50,1.00
2017.09.04 02:53:46.417,0.71706,0.71714,1.50,1.00
2017.09.04 02:53:47.843,0.71706,0.71715,1.50,1.57
2017.09.04 02:53:50.394,0.71706,0.71714,1.50,1.00
2017.09.04 02:53:51.078,0.71706,0.71714,1.12,1.00
2017.09.04 02:53:51.807,0.71706,0.71715,1.12,1.57
2017.09.04 02:53:52.349,0.71707,0.71715,1.00,1.95
2017.09.04 02:53:54.130,0.71707,0.71715,1.00,2.32
2017.09.04 02:53:55.825,0.71709,0.71718,1.00,2.62
2017.09.04 02:53:55.877,0.71711,0.71719,1.00,1.50
2017.09.04 02:53:56.197,0.71715,0.71722,1.00,1.69
2017.09.04 02:53:57.061,0.71715,0.71722,1.00,1.69
2017.09.04 02:53:57.578,0.71715,0.71723,1.00,3.19
2017.09.04 02:53:58.904,0.71713,0.71723,1.75,2.44
2017.09.04 02:53:59.639,0.71715,0.71722,1.12,1.00
2017.09.04 02:54:00.189,0.71715,0.71723,1.00,1.50
2017.09.04 02:54:01.721,0.71715,0.71722,1.50,1.25
2017.09.04 02:54:03.112,0.71715,0.71723,1.50,2.44
2017.09.04 02:54:07.447,0.71715,0.71724,1.00,3.19
2017.09.04 02:54:08.668,0.71714,0.71724,4.01,1.50
2017.09.04 02:54:10.462,0.71715,0.71723,1.69,1.69
2017.09.04 02:54:10.977,0.71714,0.71724,2.70,3.19
2017.09.04 02:54:11.181,0.71711,0.71721,3.45,1.00
2017.09.04 02:54:11.722,0.71714,0.71722,2.00,1.50
2017.09.04 02:54:11.774,0.71714,0.71722,1.00,1.00
2017.09.04 02:54:11.826,0.71714,0.71723,2.00,2.25
2017.09.04 02:54:13.349,0.71715,0.71723,1.69,3.19
2017.09.04 02:54:18.060,0.71714,0.71723,1.75,2.25
2017.09.04 02:54:19.964,0.71714,0.71723,1.50,1.50
2017.09.04 02:54:21.355,0.71714,0.71723,1.75,1.95
2017.09.04 02:54:21.609,0.71714,0.71723,1.50,1.20
2017.09.04 02:54:21.660,0.71714,0.71723,1.75,1.20
2017.09.04 02:54:23.325,0.71715,0.71722,1.00,1.25
2017.09.04 02:54:23.929,0.71714,0.71723,1.50,1.20
2017.09.04 02:54:24.550,0.71716,0.71723,1.00,1.10
2017.09.04 02:54:25.539,0.71716,0.71723,1.00,1.45
2017.09.04 02:54:27.171,0.71713,0.71723,2.25,1.45
2017.09.04 02:54:28.507,0.71713,0.71723,2.25,1.20
2017.09.04 02:54:30.019,0.71713,0.71724,2.25,2.89
2017.09.04 02:54:31.100,0.71713,0.71723,2.44,2.14
2017.09.04 02:54:31.690,0.71713,0.71723,2.25,2.14
2017.09.04 02:54:34.000,0.71713,0.71723,2.44,1.76
2017.09.04 02:54:34.470,0.71713,0.71723,2.25,2.14
2017.09.04 02:54:37.100,0.71713,0.71723,2.25,2.14
2017.09.04 02:54:40.479,0.71713,0.71723,2.32,1.25
2017.09.04 02:54:41.358,0.71714,0.71722,1.50,1.25
2017.09.04 02:54:41.976,0.71714,0.71723,1.00,1.25
2017.09.04 02:54:43.110,0.71714,0.71722,1.50,1.25
2017.09.04 02:54:43.572,0.71715,0.71724,1.12,2.44
2017.09.04 02:54:49.434,0.71715,0.71724,1.12,3.64
2017.09.04 02:54:50.235,0.71713,0.71724,2.25,3.26
2017.09.04 02:54:50.286,0.71713,0.71721,1.75,1.00
2017.09.04 02:54:50.337,0.71713,0.71721,1.50,1.00
2017.09.04 02:54:50.908,0.71714,0.71721,1.00,1.00
2017.09.04 02:54:51.791,0.71714,0.71721,1.75,1.00
2017.09.04 02:54:53.903,0.71714,0.71721,1.00,1.00
2017.09.04 02:54:55.778,0.71717,0.71724,1.00,2.44
2017.09.04 02:55:01.390,0.71717,0.71723,1.00,1.25
2017.09.04 02:55:02.206,0.71717,0.71724,1.00,1.69
2017.09.04 02:55:08.419,0.71715,0.71722,1.00,1.00
2017.09.04 02:55:09.210,0.71715,0.71723,1.00,1.00
2017.09.04 02:55:09.799,0.71715,0.71723,1.00,1.20
2017.09.04 02:55:13.673,0.71715,0.71723,1.00,1.00
2017.09.04 02:55:15.185,0.71715,0.71724,1.00,2.14
2017.09.04 02:55:15.723,0.71716,0.71724,1.00,1.12
2017.09.04 02:55:16.400,0.71717,0.71725,1.00,1.69
2017.09.04 02:55:17.350,0.71717,0.71724,1.00,1.50
2017.09.04 02:55:20.043,0.71717,0.71725,1.00,1.00
2017.09.04 02:55:23.607,0.71717,0.71724,1.00,1.00
2017.09.04 02:55:26.393,0.71717,0.71725,1.00,1.25
2017.09.04 02:55:33.906,0.71717,0.71724,1.00,1.25
2017.09.04 02:55:37.085,0.71716,0.71724,1.00,1.00
2017.09.04 02:55:41.477,0.71716,0.71723,1.00,1.00
2017.09.04 02:55:42.241,0.71716,0.71724,1.00,1.20
2017.09.04 02:55:42.776,0.71716,0.71724,1.00,1.20
2017.09.04 02:55:43.728,0.71716,0.71724,1.00,1.20
2017.09.04 02:55:46.252,0.71714,0.71723,1.12,1.00
2017.09.04 02:55:47.995,0.71713,0.71723,3.75,1.00
2017.09.04 02:55:48.540,0.71713,0.71723,4.12,1.00
2017.09.04 02:55:52.517,0.71713,0.71722,2.25,1.00
2017.09.04 02:55:56.099,0.71714,0.71722,1.07,1.00
2017.09.04 02:55:57.552,0.71713,0.71722,2.89,1.00
2017.09.04 02:55:57.807,0.71716,0.71723,1.00,1.00
2017.09.04 02:56:02.895,0.71716,0.71724,1.00,1.25
2017.09.04 02:56:07.889,0.71716,0.71723,1.00,1.70
2017.09.04 02:56:07.991,0.71716,0.71724,1.00,1.39
2017.09.04 02:56:08.608,0.71716,0.71723,1.00,1.00
2017.09.04 02:56:17.838,0.71716,0.71723,1.00,1.20
2017.09.04 02:56:18.479,0.71716,0.71723,1.00,1.00
2017.09.04 02:56:22.707,0.71719,0.71723,1.00,1.00
2017.09.04 02:56:22.808,0.71719,0.71725,1.00,2.25
2017.09.04 02:56:25.239,0.71718,0.71725,1.00,1.50
2017.09.04 02:56:29.313,0.71718,0.71724,1.00,1.00
2017.09.04 02:56:30.420,0.71718,0.71725,1.00,1.50
2017.09.04 02:56:34.220,0.71718,0.71724,1.00,1.00
2017.09.04 02:56:34.832,0.71718,0.71725,1.00,1.00
2017.09.04 02:56:35.435,0.71718,0.71724,1.00,1.00
2017.09.04 02:56:35.954,0.71718,0.71725,1.00,1.00
2017.09.04 02:56:38.645,0.71718,0.71726,1.00,4.12
2017.09.04 02:56:39.174,0.71718,0.71725,1.00,1.50
2017.09.04 02:56:39.830,0.71718,0.71726,1.00,2.62
2017.09.04 02:56:41.910,0.71718,0.71725,1.00,1.50
2017.09.04 02:56:42.470,0.71718,0.71726,1.00,2.25
2017.09.04 02:56:49.457,0.71718,0.71725,1.00,1.50
2017.09.04 02:56:52.618,0.71718,0.71724,1.00,1.00
2017.09.04 02:56:55.125,0.71718,0.71725,1.00,1.00
2017.09.04 02:56:58.093,0.71718,0.71724,1.00,1.00
2017.09.04 02:56:58.145,0.71722,0.71726,1.00,1.12
2017.09.04 02:56:58.196,0.71722,0.7173,1.00,1.50
2017.09.04 02:56:58.401,0.71724,0.71733,1.00,1.31
2017.09.04 02:56:58.656,0.71726,0.71734,1.00,1.25
2017.09.04 02:56:59.395,0.71726,0.71734,1.00,3.19
2017.09.04 02:56:59.941,0.71726,0.71734,1.00,1.25
2017.09.04 02:57:01.539,0.71726,0.71734,1.00,1.69
2017.09.04 02:57:02.055,0.71726,0.71734,1.00,1.25
2017.09.04 02:57:03.343,0.71727,0.71734,1.00,1.00
2017.09.04 02:57:11.609,0.71727,0.71733,1.00,1.25
2017.09.04 02:57:12.244,0.71727,0.71734,1.00,1.00
2017.09.04 02:57:18.077,0.71727,0.71733,1.00,1.25
2017.09.04 02:57:25.992,0.71727,0.71734,1.00,1.00
2017.09.04 02:57:28.685,0.71727,0.71734,1.00,2.44
2017.09.04 02:57:29.409,0.71727,0.71734,1.00,1.69
2017.09.04 02:57:30.296,0.71727,0.71733,1.00,1.69
2017.09.04 02:57:31.057,0.71727,0.71733,1.00,1.25
2017.09.04 02:57:36.816,0.71727,0.71734,1.00,2.62
2017.09.04 02:57:38.675,0.71727,0.71734,1.00,1.69
2017.09.04 02:57:39.310,0.71727,0.71734,1.00,1.69
2017.09.04 02:57:40.588,0.71727,0.71733,1.00,1.25
2017.09.04 02:57:41.208,0.71727,0.71734,1.00,1.69
2017.09.04 02:57:52.835,0.71727,0.71734,1.00,2.62
2017.09.04 02:57:53.436,0.71727,0.71734,1.00,2.44
2017.09.04 02:57:56.815,0.71726,0.71733,1.00,1.25
2017.09.04 02:57:57.327,0.71726,0.71734,1.00,1.69
2017.09.04 02:57:59.250,0.71726,0.71733,1.00,1.25
2017.09.04 02:58:02.892,0.71726,0.71733,1.00,1.69
2017.09.04 02:58:03.045,0.71724,0.71732,1.00,1.00
2017.09.04 02:58:03.566,0.71723,0.71732,1.00,1.31
2017.09.04 02:58:04.143,0.71724,0.71732,1.00,1.31
2017.09.04 02:58:04.245,0.71723,0.71731,1.00,1.69
2017.09.04 02:58:04.804,0.71723,0.71732,1.00,2.06
2017.09.04 02:58:05.379,0.71723,0.71731,1.00,1.87
2017.09.04 02:58:06.174,0.71723,0.71729,1.00,1.19
2017.09.04 02:58:06.328,0.71721,0.71729,1.00,1.69
2017.09.04 02:58:06.431,0.71717,0.71725,1.00,1.50
2017.09.04 02:58:06.534,0.71716,0.71723,1.00,1.50
2017.09.04 02:58:07.085,0.71716,0.71722,1.00,1.25
2017.09.04 02:58:07.707,0.71716,0.71723,1.00,1.57
2017.09.04 02:58:09.369,0.71715,0.71723,1.00,1.01
2017.09.04 02:58:09.918,0.71715,0.71723,1.00,1.19
2017.09.04 02:58:14.290,0.71715,0.71723,1.00,1.25
2017.09.04 02:58:15.111,0.71715,0.71722,1.00,1.50
2017.09.04 02:58:15.687,0.71714,0.71721,1.00,1.00
2017.09.04 02:58:16.895,0.71715,0.71721,1.00,1.50
2017.09.04 02:58:17.203,0.71717,0.71724,1.00,2.51
2017.09.04 02:58:17.758,0.71716,0.71724,1.00,1.00
2017.09.04 02:58:18.265,0.71718,0.71724,1.00,1.00
2017.09.04 02:58:18.318,0.71719,0.71728,1.00,3.82
2017.09.04 02:58:18.370,0.71721,0.71728,1.00,2.25
2017.09.04 02:58:18.985,0.71721,0.71727,1.00,1.00
2017.09.04 02:58:19.611,0.71721,0.71728,1.00,1.00
2017.09.04 02:58:20.126,0.71721,0.71729,1.00,1.75
2017.09.04 02:58:20.500,0.71722,0.7173,1.00,3.37
2017.09.04 02:58:20.603,0.71723,0.71732,1.00,2.14
2017.09.04 02:58:20.655,0.71725,0.71732,1.00,1.57
2017.09.04 02:58:21.204,0.71725,0.71732,1.00,1.19
2017.09.04 02:58:21.679,0.71725,0.71734,1.00,3.64
2017.09.04 02:58:22.192,0.71726,0.71734,1.00,3.07
2017.09.04 02:58:32.164,0.71727,0.71734,1.00,2.25
2017.09.04 02:58:32.685,0.71727,0.71734,1.00,1.50
2017.09.04 02:58:43.832,0.71727,0.71734,1.00,1.50
2017.09.04 02:58:44.521,0.71727,0.71734,1.00,1.00
2017.09.04 02:58:48.250,0.71727,0.71733,1.00,1.00
2017.09.04 02:58:57.694,0.71727,0.71733,1.00,1.45
2017.09.04 02:58:57.872,0.71725,0.71733,1.00,3.26
2017.09.04 02:58:58.230,0.71723,0.71731,1.00,1.45
2017.09.04 02:58:58.663,0.7172,0.71729,1.50,1.31
2017.09.04 02:58:58.714,0.7172,0.71727,1.00,1.57
2017.09.04 02:58:58.817,0.71717,0.71725,1.00,1.45
2017.09.04 02:58:58.868,0.71715,0.71724,1.31,1.45
2017.09.04 02:58:58.970,0.71715,0.71723,1.00,1.45
2017.09.04 02:58:59.614,0.71714,0.71723,1.00,1.70
2017.09.04 02:59:00.788,0.71713,0.71722,1.12,1.39
2017.09.04 02:59:09.526,0.71713,0.71722,1.12,1.20
2017.09.04 02:59:10.073,0.71713,0.71722,1.12,3.26
2017.09.04 02:59:13.732,0.71713,0.71722,1.12,2.70
2017.09.04 02:59:14.354,0.71713,0.71722,1.12,2.70
2017.09.04 02:59:19.003,0.71713,0.71721,1.12,1.45
2017.09.04 02:59:19.276,0.71711,0.7172,1.00,2.14
2017.09.04 02:59:19.378,0.7171,0.71719,1.00,1.95
2017.09.04 02:59:19.912,0.71709,0.71717,1.00,1.95
2017.09.04 02:59:20.424,0.71712,0.7172,1.00,3.56
2017.09.04 02:59:20.725,0.7171,0.71717,1.00,1.00
2017.09.04 02:59:21.184,0.7171,0.71715,1.00,1.00
2017.09.04 02:59:21.388,0.71708,0.71716,1.00,1.69
2017.09.04 02:59:21.895,0.71708,0.71715,1.00,1.25
2017.09.04 02:59:22.423,0.71708,0.71716,1.00,2.06
2017.09.04 02:59:24.869,0.71708,0.71715,1.00,1.00
2017.09.04 02:59:25.400,0.71708,0.71716,1.00,1.00
2017.09.04 02:59:26.340,0.71708,0.71715,1.45,1.00
2017.09.04 02:59:27.817,0.71708,0.71715,1.20,1.00
2017.09.04 02:59:28.370,0.71708,0.71716,1.20,1.00
2017.09.04 02:59:28.879,0.71709,0.71717,1.00,1.50
2017.09.04 02:59:30.099,0.71711,0.71718,1.00,1.00
2017.09.04 02:59:30.150,0.71712,0.7172,1.00,1.31
2017.09.04 02:59:30.252,0.71713,0.71722,1.00,1.12
2017.09.04 02:59:30.354,0.71715,0.71722,1.00,1.00
2017.09.04 02:59:30.456,0.71716,0.71725,1.45,1.00
2017.09.04 02:59:30.990,0.71718,0.71727,1.20,3.94
2017.09.04 02:59:38.515,0.71718,0.71724,1.00,1.00
2017.09.04 02:59:39.752,0.71718,0.71726,1.00,1.00
2017.09.04 02:59:40.539,0.71717,0.71725,1.00,1.00
2017.09.04 02:59:45.026,0.71717,0.71724,1.00,1.00
2017.09.04 02:59:45.077,0.71715,0.71725,1.00,2.81
2017.09.04 02:59:45.128,0.71715,0.71722,1.00,1.00
2017.09.04 02:59:45.316,0.71712,0.71721,1.00,2.44
2017.09.04 02:59:46.003,0.71714,0.71722,1.00,1.25
2017.09.04 02:59:46.505,0.71714,0.71723,1.00,3.56
2017.09.04 02:59:47.016,0.71714,0.71722,1.00,1.69
2017.09.04 02:59:47.322,0.71712,0.71721,1.00,2.62
2017.09.04 02:59:47.829,0.71712,0.7172,1.00,1.69
2017.09.04 02:59:48.440,0.71712,0.71721,1.00,3.00
2017.09.04 02:59:48.695,0.71712,0.71719,1.00,1.00
2017.09.04 02:59:48.746,0.71708,0.71718,1.00,6.00
2017.09.04 02:59:48.798,0.71707,0.71714,1.00,1.00
2017.09.04 02:59:49.302,0.71706,0.71714,1.00,2.51
2017.09.04 02:59:50.119,0.71705,0.71714,1.00,1.57
2017.09.04 02:59:50.638,0.71705,0.71713,1.00,1.00
2017.09.04 02:59:51.330,0.71705,0.71714,1.00,1.50
2017.09.04 02:59:52.003,0.71705,0.71713,1.00,1.00
2017.09.04 02:59:52.625,0.71705,0.71714,1.00,1.00
2017.09.04 02:59:53.655,0.71705,0.71713,1.00,1.00
2017.09.04 02:59:54.175,0.71705,0.71714,1.00,1.50
2017.09.04 02:59:55.429,0.71705,0.71713,1.00,1.00
2017.09.04 02:59:56.279,0.71705,0.71714,1.00,1.10
2017.09.04 02:59:57.321,0.71705,0.71713,1.00,1.00
2017.09.04 02:59:57.807,0.71706,0.71715,1.00,2.89
2017.09.04 02:59:58.063,0.71706,0.71713,1.00,1.00
2017.09.04 02:59:58.699,0.71706,0.71714,1.00,1.00
2017.09.04 02:59:59.340,0.71705,0.71714,1.00,1.87
2017.09.04 02:59:59.646,0.71704,0.71713,1.00,2.89
