2015.01.05 07:00:02.272,0.76344,0.76359,1.00,1.37
2015.01.05 07:00:03.275,0.76344,0.76356,1.00,1.87
2015.01.05 07:00:03.604,0.76343,0.76355,1.25,1.87
2015.01.05 07:00:09.466,0.76341,0.76355,1.00,1.87
2015.01.05 07:00:09.528,0.76341,0.76356,1.00,2.81
2015.01.05 07:00:09.883,0.7634,0.76353,1.35,1.37
2015.01.05 07:00:11.760,0.7634,0.76355,1.54,1.62
2015.01.05 07:00:11.963,0.7634,0.76355,1.35,1.62
2015.01.05 07:00:13.269,0.7634,0.76355,1.54,1.62
2015.01.05 07:00:14.047,0.7634,0.76355,1.35,1.62
2015.01.05 07:00:14.551,0.76341,0.76355,1.00,1.62
2015.01.05 07:00:15.117,0.76342,0.76356,1.00,1.56
2015.01.05 07:00:20.776,0.76342,0.76356,1.00,1.56
2015.01.05 07:00:31.382,0.76342,0.76356,1.00,1.56
2015.01.05 07:00:31.899,0.76342,0.76356,1.00,1.56
2015.01.05 07:00:32.763,0.76342,0.76356,1.00,1.19
2015.01.05 07:00:33.782,0.76342,0.76357,1.00,1.19
2015.01.05 07:00:34.803,0.76342,0.76357,1.00,1.25
2015.01.05 07:00:36.181,0.76345,0.76358,1.00,1.31
2015.01.05 07:00:37.192,0.76345,0.76359,1.50,1.31
2015.01.05 07:00:40.585,0.76346,0.76361,1.00,2.06
2015.01.05 07:00:54.532,0.76345,0.7636,1.25,1.37
2015.01.05 07:01:00.692,0.76347,0.76358,1.00,1.00
2015.01.05 07:01:01.705,0.76349,0.76361,1.00,1.37
2015.01.05 07:01:02.219,0.76348,0.7636,1.00,1.37
2015.01.05 07:01:02.760,0.76349,0.76361,1.00,1.62
2015.01.05 07:01:09.166,0.76351,0.76364,1.50,2.06
2015.01.05 07:01:09.685,0.76352,0.76364,1.00,1.37
2015.01.05 07:01:16.389,0.76351,0.76364,1.50,1.37
2015.01.05 07:01:28.320,0.76351,0.76364,2.25,1.37
2015.01.05 07:01:36.902,0.76351,0.76364,2.25,1.37
2015.01.05 07:01:39.626,0.7635,0.76362,1.00,1.37
2015.01.05 07:01:40.562,0.76349,0.76362,2.25,1.37
2015.01.05 07:01:42.157,0.7635,0.76362,1.00,1.56
2015.01.05 07:01:42.679,0.76349,0.76362,2.25,1.56
2015.01.05 07:01:43.215,0.76349,0.76362,2.25,1.56
2015.01.05 07:01:43.316,0.76349,0.76362,2.25,1.62
2015.01.05 07:01:54.336,0.76351,0.76362,1.00,1.62
2015.01.05 07:01:59.317,0.76349,0.76362,1.50,2.06
2015.01.05 07:02:01.397,0.7635,0.76362,1.00,1.87
2015.01.05 07:02:02.368,0.76349,0.76362,1.00,2.06
2015.01.05 07:02:09.396,0.7635,0.76364,1.00,2.06
2015.01.05 07:02:13.752,0.76347,0.7636,1.50,1.00
2015.01.05 07:02:13.853,0.76347,0.7636,1.50,1.37
2015.01.05 07:02:13.955,0.76345,0.76358,1.00,1.12
2015.01.05 07:02:16.367,0.76347,0.76358,1.00,1.00
2015.01.05 07:02:21.548,0.76347,0.76358,1.00,1.19
2015.01.05 07:02:22.932,0.76347,0.76358,1.00,1.00
2015.01.05 07:02:30.007,0.76351,0.76361,1.00,1.66
2015.01.05 07:02:30.312,0.76355,0.76365,1.00,1.37
2015.01.05 07:02:30.362,0.76355,0.76365,1.00,1.00
2015.01.05 07:02:30.870,0.76355,0.76367,1.00,1.19
2015.01.05 07:02:31.559,0.76355,0.76367,1.00,1.00
2015.01.05 07:02:32.073,0.76353,0.76367,1.50,1.00
2015.01.05 07:02:32.225,0.76353,0.76364,1.00,1.00
2015.01.05 07:02:32.479,0.7635,0.76362,1.00,1.00
2015.01.05 07:02:36.325,0.76348,0.76362,1.00,1.00
2015.01.05 07:02:38.188,0.76348,0.76361,1.00,1.00
2015.01.05 07:02:38.707,0.76347,0.7636,1.00,1.00
2015.01.05 07:02:55.837,0.76347,0.76356,1.00,1.00
2015.01.05 07:02:56.192,0.76349,0.76357,1.00,1.00
2015.01.05 07:02:56.746,0.7635,0.76357,1.00,1.00
2015.01.05 07:03:04.582,0.76348,0.76357,1.50,1.00
2015.01.05 07:03:06.274,0.76348,0.76354,1.50,1.00
2015.01.05 07:03:07.088,0.76347,0.76354,1.00,1.00
2015.01.05 07:03:11.407,0.76347,0.76357,1.50,1.00
2015.01.05 07:03:11.919,0.76348,0.76357,1.00,1.00
2015.01.05 07:03:18.999,0.76348,0.76356,1.25,1.00
2015.01.05 07:03:19.640,0.76348,0.76354,1.00,1.00
2015.01.05 07:03:19.944,0.76347,0.76352,1.00,1.00
2015.01.05 07:03:20.450,0.76346,0.76352,1.25,1.00
2015.01.05 07:03:24.113,0.76348,0.76352,1.00,1.00
2015.01.05 07:03:25.853,0.76348,0.76356,1.00,1.00
2015.01.05 07:03:26.258,0.76348,0.76354,1.50,1.00
2015.01.05 07:03:26.775,0.76348,0.76352,1.00,1.00
2015.01.05 07:03:27.382,0.76347,0.76352,1.00,1.00
2015.01.05 07:03:31.539,0.76347,0.76353,1.00,1.00
2015.01.05 07:03:32.045,0.76348,0.76353,1.00,1.00
2015.01.05 07:03:32.754,0.76348,0.76359,1.00,1.00
2015.01.05 07:03:34.895,0.76348,0.76354,1.00,1.00
2015.01.05 07:03:35.199,0.76347,0.76352,1.00,1.00
2015.01.05 07:03:35.708,0.76348,0.76352,1.00,1.00
2015.01.05 07:03:35.865,0.76348,0.76354,1.00,1.00
2015.01.05 07:03:37.448,0.76347,0.76354,1.00,1.00
2015.01.05 07:03:46.908,0.76347,0.76355,1.50,1.00
2015.01.05 07:03:50.616,0.76349,0.76355,1.00,1.00
2015.01.05 07:03:50.818,0.76349,0.76357,1.50,1.00
2015.01.05 07:03:50.920,0.7635,0.76362,1.00,1.50
2015.01.05 07:03:50.971,0.76355,0.76362,1.00,1.00
2015.01.05 07:03:51.377,0.76357,0.76363,1.00,1.00
2015.01.05 07:03:56.324,0.76358,0.76363,1.00,1.00
2015.01.05 07:03:56.848,0.76359,0.76363,1.00,1.00
2015.01.05 07:04:03.591,0.7636,0.7637,1.00,1.37
2015.01.05 07:04:03.744,0.7636,0.76366,1.00,1.00
2015.01.05 07:04:03.845,0.76359,0.76364,1.00,1.00
2015.01.05 07:04:03.947,0.76359,0.76367,1.00,1.00
2015.01.05 07:04:04.455,0.7636,0.76367,1.00,1.00
2015.01.05 07:04:04.556,0.7636,0.76365,1.00,1.00
2015.01.05 07:04:09.681,0.76363,0.7637,1.00,1.37
2015.01.05 07:04:16.473,0.76356,0.76366,1.25,1.00
2015.01.05 07:04:21.673,0.76362,0.76366,1.00,1.00
2015.01.05 07:04:23.885,0.76363,0.7637,1.00,1.37
2015.01.05 07:04:24.219,0.76364,0.7637,1.00,1.37
2015.01.05 07:04:27.127,0.76363,0.7637,1.00,1.37
2015.01.05 07:04:28.904,0.76356,0.76366,1.25,1.37
2015.01.05 07:04:29.410,0.76356,0.76366,1.25,1.37
2015.01.05 07:04:29.918,0.76363,0.7637,1.00,1.37
2015.01.05 07:04:44.835,0.76362,0.76366,1.00,1.00
2015.01.05 07:04:45.337,0.76356,0.76365,1.00,1.00
2015.01.05 07:04:46.637,0.76361,0.76365,1.00,1.00
2015.01.05 07:04:50.158,0.7636,0.76365,1.00,1.00
2015.01.05 07:04:50.385,0.76358,0.76364,1.00,1.00
2015.01.05 07:04:53.580,0.76358,0.76362,1.00,1.00
2015.01.05 07:04:53.681,0.76351,0.76359,1.00,1.00
2015.01.05 07:04:56.721,0.76351,0.76361,1.00,1.50
2015.01.05 07:04:57.229,0.76352,0.76361,1.00,1.50
2015.01.05 07:04:58.434,0.76352,0.76359,1.00,1.00
2015.01.05 07:04:59.338,0.76352,0.76361,1.00,1.50
2015.01.05 07:05:01.668,0.76352,0.76358,1.00,1.00
2015.01.05 07:05:01.972,0.76352,0.76356,1.00,1.00
2015.01.05 07:05:04.090,0.76352,0.76358,1.00,1.00
2015.01.05 07:05:10.824,0.7635,0.76359,1.00,1.00
2015.01.05 07:05:16.528,0.7635,0.76358,1.00,1.00
2015.01.05 07:05:16.630,0.76348,0.76358,1.50,1.00
2015.01.05 07:05:18.424,0.76346,0.76356,1.00,1.00
2015.01.05 07:05:18.728,0.76345,0.76353,1.00,1.00
2015.01.05 07:05:19.240,0.76345,0.76351,1.00,1.00
2015.01.05 07:05:19.770,0.76344,0.76351,1.00,1.00
2015.01.05 07:05:20.401,0.76343,0.76351,1.00,1.00
2015.01.05 07:05:21.488,0.76335,0.76347,1.00,1.00
2015.01.05 07:05:21.541,0.76335,0.76345,1.00,1.00
2015.01.05 07:05:22.047,0.76333,0.76344,1.25,1.00
2015.01.05 07:05:22.402,0.7633,0.76344,1.25,1.00
2015.01.05 07:05:27.119,0.7633,0.76344,1.19,1.00
2015.01.05 07:05:30.171,0.7633,0.76344,1.00,1.00
2015.01.05 07:05:33.767,0.76331,0.76346,1.00,1.25
2015.01.05 07:05:33.915,0.76331,0.76346,1.00,1.62
2015.01.05 07:05:35.375,0.76332,0.76346,1.00,1.56
2015.01.05 07:05:35.577,0.76334,0.76347,1.50,1.37
2015.01.05 07:05:35.931,0.76336,0.76348,1.00,2.06
2015.01.05 07:05:36.437,0.76337,0.7635,1.50,1.62
2015.01.05 07:05:36.744,0.7634,0.76351,1.00,2.06
2015.01.05 07:05:36.896,0.7634,0.76351,1.00,2.06
2015.01.05 07:05:38.334,0.7634,0.76349,1.00,1.72
2015.01.05 07:05:41.446,0.7634,0.76349,1.00,1.75
2015.01.05 07:05:41.496,0.7634,0.76344,1.00,2.10
2015.01.05 07:05:41.547,0.76328,0.76337,1.07,1.00
2015.01.05 07:05:41.598,0.76319,0.76327,1.00,3.10
2015.01.05 07:05:41.650,0.76321,0.76325,1.00,2.25
2015.01.05 07:05:41.701,0.76316,0.76322,2.25,1.00
2015.01.05 07:05:41.752,0.76314,0.76322,1.00,1.00
2015.01.05 07:05:41.853,0.76309,0.76321,1.00,1.62
2015.01.05 07:05:42.165,0.76312,0.76319,1.00,1.25
2015.01.05 07:05:42.469,0.7631,0.76319,1.00,1.69
2015.01.05 07:05:42.621,0.763,0.76311,1.00,1.00
2015.01.05 07:05:42.722,0.763,0.76309,1.00,1.00
2015.01.05 07:05:43.026,0.763,0.76307,1.00,1.00
2015.01.05 07:05:43.330,0.763,0.76304,1.00,1.00
2015.01.05 07:05:43.532,0.763,0.76308,1.00,1.25
2015.01.05 07:05:43.634,0.763,0.76305,1.00,1.00
2015.01.05 07:05:43.735,0.763,0.76307,1.00,1.00
2015.01.05 07:05:44.071,0.763,0.76304,1.00,1.00
2015.01.05 07:05:44.325,0.763,0.76306,1.00,1.00
2015.01.05 07:05:44.376,0.76302,0.76306,1.00,1.00
2015.01.05 07:05:44.630,0.76302,0.7631,1.00,1.25
2015.01.05 07:05:44.731,0.76302,0.76307,1.00,1.00
2015.01.05 07:05:45.034,0.76302,0.76309,1.00,1.00
2015.01.05 07:05:45.540,0.76302,0.76311,1.00,1.00
2015.01.05 07:05:45.642,0.76302,0.76308,1.00,1.00
2015.01.05 07:05:46.289,0.76302,0.76312,1.00,1.00
2015.01.05 07:05:46.441,0.76302,0.76309,1.00,1.00
2015.01.05 07:05:46.542,0.76302,0.76311,1.00,1.00
2015.01.05 07:05:46.746,0.76302,0.76309,1.00,1.00
2015.01.05 07:05:46.898,0.76302,0.76311,1.00,1.00
2015.01.05 07:05:47.201,0.76302,0.76309,1.00,1.00
2015.01.05 07:05:47.708,0.76302,0.76308,1.00,1.00
2015.01.05 07:05:48.214,0.76302,0.7631,1.00,1.00
2015.01.05 07:05:48.315,0.76302,0.76308,1.00,1.00
2015.01.05 07:05:48.619,0.76302,0.7631,1.00,1.00
2015.01.05 07:05:48.822,0.76302,0.76308,1.00,1.00
2015.01.05 07:05:49.033,0.76302,0.7631,1.00,1.00
2015.01.05 07:05:49.238,0.76302,0.76308,1.00,1.00
2015.01.05 07:05:49.415,0.76302,0.7631,1.00,1.00
2015.01.05 07:05:49.517,0.76302,0.76308,1.00,1.00
2015.01.05 07:05:49.821,0.76302,0.76311,1.00,1.00
2015.01.05 07:05:50.803,0.76302,0.7631,1.00,1.00
2015.01.05 07:05:51.057,0.76302,0.76312,1.00,1.00
2015.01.05 07:05:51.160,0.76302,0.7631,1.00,1.00
2015.01.05 07:05:51.362,0.76302,0.76313,1.00,1.00
2015.01.05 07:05:51.566,0.76302,0.76309,1.00,1.00
2015.01.05 07:05:51.667,0.76302,0.76312,1.00,1.00
2015.01.05 07:05:51.870,0.76302,0.76309,1.00,1.00
2015.01.05 07:05:52.072,0.76302,0.76311,1.00,1.00
2015.01.05 07:05:52.173,0.76302,0.76308,1.00,1.00
2015.01.05 07:05:52.326,0.76302,0.76311,1.00,1.00
2015.01.05 07:05:52.528,0.76302,0.76309,1.00,1.00
2015.01.05 07:05:53.045,0.76302,0.7631,1.00,1.00
2015.01.05 07:05:53.348,0.76302,0.76308,1.00,1.00
2015.01.05 07:05:53.450,0.76302,0.7631,1.00,1.00
2015.01.05 07:05:53.652,0.76302,0.76313,1.00,1.00
2015.01.05 07:05:53.754,0.76302,0.76308,1.00,1.00
2015.01.05 07:05:53.958,0.76302,0.76311,1.00,1.00
2015.01.05 07:05:54.059,0.76302,0.76309,1.00,1.00
2015.01.05 07:05:54.463,0.76302,0.76307,1.00,1.00
2015.01.05 07:05:54.564,0.76302,0.7631,1.00,1.00
2015.01.05 07:05:54.666,0.76302,0.76308,1.00,1.00
2015.01.05 07:05:55.272,0.76302,0.76318,1.50,1.62
2015.01.05 07:05:55.323,0.76304,0.76318,1.00,1.37
2015.01.05 07:05:55.828,0.76303,0.76315,1.19,1.00
2015.01.05 07:05:56.182,0.76303,0.76312,1.19,1.00
2015.01.05 07:05:56.385,0.76302,0.76312,1.00,1.00
2015.01.05 07:05:56.587,0.76301,0.76309,1.25,1.00
2015.01.05 07:05:57.026,0.76301,0.76312,1.25,1.00
2015.01.05 07:05:57.077,0.76301,0.76309,1.25,1.00
2015.01.05 07:05:57.178,0.76301,0.76314,1.25,1.00
2015.01.05 07:05:57.284,0.76301,0.7631,1.25,1.00
2015.01.05 07:05:57.807,0.763,0.7631,1.00,1.00
2015.01.05 07:05:57.858,0.763,0.76312,1.00,1.00
2015.01.05 07:05:57.960,0.763,0.76309,1.00,1.00
2015.01.05 07:05:58.479,0.76299,0.76307,1.00,1.00
2015.01.05 07:05:58.581,0.76298,0.76309,1.00,1.00
2015.01.05 07:05:58.783,0.76298,0.76305,1.00,1.00
2015.01.05 07:05:58.986,0.76298,0.76309,1.00,1.00
2015.01.05 07:05:59.088,0.76298,0.76307,1.00,1.00
2015.01.05 07:05:59.290,0.76298,0.76309,1.00,1.00
2015.01.05 07:05:59.392,0.76298,0.76306,1.00,1.00
2015.01.05 07:05:59.797,0.76302,0.76306,1.00,1.00
2015.01.05 07:05:59.999,0.76302,0.76308,1.00,1.00
2015.01.05 07:06:00.100,0.76295,0.76305,1.19,1.00
2015.01.05 07:06:00.606,0.76302,0.76306,1.00,1.00
2015.01.05 07:06:00.808,0.76302,0.76308,1.00,1.00
2015.01.05 07:06:01.011,0.76295,0.76305,1.19,1.00
2015.01.05 07:06:01.163,0.76302,0.76308,1.00,1.00
2015.01.05 07:06:01.467,0.76295,0.76305,1.19,1.00
2015.01.05 07:06:01.669,0.76302,0.76308,1.00,1.00
2015.01.05 07:06:01.770,0.76295,0.76305,1.19,1.00
2015.01.05 07:06:02.074,0.76296,0.76302,1.25,1.00
2015.01.05 07:06:03.189,0.76301,0.76306,1.00,1.00
2015.01.05 07:06:03.291,0.76301,0.76308,1.00,1.00
2015.01.05 07:06:03.393,0.76301,0.76305,1.00,1.00
2015.01.05 07:06:03.702,0.76294,0.76303,1.19,1.00
2015.01.05 07:06:03.804,0.76303,0.76309,1.00,1.00
2015.01.05 07:06:04.108,0.76294,0.76306,1.19,1.00
2015.01.05 07:06:04.210,0.76303,0.76309,1.00,1.00
2015.01.05 07:06:04.312,0.76303,0.76307,1.00,1.00
2015.01.05 07:06:04.515,0.76303,0.76311,1.00,1.00
2015.01.05 07:06:04.617,0.76295,0.76306,1.69,1.00
2015.01.05 07:06:04.921,0.76303,0.7631,1.00,1.00
2015.01.05 07:06:05.022,0.76295,0.76306,1.25,1.00
2015.01.05 07:06:05.225,0.76303,0.7631,1.00,1.00
2015.01.05 07:06:05.428,0.76294,0.76306,1.19,1.00
2015.01.05 07:06:05.713,0.76303,0.76309,1.00,1.00
2015.01.05 07:06:05.815,0.76295,0.76306,1.25,1.00
2015.01.05 07:06:06.021,0.76303,0.76309,1.00,1.00
2015.01.05 07:06:06.224,0.76303,0.76307,1.00,1.00
2015.01.05 07:06:07.902,0.76303,0.76313,1.00,1.00
2015.01.05 07:06:08.003,0.76303,0.76311,1.00,1.00
2015.01.05 07:06:08.105,0.76303,0.76314,1.00,1.00
2015.01.05 07:06:08.612,0.76304,0.76316,1.00,1.19
2015.01.05 07:06:09.177,0.76304,0.76316,1.00,1.00
2015.01.05 07:06:09.330,0.76304,0.76314,1.00,1.00
2015.01.05 07:06:09.955,0.76304,0.76316,1.00,1.00
2015.01.05 07:06:10.107,0.76312,0.76316,1.00,1.00
2015.01.05 07:06:10.461,0.76313,0.76318,1.00,1.12
2015.01.05 07:06:15.972,0.76313,0.76317,1.00,1.00
2015.01.05 07:06:16.174,0.76302,0.76315,1.19,1.00
2015.01.05 07:06:16.436,0.76304,0.76317,1.00,1.00
2015.01.05 07:06:16.947,0.76313,0.76317,1.00,1.00
2015.01.05 07:06:17.602,0.76312,0.76317,1.00,1.00
2015.01.05 07:06:17.805,0.76306,0.76317,1.00,1.12
2015.01.05 07:06:17.957,0.76306,0.76313,1.00,1.00
2015.01.05 07:06:18.159,0.76306,0.76317,1.00,2.66
2015.01.05 07:06:18.260,0.76306,0.76314,1.00,1.00
2015.01.05 07:06:18.564,0.76309,0.76315,1.00,1.00
2015.01.05 07:06:19.070,0.763,0.76313,1.25,1.00
2015.01.05 07:06:19.121,0.76303,0.76313,1.00,1.00
2015.01.05 07:06:19.273,0.76303,0.76315,1.00,1.00
2015.01.05 07:06:19.374,0.76302,0.76312,1.00,1.00
2015.01.05 07:06:20.291,0.76302,0.76314,1.00,1.00
2015.01.05 07:06:20.494,0.76302,0.76311,1.00,1.00
2015.01.05 07:06:20.697,0.76302,0.76314,1.00,1.00
2015.01.05 07:06:20.798,0.76302,0.76311,1.00,1.00
2015.01.05 07:06:21.193,0.76302,0.76315,1.00,1.00
2015.01.05 07:06:21.294,0.76302,0.76313,1.00,1.00
2015.01.05 07:06:21.547,0.76302,0.76317,1.50,1.25
2015.01.05 07:06:21.598,0.76308,0.76317,1.00,1.25
2015.01.05 07:06:22.104,0.76309,0.76318,1.00,1.00
2015.01.05 07:06:22.610,0.76309,0.76319,1.00,1.31
2015.01.05 07:06:23.334,0.76309,0.76318,1.00,1.00
2015.01.05 07:06:24.618,0.76311,0.76318,1.00,1.00
2015.01.05 07:06:25.123,0.76311,0.76319,1.00,1.12
2015.01.05 07:06:29.371,0.76312,0.76319,1.00,1.12
2015.01.05 07:06:29.574,0.76309,0.76322,1.31,1.50
2015.01.05 07:06:29.625,0.76312,0.76322,1.00,1.00
2015.01.05 07:06:29.727,0.76315,0.76329,1.50,1.69
2015.01.05 07:06:29.779,0.76315,0.76329,1.69,1.00
2015.01.05 07:06:30.082,0.76322,0.76336,1.00,1.25
2015.01.05 07:06:30.133,0.76324,0.76336,1.00,1.25
2015.01.05 07:06:30.285,0.76324,0.7634,1.69,1.50
2015.01.05 07:06:30.386,0.76324,0.76338,1.69,1.00
2015.01.05 07:06:30.589,0.76328,0.76341,1.00,1.00
2015.01.05 07:06:30.690,0.76328,0.76336,1.00,1.00
2015.01.05 07:06:31.221,0.76328,0.76335,1.00,1.00
2015.01.05 07:06:31.742,0.76328,0.76334,1.00,1.00
2015.01.05 07:06:31.895,0.76328,0.76336,1.00,1.00
2015.01.05 07:06:31.998,0.76328,0.76334,1.00,1.00
2015.01.05 07:06:32.194,0.76328,0.76336,1.00,1.00
2015.01.05 07:06:32.296,0.76328,0.76344,1.00,1.20
2015.01.05 07:06:32.347,0.76332,0.76344,1.00,1.20
2015.01.05 07:06:32.398,0.76332,0.76347,1.00,1.00
2015.01.05 07:06:32.500,0.76334,0.76352,1.10,1.12
2015.01.05 07:06:32.550,0.76334,0.76352,1.01,1.31
2015.01.05 07:06:33.590,0.76334,0.76351,1.19,1.00
2015.01.05 07:06:33.641,0.76334,0.76349,1.19,1.00
2015.01.05 07:06:34.080,0.76335,0.76352,1.69,1.25
2015.01.05 07:06:34.181,0.76335,0.76352,2.14,1.00
2015.01.05 07:06:34.486,0.7634,0.7635,1.00,1.00
2015.01.05 07:06:34.538,0.7634,0.76352,1.00,1.00
2015.01.05 07:06:34.639,0.76339,0.76347,1.00,1.00
2015.01.05 07:06:35.611,0.76339,0.76346,1.00,1.00
2015.01.05 07:06:35.662,0.76339,0.76348,1.00,1.00
2015.01.05 07:06:35.865,0.76339,0.76344,1.00,1.00
2015.01.05 07:06:36.067,0.76339,0.76349,1.00,1.00
2015.01.05 07:06:36.169,0.76339,0.76344,1.00,1.00
2015.01.05 07:06:36.271,0.76339,0.76348,1.00,1.00
2015.01.05 07:06:36.372,0.76339,0.7635,1.00,1.00
2015.01.05 07:06:36.473,0.76339,0.76347,1.00,1.00
2015.01.05 07:06:36.980,0.76339,0.76348,1.00,1.00
2015.01.05 07:06:37.031,0.76339,0.7635,1.00,1.00
2015.01.05 07:06:37.137,0.76339,0.76346,1.00,1.00
2015.01.05 07:06:37.238,0.76339,0.7635,1.00,1.00
2015.01.05 07:06:37.340,0.76339,0.76346,1.00,1.00
2015.01.05 07:06:37.546,0.76339,0.76349,1.00,1.00
2015.01.05 07:06:37.649,0.76339,0.76345,1.00,1.00
2015.01.05 07:06:37.751,0.76339,0.76347,1.00,1.00
2015.01.05 07:06:38.260,0.76339,0.7635,1.00,1.00
2015.01.05 07:06:38.462,0.76339,0.76346,1.00,1.00
2015.01.05 07:06:38.665,0.76339,0.76349,1.00,1.00
2015.01.05 07:06:38.867,0.76339,0.76347,1.00,1.00
2015.01.05 07:06:39.070,0.76339,0.7635,1.00,1.00
2015.01.05 07:06:39.171,0.76339,0.76346,1.00,1.00
2015.01.05 07:06:40.184,0.7634,0.76347,1.00,1.00
2015.01.05 07:06:40.389,0.7634,0.76351,1.00,1.00
2015.01.05 07:06:40.592,0.7634,0.76347,1.00,1.00
2015.01.05 07:06:40.694,0.7634,0.76349,1.00,1.00
2015.01.05 07:06:40.897,0.7634,0.76347,1.00,1.00
2015.01.05 07:06:41.057,0.7634,0.76349,1.00,1.00
2015.01.05 07:06:41.158,0.7634,0.76347,1.00,1.00
2015.01.05 07:06:43.598,0.7634,0.76348,1.00,1.00
2015.01.05 07:06:43.902,0.7634,0.76346,1.00,1.00
2015.01.05 07:06:44.003,0.7634,0.76349,1.00,1.00
2015.01.05 07:06:44.105,0.7634,0.76351,1.00,1.25
2015.01.05 07:06:44.206,0.7634,0.76347,1.00,1.00
2015.01.05 07:06:44.308,0.7634,0.7635,1.00,1.00
2015.01.05 07:06:44.460,0.7634,0.76347,1.00,1.00
2015.01.05 07:06:44.663,0.76339,0.76349,1.00,1.00
2015.01.05 07:06:44.764,0.76339,0.76351,1.00,1.25
2015.01.05 07:06:44.865,0.76339,0.76347,1.00,1.00
2015.01.05 07:06:44.967,0.76339,0.76349,1.00,1.00
2015.01.05 07:06:45.068,0.76339,0.76345,1.00,1.00
2015.01.05 07:06:48.441,0.76338,0.76345,1.00,1.00
2015.01.05 07:06:48.954,0.76339,0.76344,1.00,1.00
2015.01.05 07:06:50.638,0.76334,0.76344,1.00,1.00
2015.01.05 07:06:51.093,0.76335,0.76341,1.00,1.00
2015.01.05 07:06:51.397,0.76333,0.76341,1.25,1.00
2015.01.05 07:06:52.347,0.76335,0.7634,1.00,1.00
2015.01.05 07:06:52.500,0.76335,0.76343,1.00,1.00
2015.01.05 07:06:52.703,0.76335,0.7634,1.00,1.00
2015.01.05 07:06:52.804,0.76335,0.76344,1.00,1.00
2015.01.05 07:06:53.108,0.76335,0.7634,1.00,1.00
2015.01.05 07:06:53.513,0.76335,0.76343,1.00,1.00
2015.01.05 07:06:53.818,0.76335,0.76341,1.00,1.00
2015.01.05 07:06:53.919,0.76335,0.76344,1.00,1.00
2015.01.05 07:06:54.020,0.76335,0.76341,1.00,1.00
2015.01.05 07:06:54.324,0.76335,0.76344,1.00,1.00
2015.01.05 07:06:54.425,0.76335,0.76342,1.00,1.00
2015.01.05 07:06:54.729,0.76335,0.7634,1.00,1.00
2015.01.05 07:06:54.932,0.76335,0.76344,1.00,1.00
2015.01.05 07:06:55.236,0.76335,0.76341,1.00,1.00
2015.01.05 07:06:55.337,0.76335,0.76344,1.00,1.00
2015.01.05 07:06:55.489,0.76335,0.76342,1.00,1.00
2015.01.05 07:06:55.692,0.76335,0.76344,1.00,1.00
2015.01.05 07:06:55.793,0.76335,0.76341,1.00,1.00
2015.01.05 07:06:56.098,0.76335,0.76344,1.00,1.00
2015.01.05 07:06:56.200,0.76335,0.76342,1.00,1.00
2015.01.05 07:06:56.620,0.76335,0.76344,1.00,1.00
2015.01.05 07:06:57.131,0.76335,0.76345,1.00,1.00
2015.01.05 07:06:57.232,0.76335,0.76347,1.25,1.00
2015.01.05 07:06:57.333,0.76338,0.76349,1.00,1.00
2015.01.05 07:06:57.637,0.76338,0.76351,1.00,1.00
2015.01.05 07:06:57.740,0.76338,0.76348,1.00,1.00
2015.01.05 07:06:58.006,0.76338,0.76352,1.00,1.00
2015.01.05 07:06:58.108,0.7634,0.76349,1.00,1.00
2015.01.05 07:06:58.319,0.76338,0.76349,1.00,1.00
2015.01.05 07:06:58.724,0.76338,0.76351,1.00,1.00
2015.01.05 07:06:58.825,0.76338,0.76348,1.00,1.00
2015.01.05 07:06:59.027,0.76338,0.7635,1.00,1.00
2015.01.05 07:06:59.331,0.76338,0.76348,1.00,1.00
2015.01.05 07:06:59.432,0.76338,0.7635,1.00,1.00
2015.01.05 07:06:59.634,0.76338,0.76348,1.00,1.00
2015.01.05 07:07:01.015,0.76338,0.76349,1.00,1.00
2015.01.05 07:07:01.320,0.76338,0.76347,1.00,1.00
2015.01.05 07:07:12.075,0.7634,0.76347,1.00,1.00
2015.01.05 07:07:13.005,0.76339,0.76347,1.00,1.00
2015.01.05 07:07:15.592,0.76338,0.76347,1.00,1.00
2015.01.05 07:07:16.101,0.76338,0.76346,1.00,1.00
2015.01.05 07:07:18.288,0.76338,0.7635,1.00,1.25
2015.01.05 07:07:19.664,0.7634,0.7635,1.00,1.25
2015.01.05 07:07:20.201,0.76339,0.7635,1.00,1.25
2015.01.05 07:07:21.396,0.76339,0.76352,1.00,1.25
2015.01.05 07:07:21.447,0.76341,0.76356,1.00,1.46
2015.01.05 07:07:21.962,0.76341,0.76355,1.00,1.19
2015.01.05 07:07:23.441,0.76341,0.76355,1.00,1.25
2015.01.05 07:07:25.685,0.76341,0.76352,1.00,1.00
2015.01.05 07:07:30.464,0.76339,0.76352,1.00,1.00
2015.01.05 07:07:30.515,0.76339,0.7635,1.00,1.00
2015.01.05 07:07:30.920,0.76339,0.76347,1.00,1.00
2015.01.05 07:07:31.122,0.76337,0.76346,1.00,1.00
2015.01.05 07:07:31.224,0.76337,0.76343,1.00,1.00
2015.01.05 07:07:31.327,0.76331,0.76343,1.69,1.00
2015.01.05 07:07:31.631,0.76332,0.76341,1.00,1.00
2015.01.05 07:07:31.732,0.76332,0.76343,1.00,1.00
2015.01.05 07:07:31.834,0.76332,0.76341,1.00,1.00
2015.01.05 07:07:37.623,0.76332,0.76343,1.00,1.00
2015.01.05 07:07:37.725,0.76332,0.76339,1.00,1.00
2015.01.05 07:07:37.826,0.76332,0.76341,1.00,1.00
2015.01.05 07:07:38.965,0.76332,0.76343,1.00,1.00
2015.01.05 07:07:39.066,0.76332,0.76341,1.00,1.00
2015.01.05 07:07:39.218,0.7633,0.76341,1.00,1.00
2015.01.05 07:07:39.269,0.7633,0.76343,1.00,1.00
2015.01.05 07:07:39.371,0.7633,0.76341,1.00,1.00
2015.01.05 07:07:39.674,0.7633,0.76339,1.00,1.00
2015.01.05 07:07:41.797,0.7633,0.7634,1.00,1.00
2015.01.05 07:07:42.306,0.7633,0.76339,1.00,1.00
2015.01.05 07:07:42.815,0.7633,0.7634,1.00,1.00
2015.01.05 07:07:43.324,0.7633,0.76339,1.00,1.00
2015.01.05 07:07:43.628,0.7633,0.76337,1.00,1.00
2015.01.05 07:07:43.781,0.7633,0.7634,1.00,1.00
2015.01.05 07:07:43.883,0.7633,0.76338,1.00,1.00
2015.01.05 07:07:44.087,0.7633,0.7634,1.00,1.00
2015.01.05 07:07:44.845,0.76331,0.7634,1.00,1.00
2015.01.05 07:07:44.946,0.76331,0.76342,1.00,1.00
2015.01.05 07:07:47.580,0.7633,0.76342,1.50,1.00
2015.01.05 07:07:51.769,0.76331,0.76342,1.00,1.00
2015.01.05 07:07:53.904,0.76332,0.76342,1.00,1.00
2015.01.05 07:07:57.912,0.76331,0.76342,1.00,1.00
2015.01.05 07:07:58.014,0.76331,0.76335,1.00,1.00
2015.01.05 07:07:58.165,0.76321,0.7633,1.00,1.00
2015.01.05 07:07:58.469,0.7632,0.76328,1.00,1.00
2015.01.05 07:07:58.622,0.76314,0.76328,1.00,1.50
2015.01.05 07:07:58.723,0.76314,0.76326,1.00,1.19
2015.01.05 07:07:58.926,0.76312,0.76326,1.00,1.19
2015.01.05 07:07:59.229,0.76313,0.76327,1.00,1.19
2015.01.05 07:08:00.122,0.76313,0.76317,1.00,1.00
2015.01.05 07:08:00.375,0.76306,0.76316,1.00,1.25
2015.01.05 07:08:00.426,0.76306,0.76316,1.00,1.19
2015.01.05 07:08:00.729,0.76307,0.76314,1.00,1.25
2015.01.05 07:08:00.881,0.76307,0.76314,1.00,1.25
2015.01.05 07:08:01.387,0.76308,0.76318,1.00,1.19
2015.01.05 07:08:02.136,0.76307,0.76318,1.00,1.31
2015.01.05 07:08:02.238,0.76295,0.7631,1.56,1.12
2015.01.05 07:08:02.339,0.763,0.7631,1.00,1.25
2015.01.05 07:08:02.491,0.763,0.76308,1.00,1.00
2015.01.05 07:08:03.109,0.76296,0.7631,1.00,1.20
2015.01.05 07:08:03.615,0.76296,0.76312,1.00,1.25
2015.01.05 07:08:03.868,0.76299,0.76314,1.00,1.19
2015.01.05 07:08:04.171,0.763,0.76306,1.00,1.00
2015.01.05 07:08:04.484,0.76287,0.76302,2.06,1.00
2015.01.05 07:08:04.637,0.76295,0.76302,1.00,1.00
2015.01.05 07:08:05.142,0.76295,0.76305,1.00,1.19
2015.01.05 07:08:05.244,0.76295,0.76309,1.00,1.19
2015.01.05 07:08:06.312,0.76294,0.7631,1.00,1.19
2015.01.05 07:08:06.515,0.76294,0.7631,1.50,1.25
2015.01.05 07:08:06.616,0.76298,0.7631,1.00,1.25
2015.01.05 07:08:07.637,0.763,0.76312,1.00,1.19
2015.01.05 07:08:08.144,0.76299,0.76313,1.00,1.19
2015.01.05 07:08:08.195,0.76299,0.76313,1.00,1.25
2015.01.05 07:08:09.258,0.76299,0.76316,1.00,1.19
2015.01.05 07:08:09.766,0.763,0.76316,1.00,1.19
2015.01.05 07:08:09.818,0.76302,0.76316,1.00,1.19
2015.01.05 07:08:10.327,0.76302,0.76316,1.00,1.19
2015.01.05 07:08:19.596,0.76301,0.76316,1.00,1.31
2015.01.05 07:08:20.181,0.76301,0.76316,1.00,1.31
2015.01.05 07:08:32.531,0.76301,0.76316,1.00,3.22
2015.01.05 07:08:32.835,0.763,0.7631,1.00,1.00
2015.01.05 07:08:41.693,0.76299,0.7631,1.00,1.00
2015.01.05 07:08:45.893,0.763,0.7631,1.00,1.00
2015.01.05 07:08:48.452,0.76299,0.7631,1.00,1.00
2015.01.05 07:08:48.756,0.76299,0.76308,1.00,1.00
2015.01.05 07:08:48.860,0.76297,0.76308,1.00,1.00
2015.01.05 07:08:49.378,0.76296,0.76308,1.00,1.00
2015.01.05 07:08:49.900,0.76295,0.76308,1.00,1.12
2015.01.05 07:08:50.786,0.76286,0.76301,1.25,1.00
2015.01.05 07:08:51.042,0.76281,0.76299,1.19,1.00
2015.01.05 07:08:51.498,0.76281,0.76299,1.19,1.25
2015.01.05 07:08:55.491,0.76281,0.76301,1.29,1.69
2015.01.05 07:08:57.531,0.76281,0.76301,1.69,1.69
2015.01.05 07:08:59.501,0.76283,0.76301,1.25,1.25
2015.01.05 07:09:00.509,0.76283,0.76301,1.19,1.25
2015.01.05 07:09:01.543,0.76283,0.76301,1.19,1.19
2015.01.05 07:09:03.521,0.76285,0.76303,1.25,1.69
2015.01.05 07:09:07.820,0.76286,0.76303,1.00,1.19
2015.01.05 07:09:08.514,0.76286,0.76303,1.25,1.25
2015.01.05 07:09:09.516,0.76286,0.76303,1.19,1.19
2015.01.05 07:09:10.540,0.76285,0.76303,1.66,1.69
2015.01.05 07:09:11.978,0.76285,0.76303,1.71,2.06
2015.01.05 07:09:14.572,0.76287,0.76305,1.09,2.06
2015.01.05 07:09:15.103,0.76285,0.76304,1.71,1.62
2015.01.05 07:09:15.820,0.76285,0.76304,1.77,1.56
2015.01.05 07:09:15.921,0.76285,0.76304,1.71,1.56
2015.01.05 07:09:16.873,0.76285,0.76304,1.71,1.56
2015.01.05 07:09:18.193,0.76285,0.76304,1.71,1.62
2015.01.05 07:09:20.546,0.76285,0.76302,1.71,1.00
2015.01.05 07:09:21.326,0.76285,0.76302,1.71,1.00
2015.01.05 07:09:21.840,0.76287,0.76305,1.46,2.06
2015.01.05 07:09:22.821,0.76287,0.76305,1.46,1.31
2015.01.05 07:09:23.331,0.7629,0.76306,1.10,1.62
2015.01.05 07:09:23.857,0.76291,0.76306,1.10,1.62
2015.01.05 07:09:26.951,0.7629,0.76306,1.10,1.62
2015.01.05 07:09:28.028,0.76291,0.76306,1.00,1.62
2015.01.05 07:09:28.894,0.76292,0.76306,1.00,1.62
2015.01.05 07:09:30.116,0.76291,0.76307,1.00,2.81
2015.01.05 07:09:31.201,0.7629,0.76307,1.00,3.19
2015.01.05 07:09:32.487,0.76288,0.76306,1.00,2.21
2015.01.05 07:09:32.794,0.76286,0.763,1.00,1.39
2015.01.05 07:09:32.845,0.76284,0.763,1.00,1.46
2015.01.05 07:09:33.370,0.76284,0.76299,1.00,1.71
2015.01.05 07:09:35.940,0.76281,0.76299,1.50,1.71
2015.01.05 07:09:36.835,0.76281,0.76298,1.50,1.01
2015.01.05 07:09:40.497,0.76281,0.76294,1.00,1.00
2015.01.05 07:09:40.801,0.7628,0.76291,1.00,1.00
2015.01.05 07:09:41.342,0.76279,0.76291,1.50,1.00
2015.01.05 07:09:41.955,0.76278,0.76291,1.00,1.00
2015.01.05 07:09:42.208,0.76275,0.7629,1.00,1.12
2015.01.05 07:09:42.714,0.76275,0.76291,1.00,1.01
2015.01.05 07:09:42.916,0.76275,0.76289,1.00,1.00
2015.01.05 07:09:43.422,0.76274,0.76289,1.00,1.00
2015.01.05 07:09:47.541,0.76274,0.76288,1.00,1.00
2015.01.05 07:09:48.048,0.76273,0.76288,1.25,1.87
2015.01.05 07:09:48.560,0.76273,0.76288,1.25,1.50
2015.01.05 07:09:53.061,0.7627,0.76288,2.14,1.50
2015.01.05 07:09:53.594,0.7627,0.76288,2.14,1.87
2015.01.05 07:09:56.079,0.7627,0.76288,2.21,1.56
2015.01.05 07:09:57.301,0.76271,0.76288,1.46,1.37
2015.01.05 07:09:57.813,0.76271,0.76288,1.29,1.00
2015.01.05 07:09:58.323,0.7627,0.76287,2.96,1.00
2015.01.05 07:09:59.117,0.76269,0.76287,1.74,1.25
2015.01.05 07:10:00.129,0.76268,0.76287,2.96,1.19
2015.01.05 07:10:01.106,0.76269,0.76285,1.31,1.00
2015.01.05 07:10:04.111,0.76268,0.76285,1.56,1.00
2015.01.05 07:10:04.743,0.76268,0.76286,2.14,1.25
2015.01.05 07:10:06.250,0.76268,0.76285,1.47,1.19
2015.01.05 07:10:06.554,0.76265,0.76282,1.19,1.00
2015.01.05 07:10:06.705,0.76265,0.76284,1.19,2.51
2015.01.05 07:10:07.351,0.76266,0.76284,1.25,1.19
2015.01.05 07:10:07.856,0.76266,0.76284,1.84,1.19
2015.01.05 07:10:08.387,0.76266,0.76284,1.25,1.19
2015.01.05 07:10:09.876,0.76265,0.76283,1.00,1.26
2015.01.05 07:10:10.814,0.76273,0.76283,1.00,1.29
2015.01.05 07:10:10.966,0.76273,0.76286,1.00,2.21
2015.01.05 07:10:11.738,0.76273,0.76285,1.00,1.62
2015.01.05 07:10:11.891,0.76271,0.76286,1.00,1.76
2015.01.05 07:10:11.942,0.76271,0.76285,1.00,1.31
2015.01.05 07:10:16.991,0.76271,0.76285,1.00,2.14
2015.01.05 07:10:17.860,0.76272,0.76285,1.00,2.14
2015.01.05 07:10:19.921,0.76275,0.76285,1.00,1.19
2015.01.05 07:10:19.972,0.76275,0.76286,1.00,1.00
2015.01.05 07:10:20.488,0.76275,0.76288,1.00,2.59
2015.01.05 07:10:24.369,0.76274,0.76288,1.00,2.96
2015.01.05 07:10:25.974,0.76274,0.76285,1.00,1.00
2015.01.05 07:10:26.994,0.76274,0.76286,1.00,1.00
2015.01.05 07:10:27.512,0.76275,0.76286,1.00,1.00
2015.01.05 07:10:30.022,0.76277,0.76286,1.00,1.00
2015.01.05 07:10:31.816,0.76278,0.76286,1.00,1.00
2015.01.05 07:10:34.821,0.76278,0.76288,1.19,1.00
2015.01.05 07:10:34.923,0.7628,0.76288,1.19,1.00
2015.01.05 07:10:35.025,0.7629,0.76305,1.00,3.82
2015.01.05 07:10:35.076,0.7629,0.76305,1.00,1.50
2015.01.05 07:10:35.127,0.76292,0.76305,1.00,1.25
2015.01.05 07:10:35.228,0.76293,0.76307,1.25,1.00
2015.01.05 07:10:35.330,0.76293,0.76305,1.25,1.00
2015.01.05 07:10:36.438,0.76296,0.76308,1.00,1.25
2015.01.05 07:10:36.944,0.76298,0.76309,1.00,1.00
2015.01.05 07:10:37.147,0.76298,0.76312,1.00,1.00
2015.01.05 07:10:37.652,0.76297,0.76312,1.00,1.57
2015.01.05 07:10:41.614,0.76298,0.76312,1.00,1.76
2015.01.05 07:10:42.131,0.76302,0.76317,1.00,1.26
2015.01.05 07:10:42.182,0.76301,0.76317,1.50,1.19
2015.01.05 07:10:42.816,0.76301,0.76317,1.50,1.25
2015.01.05 07:10:45.462,0.76305,0.7632,1.00,1.01
2015.01.05 07:10:46.731,0.76306,0.7632,1.00,1.25
2015.01.05 07:10:47.478,0.7631,0.76321,1.00,1.69
2015.01.05 07:10:47.580,0.7631,0.76324,1.00,1.50
2015.01.05 07:10:47.681,0.76312,0.76324,1.00,1.00
2015.01.05 07:10:48.188,0.76312,0.76326,1.00,1.29
2015.01.05 07:10:55.454,0.76312,0.76328,1.00,1.29
2015.01.05 07:10:56.624,0.76312,0.76327,1.00,1.32
2015.01.05 07:10:57.136,0.76313,0.76327,1.00,1.01
2015.01.05 07:10:57.338,0.76315,0.76327,1.00,1.01
2015.01.05 07:10:57.902,0.76313,0.76327,1.00,1.01
2015.01.05 07:11:01.245,0.76313,0.76329,1.00,1.46
2015.01.05 07:11:01.879,0.76313,0.76329,1.37,1.46
2015.01.05 07:11:03.289,0.76313,0.76329,1.00,1.46
2015.01.05 07:11:03.543,0.76313,0.76327,1.00,1.46
2015.01.05 07:11:04.049,0.76313,0.76327,1.00,1.46
2015.01.05 07:11:05.392,0.76312,0.76327,1.50,1.46
2015.01.05 07:11:05.897,0.76312,0.76327,1.50,1.46
2015.01.05 07:11:05.948,0.76312,0.76327,1.50,1.46
2015.01.05 07:11:08.496,0.76312,0.76327,1.50,1.25
2015.01.05 07:11:12.069,0.76313,0.76329,1.00,1.71
2015.01.05 07:11:12.612,0.76313,0.76329,1.00,1.71
2015.01.05 07:11:14.039,0.76312,0.76329,1.50,1.71
2015.01.05 07:11:14.554,0.76312,0.76329,1.50,1.71
2015.01.05 07:11:15.057,0.76312,0.76329,1.50,1.71
2015.01.05 07:11:15.859,0.76312,0.76329,1.50,1.71
2015.01.05 07:11:16.913,0.76312,0.76329,1.50,1.71
2015.01.05 07:11:17.869,0.76312,0.76329,1.50,1.71
2015.01.05 07:11:18.172,0.76311,0.76328,1.00,1.39
2015.01.05 07:11:18.274,0.76309,0.76327,1.00,1.39
2015.01.05 07:11:19.220,0.76309,0.76326,1.50,1.36
2015.01.05 07:11:20.195,0.76309,0.76326,1.50,1.36
2015.01.05 07:11:21.219,0.76309,0.76326,1.50,1.36
2015.01.05 07:11:22.599,0.76309,0.76325,1.00,1.09
2015.01.05 07:11:23.659,0.76309,0.76325,1.00,1.01
2015.01.05 07:11:24.199,0.76309,0.76325,1.25,1.31
2015.01.05 07:11:28.301,0.76309,0.76325,1.00,1.31
2015.01.05 07:11:34.043,0.76309,0.76325,1.00,1.09
2015.01.05 07:11:36.450,0.76309,0.76325,1.00,1.36
2015.01.05 07:11:37.069,0.76309,0.76325,1.00,1.39
2015.01.05 07:11:38.506,0.76309,0.76325,1.00,1.26
2015.01.05 07:11:39.628,0.76309,0.76325,1.00,1.36
2015.01.05 07:11:40.121,0.76307,0.76325,1.69,1.34
2015.01.05 07:11:40.627,0.76307,0.76325,1.50,1.46
2015.01.05 07:11:43.819,0.76307,0.76325,1.19,1.46
2015.01.05 07:11:44.372,0.76307,0.76325,1.25,1.46
2015.01.05 07:11:45.077,0.76307,0.76325,1.25,1.46
2015.01.05 07:11:45.603,0.76307,0.76325,1.25,1.39
2015.01.05 07:11:46.111,0.76307,0.76325,1.25,1.46
2015.01.05 07:11:46.821,0.76307,0.76325,1.25,1.46
2015.01.05 07:11:50.352,0.76307,0.76325,1.00,1.46
2015.01.05 07:11:59.274,0.76307,0.76325,1.69,1.39
2015.01.05 07:12:00.787,0.76307,0.76326,1.69,1.71
2015.01.05 07:12:01.104,0.76307,0.76325,1.25,3.64
2015.01.05 07:12:01.614,0.76307,0.76325,1.00,1.71
2015.01.05 07:12:02.754,0.76307,0.76325,1.25,1.71
2015.01.05 07:12:03.461,0.76307,0.76325,1.50,1.71
2015.01.05 07:12:03.967,0.76308,0.76325,1.00,1.46
2015.01.05 07:12:04.278,0.76308,0.76325,1.00,1.46
2015.01.05 07:12:04.380,0.76308,0.76325,1.00,1.46
2015.01.05 07:12:04.893,0.76307,0.76326,1.25,2.21
2015.01.05 07:12:05.460,0.76307,0.76326,1.69,2.21
2015.01.05 07:12:11.749,0.76307,0.76321,1.00,1.00
2015.01.05 07:12:15.413,0.76307,0.76323,1.00,1.39
2015.01.05 07:12:27.528,0.76307,0.76324,1.00,1.29
2015.01.05 07:12:27.579,0.76307,0.76321,1.00,1.00
2015.01.05 07:12:28.085,0.76306,0.76321,1.00,1.25
2015.01.05 07:12:28.845,0.76308,0.76321,1.00,1.00
2015.01.05 07:12:29.048,0.76309,0.76324,1.00,1.25
2015.01.05 07:12:38.798,0.76309,0.76323,1.00,1.00
2015.01.05 07:12:39.368,0.76309,0.76322,1.00,1.00
2015.01.05 07:12:40.191,0.76311,0.76322,1.00,1.00
2015.01.05 07:12:40.241,0.76311,0.76326,1.00,1.31
2015.01.05 07:12:40.393,0.76313,0.76326,1.00,1.00
2015.01.05 07:12:41.676,0.76311,0.76325,1.50,1.00
2015.01.05 07:12:42.202,0.76311,0.76325,1.00,1.69
2015.01.05 07:12:42.303,0.76309,0.76324,1.25,1.25
2015.01.05 07:12:42.868,0.76312,0.76325,1.00,1.19
2015.01.05 07:12:43.629,0.76309,0.76323,1.00,1.34
2015.01.05 07:12:43.681,0.76306,0.76317,1.00,1.00
2015.01.05 07:12:47.879,0.76309,0.76317,1.00,1.25
2015.01.05 07:12:48.133,0.76306,0.76317,1.00,1.25
2015.01.05 07:12:48.336,0.76302,0.76317,1.50,1.25
2015.01.05 07:12:48.929,0.76303,0.76317,1.00,1.25
2015.01.05 07:12:49.497,0.76303,0.76316,1.00,1.00
2015.01.05 07:12:56.755,0.76303,0.76314,1.00,1.00
2015.01.05 07:12:57.116,0.763,0.76314,1.69,1.00
2015.01.05 07:12:57.218,0.76298,0.76313,2.44,1.00
2015.01.05 07:12:58.302,0.76298,0.76313,1.50,1.76
2015.01.05 07:12:58.508,0.76307,0.76311,1.00,1.00
2015.01.05 07:12:58.610,0.76306,0.7632,1.50,2.81
2015.01.05 07:12:58.711,0.76309,0.7632,1.00,1.31
2015.01.05 07:13:00.152,0.76311,0.76324,1.00,1.42
2015.01.05 07:13:00.702,0.76311,0.76326,1.50,1.19
2015.01.05 07:13:01.576,0.76311,0.76326,1.50,1.19
2015.01.05 07:13:02.698,0.76311,0.76323,1.00,1.00
2015.01.05 07:13:04.770,0.76312,0.76326,1.00,1.29
2015.01.05 07:13:05.023,0.7631,0.7632,1.50,1.00
2015.01.05 07:13:05.175,0.76306,0.7632,1.50,1.57
2015.01.05 07:13:05.226,0.76306,0.76317,1.00,1.00
2015.01.05 07:13:05.327,0.76306,0.76319,1.00,1.25
2015.01.05 07:13:05.429,0.76308,0.7632,1.00,1.19
2015.01.05 07:13:06.420,0.76308,0.7632,1.50,1.50
2015.01.05 07:13:07.338,0.76309,0.7632,1.00,1.00
2015.01.05 07:13:11.161,0.7631,0.76322,1.00,1.50
2015.01.05 07:13:13.879,0.76311,0.76322,1.00,1.50
2015.01.05 07:13:14.032,0.76311,0.76325,1.50,1.69
2015.01.05 07:13:14.083,0.76313,0.76325,1.00,1.69
2015.01.05 07:13:14.338,0.76313,0.76326,1.50,1.25
2015.01.05 07:13:24.428,0.76312,0.76326,2.25,1.50
2015.01.05 07:13:24.683,0.76312,0.76324,1.00,1.00
2015.01.05 07:13:25.040,0.76312,0.76326,1.00,1.76
2015.01.05 07:13:26.548,0.76313,0.76325,1.00,1.00
2015.01.05 07:13:27.054,0.76311,0.76324,1.00,1.00
2015.01.05 07:13:27.559,0.7631,0.76323,1.00,1.69
2015.01.05 07:13:27.762,0.7631,0.76321,1.00,1.00
2015.01.05 07:13:28.362,0.7631,0.76322,1.00,1.00
2015.01.05 07:13:28.922,0.76309,0.76322,1.00,1.00
2015.01.05 07:13:29.229,0.76308,0.7632,1.50,1.00
2015.01.05 07:13:32.276,0.7631,0.7632,1.00,1.00
2015.01.05 07:13:32.327,0.7631,0.76322,1.00,1.00
2015.01.05 07:13:32.832,0.76309,0.76323,1.00,1.50
2015.01.05 07:13:33.035,0.76309,0.76321,1.00,1.50
2015.01.05 07:13:34.045,0.76309,0.7632,1.00,1.00
2015.01.05 07:13:34.147,0.76305,0.76318,1.00,1.00
2015.01.05 07:13:34.652,0.76306,0.76318,1.00,1.00
2015.01.05 07:13:35.959,0.76305,0.76318,1.00,1.50
2015.01.05 07:13:38.153,0.76309,0.76318,1.00,1.25
2015.01.05 07:13:38.204,0.76309,0.76321,1.00,1.62
2015.01.05 07:13:41.538,0.7631,0.76324,1.00,2.44
2015.01.05 07:13:42.376,0.76309,0.76322,1.00,1.37
2015.01.05 07:13:42.921,0.76308,0.76322,1.00,1.37
2015.01.05 07:13:44.090,0.76309,0.76322,1.00,1.69
2015.01.05 07:13:44.796,0.76308,0.76322,1.00,1.69
2015.01.05 07:13:57.352,0.76308,0.76321,1.00,1.37
2015.01.05 07:13:57.555,0.76308,0.76321,1.00,1.50
2015.01.05 07:13:59.398,0.76308,0.7632,1.50,1.37
2015.01.05 07:14:01.965,0.76308,0.76319,1.00,1.50
2015.01.05 07:14:03.283,0.76308,0.76318,1.00,1.00
2015.01.05 07:14:03.789,0.76307,0.76317,1.00,1.00
2015.01.05 07:14:04.291,0.76307,0.76318,1.00,1.50
2015.01.05 07:14:05.676,0.76306,0.76318,1.00,1.69
2015.01.05 07:14:06.197,0.76306,0.76317,1.00,1.00
2015.01.05 07:14:10.238,0.76307,0.76317,1.00,1.00
2015.01.05 07:14:13.738,0.76306,0.76317,1.00,1.50
2015.01.05 07:14:33.680,0.76306,0.76318,1.00,1.00
2015.01.05 07:14:39.076,0.76307,0.76318,1.00,1.00
2015.01.05 07:14:39.178,0.76309,0.76318,1.50,1.00
2015.01.05 07:14:39.280,0.7631,0.7632,1.00,1.00
2015.01.05 07:14:39.584,0.7631,0.76322,1.00,1.25
2015.01.05 07:14:39.737,0.7631,0.7632,1.00,1.00
2015.01.05 07:14:40.041,0.76312,0.76322,1.00,1.25
2015.01.05 07:14:41.469,0.76312,0.76321,1.00,1.00
2015.01.05 07:14:41.570,0.7631,0.76321,1.00,1.00
2015.01.05 07:14:46.139,0.76312,0.76322,1.00,1.25
2015.01.05 07:14:46.646,0.76312,0.76323,1.50,1.00
2015.01.05 07:14:46.950,0.76312,0.7632,1.00,1.00
2015.01.05 07:14:47.001,0.76307,0.7632,1.50,1.50
2015.01.05 07:14:47.103,0.76307,0.76318,1.00,1.00
2015.01.05 07:14:47.619,0.76306,0.76318,1.00,1.50
2015.01.05 07:14:48.143,0.76307,0.76318,1.00,1.00
2015.01.05 07:14:52.338,0.76307,0.7632,1.00,1.69
2015.01.05 07:14:54.312,0.76307,0.7632,1.00,2.06
2015.01.05 07:14:54.464,0.76301,0.76314,1.50,3.60
2015.01.05 07:14:54.565,0.76301,0.76314,1.50,1.69
2015.01.05 07:14:54.717,0.76306,0.76314,1.00,1.00
2015.01.05 07:14:54.768,0.76306,0.76316,1.00,1.25
2015.01.05 07:14:55.021,0.76306,0.7632,1.00,1.19
2015.01.05 07:14:55.540,0.76307,0.7632,1.00,1.69
2015.01.05 07:14:55.844,0.76307,0.7632,1.00,1.69
2015.01.05 07:15:00.390,0.76305,0.76318,1.50,1.00
2015.01.05 07:15:18.424,0.76305,0.76318,1.69,1.69
2015.01.05 07:15:20.298,0.76305,0.76318,1.50,1.50
2015.01.05 07:15:28.406,0.76306,0.76318,1.00,1.50
2015.01.05 07:15:28.457,0.76307,0.7632,1.00,1.00
2015.01.05 07:15:28.710,0.7631,0.76322,1.00,1.69
2015.01.05 07:15:29.216,0.76313,0.76322,1.00,1.00
2015.01.05 07:15:29.368,0.76313,0.76324,1.00,1.00
2015.01.05 07:15:30.068,0.76313,0.76323,1.00,1.00
2015.01.05 07:15:30.574,0.76313,0.76324,1.00,1.00
2015.01.05 07:15:35.324,0.76315,0.76324,1.00,1.00
2015.01.05 07:15:35.376,0.76315,0.76326,1.00,1.25
2015.01.05 07:15:36.827,0.76316,0.76326,1.00,1.00
2015.01.05 07:15:41.006,0.76315,0.76326,1.00,1.00
2015.01.05 07:15:41.752,0.76315,0.76327,1.50,1.00
2015.01.05 07:15:48.588,0.76315,0.76326,1.00,1.00
2015.01.05 07:15:50.984,0.76314,0.76327,1.00,1.50
2015.01.05 07:15:54.167,0.76314,0.76325,1.00,1.00
2015.01.05 07:15:54.676,0.76313,0.76325,1.00,1.00
2015.01.05 07:15:56.271,0.76314,0.76325,1.00,1.00
2015.01.05 07:15:56.423,0.76315,0.76327,1.12,1.50
2015.01.05 07:15:56.474,0.76317,0.76327,1.00,1.50
2015.01.05 07:15:56.676,0.76315,0.76327,1.00,1.50
2015.01.05 07:15:56.778,0.76313,0.76326,1.00,1.00
2015.01.05 07:16:01.613,0.76314,0.76326,1.00,1.00
2015.01.05 07:16:03.298,0.76313,0.76326,1.00,1.50
2015.01.05 07:16:04.298,0.76313,0.76324,1.00,1.00
2015.01.05 07:16:04.450,0.76308,0.7632,1.00,1.00
2015.01.05 07:16:04.652,0.76308,0.76318,1.00,1.00
2015.01.05 07:16:04.754,0.76308,0.76321,1.00,1.00
2015.01.05 07:16:05.007,0.7631,0.76321,1.00,1.00
2015.01.05 07:16:05.311,0.76316,0.76329,1.87,1.00
2015.01.05 07:16:05.362,0.76316,0.76329,1.00,1.75
2015.01.05 07:16:05.413,0.76314,0.76325,1.00,1.00
2015.01.05 07:16:05.717,0.76317,0.76326,1.37,1.15
2015.01.05 07:16:05.767,0.76317,0.76327,1.37,1.00
2015.01.05 07:16:05.869,0.76317,0.76327,1.00,1.12
2015.01.05 07:16:05.920,0.76314,0.76327,1.00,1.12
2015.01.05 07:16:05.970,0.76314,0.76322,1.00,1.00
2015.01.05 07:16:06.122,0.76312,0.76322,1.00,1.00
2015.01.05 07:16:17.551,0.7631,0.76322,1.00,1.00
2015.01.05 07:16:18.058,0.7631,0.76321,1.00,1.00
2015.01.05 07:16:20.258,0.7631,0.76322,1.00,1.50
2015.01.05 07:16:20.765,0.76311,0.76322,1.00,1.50
2015.01.05 07:16:23.029,0.76311,0.76321,1.00,1.00
2015.01.05 07:16:23.862,0.76311,0.76322,1.00,1.00
2015.01.05 07:16:24.380,0.7631,0.76322,1.00,1.00
2015.01.05 07:16:24.887,0.7631,0.76323,1.00,1.50
2015.01.05 07:16:25.244,0.76306,0.76319,1.00,1.00
2015.01.05 07:16:25.750,0.76305,0.76318,1.00,1.00
2015.01.05 07:16:28.516,0.76305,0.76317,1.00,1.00
2015.01.05 07:16:33.119,0.76302,0.76316,1.12,1.00
2015.01.05 07:16:33.626,0.76301,0.76315,1.00,1.50
2015.01.05 07:16:36.144,0.76301,0.76315,1.00,1.57
2015.01.05 07:16:37.125,0.76301,0.76315,1.00,1.50
2015.01.05 07:16:37.982,0.76301,0.76313,1.00,1.00
2015.01.05 07:16:38.294,0.76301,0.76315,1.00,1.57
2015.01.05 07:16:38.811,0.76301,0.76314,1.00,1.00
2015.01.05 07:16:44.118,0.763,0.76313,1.00,1.00
2015.01.05 07:16:50.511,0.76302,0.76315,1.00,1.00
2015.01.05 07:16:51.016,0.76302,0.76316,1.00,1.50
2015.01.05 07:16:51.891,0.76302,0.76314,1.00,1.00
2015.01.05 07:16:57.425,0.76302,0.76316,1.00,1.50
2015.01.05 07:17:04.590,0.76305,0.76317,1.00,1.00
2015.01.05 07:17:11.803,0.76307,0.76317,1.00,1.00
2015.01.05 07:17:11.854,0.76307,0.76319,1.00,1.00
2015.01.05 07:17:11.956,0.76309,0.76319,1.00,1.00
2015.01.05 07:17:12.411,0.76309,0.76322,1.00,1.50
2015.01.05 07:17:14.703,0.76312,0.76323,1.00,1.50
2015.01.05 07:17:17.625,0.76313,0.76323,1.00,1.00
2015.01.05 07:17:17.677,0.76313,0.76326,1.00,1.25
2015.01.05 07:17:23.072,0.76314,0.76327,1.00,1.00
2015.01.05 07:17:24.656,0.76316,0.76327,1.00,1.00
2015.01.05 07:17:25.173,0.76317,0.76328,1.00,1.00
2015.01.05 07:17:33.081,0.76317,0.76327,1.00,1.00
2015.01.05 07:17:36.480,0.76317,0.76324,1.00,1.00
2015.01.05 07:17:36.858,0.76311,0.76323,1.25,1.00
2015.01.05 07:17:46.201,0.7631,0.76323,1.00,1.50
2015.01.05 07:17:46.707,0.7631,0.76322,1.00,1.00
2015.01.05 07:17:48.429,0.76307,0.76318,1.00,1.00
2015.01.05 07:17:51.007,0.76304,0.76317,1.00,1.50
2015.01.05 07:17:51.209,0.76304,0.76315,1.00,1.00
2015.01.05 07:17:52.955,0.76304,0.76317,1.00,1.50
2015.01.05 07:17:54.094,0.76304,0.76316,1.00,1.00
2015.01.05 07:17:54.600,0.76304,0.76315,1.00,1.00
2015.01.05 07:18:05.181,0.76304,0.76313,1.00,1.00
2015.01.05 07:18:05.232,0.76297,0.7631,1.00,1.50
2015.01.05 07:18:05.515,0.763,0.7631,1.00,1.00
2015.01.05 07:18:05.616,0.76303,0.76315,1.00,1.00
2015.01.05 07:18:05.667,0.76308,0.76316,1.00,1.00
2015.01.05 07:18:05.971,0.76305,0.76315,1.00,1.00
2015.01.05 07:18:06.022,0.7631,0.76315,1.00,1.00
2015.01.05 07:18:06.174,0.76315,0.76325,1.00,1.00
2015.01.05 07:18:06.225,0.76313,0.76324,1.00,1.00
2015.01.05 07:18:06.529,0.7631,0.76323,1.00,1.50
2015.01.05 07:18:07.035,0.76311,0.76324,1.00,1.00
2015.01.05 07:18:07.187,0.76313,0.76323,1.00,1.00
2015.01.05 07:18:07.693,0.76312,0.76322,1.00,1.00
2015.01.05 07:18:09.057,0.76312,0.76322,1.37,1.00
2015.01.05 07:18:09.361,0.76322,0.7633,1.00,1.00
2015.01.05 07:18:09.412,0.76322,0.76333,1.00,1.00
2015.01.05 07:18:09.514,0.76325,0.76336,1.00,1.87
2015.01.05 07:18:09.615,0.76327,0.76339,1.12,1.00
2015.01.05 07:18:09.717,0.76327,0.76344,2.47,1.84
2015.01.05 07:18:09.818,0.7633,0.76343,1.00,1.00
2015.01.05 07:18:10.122,0.7633,0.76341,1.00,1.00
2015.01.05 07:18:10.173,0.76327,0.76341,1.00,1.00
2015.01.05 07:18:10.224,0.76331,0.76347,1.00,1.20
2015.01.05 07:18:10.376,0.76335,0.76347,1.00,1.00
2015.01.05 07:18:10.478,0.76336,0.7635,1.00,1.29
2015.01.05 07:18:10.579,0.76337,0.76352,1.00,1.25
2015.01.05 07:18:11.091,0.76336,0.76352,1.25,1.00
2015.01.05 07:18:12.124,0.76335,0.76353,1.69,1.00
2015.01.05 07:18:13.040,0.76335,0.76352,1.00,1.87
2015.01.05 07:18:13.094,0.76333,0.7635,1.00,1.42
2015.01.05 07:18:13.195,0.76332,0.76349,1.25,1.80
2015.01.05 07:18:14.301,0.76332,0.76348,1.00,2.51
2015.01.05 07:18:14.605,0.7634,0.76349,1.00,1.10
2015.01.05 07:18:14.656,0.76337,0.76351,1.00,1.00
2015.01.05 07:18:14.808,0.76333,0.76349,1.50,2.66
2015.01.05 07:18:14.960,0.76331,0.76349,1.50,1.57
2015.01.05 07:18:15.465,0.76329,0.76347,1.69,1.12
2015.01.05 07:18:15.968,0.76329,0.76347,1.19,1.27
2015.01.05 07:18:16.120,0.76329,0.76347,1.00,2.59
2015.01.05 07:18:16.648,0.76329,0.76343,1.00,1.10
2015.01.05 07:18:17.630,0.76334,0.76348,1.87,1.00
2015.01.05 07:18:17.681,0.76336,0.76351,1.00,1.00
2015.01.05 07:18:17.732,0.76336,0.76354,1.00,1.31
2015.01.05 07:18:17.884,0.76338,0.76355,1.50,1.01
2015.01.05 07:18:17.935,0.76338,0.76357,1.50,2.02
2015.01.05 07:18:18.289,0.76337,0.76355,1.25,1.00
2015.01.05 07:18:18.594,0.76335,0.76354,1.19,1.57
2015.01.05 07:18:18.897,0.76334,0.76351,1.19,1.00
2015.01.05 07:18:19.356,0.76334,0.76351,1.25,1.00
2015.01.05 07:18:20.535,0.76332,0.76351,1.19,2.02
2015.01.05 07:18:20.687,0.76332,0.7635,1.50,1.26
2015.01.05 07:18:20.738,0.76332,0.76349,1.50,1.77
2015.01.05 07:18:20.947,0.76332,0.76349,1.00,1.77
2015.01.05 07:18:22.779,0.76332,0.76348,1.00,1.12
2015.01.05 07:18:23.284,0.76332,0.7635,1.25,1.25
2015.01.05 07:18:23.794,0.76331,0.76349,2.06,1.12
2015.01.05 07:18:25.883,0.76331,0.76349,2.06,1.12
2015.01.05 07:18:27.329,0.76333,0.7635,1.00,1.62
2015.01.05 07:18:27.785,0.76333,0.76351,1.27,1.19
2015.01.05 07:18:28.616,0.76334,0.76354,2.59,1.69
2015.01.05 07:18:29.132,0.76336,0.76354,1.10,1.00
2015.01.05 07:18:33.675,0.76343,0.76355,1.00,1.31
2015.01.05 07:18:33.777,0.76343,0.7636,1.37,2.44
2015.01.05 07:18:33.879,0.76348,0.76362,1.00,1.00
2015.01.05 07:18:34.335,0.76347,0.76365,1.00,1.39
2015.01.05 07:18:39.456,0.76347,0.76366,1.00,2.59
2015.01.05 07:18:39.558,0.76344,0.76364,2.06,3.22
2015.01.05 07:18:40.841,0.76344,0.76363,1.00,1.74
2015.01.05 07:18:44.116,0.76344,0.76363,1.00,1.77
2015.01.05 07:18:44.765,0.76344,0.76363,1.00,1.46
2015.01.05 07:18:46.179,0.76344,0.76363,1.10,1.46
2015.01.05 07:18:47.240,0.76342,0.76361,1.15,1.55
2015.01.05 07:18:47.443,0.76336,0.76353,1.00,1.15
2015.01.05 07:18:47.494,0.76335,0.76352,1.00,2.32
2015.01.05 07:18:47.596,0.76333,0.76351,1.34,1.10
2015.01.05 07:18:47.647,0.76338,0.76352,1.50,1.17
2015.01.05 07:18:47.951,0.76334,0.76349,1.00,3.07
2015.01.05 07:18:48.560,0.76333,0.76347,1.00,1.10
2015.01.05 07:18:48.763,0.76332,0.76345,1.00,1.00
2015.01.05 07:18:49.269,0.76332,0.76349,1.10,1.71
2015.01.05 07:18:50.232,0.76331,0.76348,1.00,1.27
2015.01.05 07:18:50.587,0.76332,0.76347,1.07,1.00
2015.01.05 07:18:50.638,0.76332,0.76349,1.15,1.09
2015.01.05 07:18:50.790,0.76332,0.7635,1.65,1.31
2015.01.05 07:18:50.841,0.76333,0.76351,1.15,1.50
2015.01.05 07:18:51.094,0.76335,0.76354,1.40,1.65
2015.01.05 07:18:51.724,0.76336,0.76354,1.15,1.57
2015.01.05 07:18:53.337,0.76336,0.76354,1.40,1.57
2015.01.05 07:18:53.827,0.76336,0.76354,1.09,1.65
2015.01.05 07:18:56.501,0.76336,0.76354,1.27,1.57
2015.01.05 07:18:57.367,0.76336,0.76354,1.27,1.65
2015.01.05 07:18:57.418,0.76336,0.76354,1.27,1.57
2015.01.05 07:18:57.724,0.76341,0.76358,1.15,1.37
2015.01.05 07:18:57.825,0.76343,0.7636,1.15,1.31
2015.01.05 07:18:59.530,0.76343,0.7636,1.15,1.39
2015.01.05 07:18:59.632,0.76343,0.7636,1.17,1.39
2015.01.05 07:19:02.324,0.76346,0.76361,1.00,2.21
2015.01.05 07:19:02.829,0.76344,0.76361,1.57,1.46
2015.01.05 07:19:03.133,0.76342,0.76359,1.65,1.47
2015.01.05 07:19:03.857,0.76344,0.76359,1.15,1.00
2015.01.05 07:19:03.959,0.76344,0.76361,1.15,1.27
2015.01.05 07:19:05.216,0.76344,0.76361,1.01,1.17
2015.01.05 07:19:05.727,0.76344,0.76361,1.01,1.27
2015.01.05 07:19:06.590,0.76343,0.76359,1.10,1.10
2015.01.05 07:19:07.419,0.76342,0.76359,1.57,1.09
2015.01.05 07:19:07.470,0.76342,0.76357,1.00,1.95
2015.01.05 07:19:07.774,0.76341,0.76354,1.00,1.15
2015.01.05 07:19:07.976,0.76343,0.76355,1.00,1.00
2015.01.05 07:19:08.028,0.76343,0.76358,1.00,1.07
2015.01.05 07:19:08.535,0.76342,0.76358,1.17,1.10
2015.01.05 07:19:12.950,0.76342,0.76358,1.76,1.07
2015.01.05 07:19:13.103,0.76344,0.76359,1.00,1.15
2015.01.05 07:19:13.204,0.76344,0.76359,1.00,1.10
2015.01.05 07:19:13.407,0.76344,0.76359,1.00,1.17
2015.01.05 07:19:13.910,0.76344,0.76359,1.00,1.17
2015.01.05 07:19:14.213,0.76343,0.76358,1.31,1.15
2015.01.05 07:19:14.315,0.76343,0.76358,1.31,1.17
2015.01.05 07:19:21.427,0.76342,0.76355,1.00,1.00
2015.01.05 07:19:21.731,0.76341,0.7635,1.00,1.10
2015.01.05 07:19:24.582,0.76342,0.7635,1.00,1.00
2015.01.05 07:19:25.642,0.7634,0.7635,1.00,1.00
2015.01.05 07:19:25.895,0.76342,0.7635,1.00,1.00
2015.01.05 07:19:26.401,0.76341,0.7635,1.00,1.10
2015.01.05 07:19:28.662,0.7634,0.7635,1.00,1.00
2015.01.05 07:19:29.661,0.76343,0.76352,1.00,1.00
2015.01.05 07:19:29.763,0.76341,0.76352,1.57,1.00
2015.01.05 07:19:34.490,0.7634,0.76352,1.50,1.00
2015.01.05 07:19:34.591,0.76342,0.76352,1.00,1.00
2015.01.05 07:19:34.642,0.76342,0.76355,1.00,1.00
2015.01.05 07:19:35.981,0.76343,0.76358,1.50,1.27
2015.01.05 07:19:36.083,0.76345,0.7636,1.01,1.17
2015.01.05 07:19:36.487,0.76347,0.76361,1.00,1.00
2015.01.05 07:19:39.042,0.76347,0.76359,1.00,1.00
2015.01.05 07:19:39.144,0.76344,0.76358,1.69,1.00
2015.01.05 07:19:39.458,0.76344,0.76356,1.25,1.00
2015.01.05 07:19:41.881,0.76344,0.76351,1.00,1.00
2015.01.05 07:19:41.933,0.7634,0.76351,1.00,1.00
2015.01.05 07:19:43.087,0.7634,0.7635,1.00,1.00
2015.01.05 07:19:48.874,0.7634,0.76352,1.00,1.00
2015.01.05 07:19:55.170,0.76338,0.76352,1.50,1.10
2015.01.05 07:19:55.221,0.76338,0.76349,1.00,1.00
2015.01.05 07:19:55.736,0.76337,0.76349,1.00,1.00
2015.01.05 07:20:00.944,0.76333,0.76347,1.00,1.00
2015.01.05 07:20:01.826,0.76333,0.76345,1.00,1.00
2015.01.05 07:20:02.545,0.76332,0.76345,1.00,1.00
2015.01.05 07:20:03.358,0.76334,0.76345,1.00,1.00
2015.01.05 07:20:04.377,0.76332,0.76345,1.00,1.00
2015.01.05 07:20:05.141,0.76333,0.76345,1.00,1.00
2015.01.05 07:20:08.621,0.76333,0.76347,2.32,1.00
2015.01.05 07:20:08.672,0.76335,0.76347,1.00,1.00
2015.01.05 07:20:11.926,0.76334,0.76347,1.57,1.00
2015.01.05 07:20:12.432,0.76335,0.76347,1.00,1.00
2015.01.05 07:20:12.483,0.76335,0.76349,1.50,1.00
2015.01.05 07:20:19.734,0.76335,0.76347,1.00,1.00
2015.01.05 07:20:19.886,0.76333,0.76347,1.76,1.00
2015.01.05 07:20:20.089,0.76335,0.76346,1.00,1.00
2015.01.05 07:20:20.191,0.76333,0.76346,1.01,1.00
2015.01.05 07:20:21.085,0.76334,0.76346,1.00,1.00
2015.01.05 07:20:21.492,0.76334,0.76344,1.00,1.00
2015.01.05 07:20:21.998,0.76333,0.76344,1.00,1.00
2015.01.05 07:20:22.505,0.76334,0.76345,1.00,1.00
2015.01.05 07:20:24.360,0.76334,0.76347,1.25,1.00
2015.01.05 07:20:24.606,0.76336,0.76347,1.00,1.00
2015.01.05 07:20:31.046,0.76336,0.76349,1.00,1.00
2015.01.05 07:20:32.929,0.76338,0.7635,1.00,1.00
2015.01.05 07:20:33.260,0.76338,0.7635,1.15,1.00
2015.01.05 07:20:33.365,0.76341,0.76354,1.00,1.25
2015.01.05 07:20:33.467,0.76341,0.76354,1.07,1.00
2015.01.05 07:20:33.721,0.76343,0.76357,1.65,1.00
2015.01.05 07:20:34.243,0.76345,0.76358,1.10,1.25
2015.01.05 07:20:37.246,0.76345,0.76359,1.00,1.50
2015.01.05 07:20:48.673,0.76345,0.76358,1.00,1.00
2015.01.05 07:20:57.262,0.76345,0.76359,1.00,1.00
2015.01.05 07:20:58.808,0.76347,0.76359,1.00,1.00
2015.01.05 07:20:58.910,0.76347,0.76361,1.10,1.00
2015.01.05 07:20:59.415,0.76346,0.76361,1.57,1.00
2015.01.05 07:20:59.820,0.76346,0.76361,1.65,1.00
2015.01.05 07:21:00.023,0.76349,0.76364,1.07,1.50
2015.01.05 07:21:00.529,0.76351,0.76366,1.00,1.84
2015.01.05 07:21:01.035,0.76351,0.76366,1.00,1.65
2015.01.05 07:21:08.337,0.76351,0.76366,1.00,2.25
2015.01.05 07:21:08.388,0.76351,0.76365,1.00,1.72
2015.01.05 07:21:08.924,0.76351,0.76362,1.00,1.00
2015.01.05 07:21:10.622,0.76351,0.76362,1.00,1.55
2015.01.05 07:21:10.673,0.76345,0.76359,1.76,1.00
2015.01.05 07:21:11.210,0.76346,0.7636,1.00,1.10
2015.01.05 07:21:11.673,0.76344,0.76359,1.10,1.00
2015.01.05 07:21:12.926,0.76344,0.76359,1.17,1.00
2015.01.05 07:21:17.166,0.76344,0.76358,1.07,1.00
2015.01.05 07:21:17.268,0.76343,0.76357,1.00,1.00
2015.01.05 07:21:20.107,0.76345,0.76358,1.00,1.00
2015.01.05 07:21:22.245,0.76346,0.7636,1.00,1.27
2015.01.05 07:21:22.665,0.76348,0.76361,1.00,1.01
2015.01.05 07:21:33.101,0.76348,0.76361,1.00,1.17
2015.01.05 07:21:36.009,0.76348,0.76361,1.00,1.10
2015.01.05 07:21:38.906,0.76348,0.76361,1.17,1.00
2015.01.05 07:21:39.518,0.76348,0.76361,1.10,1.00
2015.01.05 07:21:40.032,0.76348,0.76361,1.17,1.00
2015.01.05 07:21:40.591,0.76348,0.76361,1.17,1.00
2015.01.05 07:21:41.364,0.76348,0.76361,1.17,1.00
2015.01.05 07:21:41.465,0.7635,0.76363,1.10,1.00
2015.01.05 07:21:41.516,0.7635,0.76363,1.15,1.00
2015.01.05 07:21:42.039,0.7635,0.76363,1.17,1.00
2015.01.05 07:21:42.985,0.7635,0.76363,1.20,1.00
2015.01.05 07:21:45.804,0.7635,0.76363,1.15,1.00
2015.01.05 07:21:46.108,0.76357,0.76368,1.00,1.00
2015.01.05 07:21:46.613,0.76357,0.76368,1.00,1.15
2015.01.05 07:21:52.225,0.76358,0.76367,1.00,1.20
2015.01.05 07:21:52.775,0.76358,0.76366,1.00,1.00
2015.01.05 07:21:55.459,0.76356,0.76364,1.00,1.10
2015.01.05 07:21:55.762,0.76354,0.76366,1.00,1.15
2015.01.05 07:21:56.275,0.76354,0.76364,1.00,1.17
2015.01.05 07:21:57.211,0.76352,0.76364,1.00,1.17
2015.01.05 07:21:57.717,0.76352,0.76364,1.00,1.15
2015.01.05 07:22:02.735,0.76354,0.76365,1.00,1.46
2015.01.05 07:22:02.787,0.76354,0.76365,1.00,1.01
2015.01.05 07:22:04.230,0.76354,0.76366,1.00,1.31
2015.01.05 07:22:04.746,0.76354,0.76365,1.00,1.00
2015.01.05 07:22:05.033,0.76357,0.76366,1.00,1.25
2015.01.05 07:22:05.641,0.76357,0.76367,1.00,1.00
2015.01.05 07:22:10.156,0.76358,0.76367,1.00,1.00
2015.01.05 07:22:17.019,0.76358,0.7637,1.00,2.15
2015.01.05 07:22:22.374,0.76359,0.7637,1.00,1.37
2015.01.05 07:22:22.888,0.76359,0.76371,1.00,1.37
2015.01.05 07:22:24.160,0.76357,0.76371,1.00,1.87
2015.01.05 07:22:24.675,0.76357,0.7637,1.00,2.02
2015.01.05 07:22:25.029,0.76354,0.76367,1.00,1.57
2015.01.05 07:22:25.282,0.76354,0.76364,1.00,1.00
2015.01.05 07:22:25.812,0.76353,0.76364,1.00,1.00
2015.01.05 07:22:29.698,0.76353,0.76364,1.00,1.65
2015.01.05 07:22:30.304,0.76353,0.76364,1.00,1.57
2015.01.05 07:22:31.346,0.76349,0.76363,1.00,2.70
2015.01.05 07:22:31.396,0.76349,0.76363,1.00,2.77
2015.01.05 07:22:34.183,0.76354,0.76362,1.00,1.09
2015.01.05 07:22:34.688,0.76354,0.76363,1.00,1.34
2015.01.05 07:22:35.231,0.76354,0.76363,1.00,1.10
2015.01.05 07:22:35.765,0.76354,0.76364,1.00,1.15
2015.01.05 07:22:35.817,0.76354,0.76365,1.00,1.84
2015.01.05 07:22:36.596,0.76354,0.76363,1.00,1.47
2015.01.05 07:22:37.109,0.76355,0.76361,1.00,1.00
2015.01.05 07:22:39.991,0.76355,0.76362,1.00,1.12
2015.01.05 07:22:40.498,0.76355,0.76361,1.00,1.00
2015.01.05 07:22:41.005,0.76355,0.76362,1.00,1.12
2015.01.05 07:22:42.330,0.76355,0.76364,1.00,1.65
2015.01.05 07:22:43.603,0.76355,0.76365,1.00,1.20
2015.01.05 07:22:48.460,0.76356,0.76367,1.00,1.65
2015.01.05 07:22:53.082,0.76356,0.76365,1.00,1.47
2015.01.05 07:22:53.234,0.76355,0.76364,1.00,1.27
2015.01.05 07:22:54.032,0.76355,0.76364,1.00,2.02
2015.01.05 07:22:55.603,0.76354,0.76364,1.00,2.02
2015.01.05 07:22:55.655,0.7635,0.76363,1.00,1.17
2015.01.05 07:22:55.941,0.76353,0.76364,1.00,1.15
2015.01.05 07:22:56.669,0.76353,0.76364,1.00,1.17
2015.01.05 07:22:59.738,0.76353,0.76364,1.00,1.10
2015.01.05 07:23:00.476,0.76353,0.76364,1.00,1.17
2015.01.05 07:23:01.140,0.76353,0.76364,1.00,1.07
2015.01.05 07:23:10.593,0.76353,0.76364,1.00,1.00
2015.01.05 07:23:14.660,0.76353,0.76366,1.00,1.50
2015.01.05 07:23:17.254,0.76356,0.76366,1.00,1.00
2015.01.05 07:23:18.402,0.76354,0.76365,1.00,1.00
2015.01.05 07:23:25.399,0.76352,0.76365,1.00,1.50
2015.01.05 07:23:25.905,0.76352,0.76364,1.00,1.00
2015.01.05 07:23:35.078,0.76352,0.7636,1.00,1.10
2015.01.05 07:23:35.382,0.76343,0.76355,1.00,1.56
2015.01.05 07:23:36.534,0.76343,0.76355,1.00,1.19
2015.01.05 07:23:36.636,0.76345,0.76357,1.00,1.09
2015.01.05 07:23:36.738,0.76347,0.76357,1.00,1.25
2015.01.05 07:23:37.195,0.76348,0.76361,1.00,1.69
2015.01.05 07:23:39.746,0.76348,0.76358,1.00,1.00
2015.01.05 07:23:44.128,0.7635,0.76363,1.00,3.37
2015.01.05 07:23:44.179,0.7635,0.76363,1.00,2.44
2015.01.05 07:23:45.252,0.7635,0.76363,1.00,1.84
2015.01.05 07:23:45.757,0.7635,0.76363,1.00,1.76
2015.01.05 07:23:51.035,0.76348,0.76361,1.00,2.85
2015.01.05 07:23:51.137,0.76344,0.76358,1.50,1.72
2015.01.05 07:23:51.187,0.76344,0.76355,1.00,1.00
2015.01.05 07:23:52.022,0.76344,0.76355,1.00,1.37
2015.01.05 07:23:59.606,0.76346,0.76357,1.00,1.37
2015.01.05 07:23:59.657,0.76346,0.76359,1.00,1.00
2015.01.05 07:23:59.759,0.76348,0.76361,1.00,1.00
2015.01.05 07:24:00.164,0.7635,0.76363,1.00,1.25
2015.01.05 07:24:05.956,0.7635,0.76363,1.07,1.00
2015.01.05 07:24:06.491,0.7635,0.76363,1.20,1.00
2015.01.05 07:24:07.276,0.76351,0.76364,1.00,1.00
2015.01.05 07:24:08.972,0.76353,0.76365,1.00,1.00
2015.01.05 07:24:09.478,0.76353,0.76366,1.65,1.00
2015.01.05 07:24:15.256,0.76356,0.76369,1.00,1.37
2015.01.05 07:24:15.357,0.76356,0.76369,1.20,1.00
2015.01.05 07:24:15.712,0.76359,0.76372,1.00,1.25
2015.01.05 07:24:21.004,0.76361,0.76374,1.00,1.00
2015.01.05 07:24:21.512,0.76361,0.76374,1.17,1.00
2015.01.05 07:24:22.791,0.76361,0.76374,1.00,1.00
2015.01.05 07:24:26.403,0.76361,0.76374,1.00,1.37
2015.01.05 07:24:26.505,0.76356,0.76369,2.32,1.00
2015.01.05 07:24:27.475,0.76354,0.76366,1.00,1.00
2015.01.05 07:24:27.981,0.76353,0.76366,1.00,1.20
2015.01.05 07:24:28.943,0.76353,0.76366,1.00,2.77
2015.01.05 07:24:30.412,0.76353,0.76366,1.00,1.50
2015.01.05 07:24:33.212,0.76354,0.76366,1.00,1.00
2015.01.05 07:24:33.314,0.76356,0.76369,1.00,1.00
2015.01.05 07:24:34.843,0.76354,0.76367,1.00,1.00
2015.01.05 07:24:36.169,0.76353,0.76366,1.00,1.00
2015.01.05 07:24:53.636,0.76358,0.76366,1.87,1.00
2015.01.05 07:25:08.619,0.76355,0.76364,1.87,1.00
2015.01.05 07:25:09.869,0.7635,0.76361,1.00,1.39
2015.01.05 07:25:09.920,0.76348,0.76361,2.62,1.39
2015.01.05 07:25:10.072,0.76348,0.76361,2.62,1.39
2015.01.05 07:25:10.577,0.76348,0.76361,1.57,1.25
2015.01.05 07:25:14.553,0.76353,0.76361,1.87,1.00
2015.01.05 07:25:14.755,0.76353,0.76363,1.87,1.00
2015.01.05 07:25:18.078,0.76358,0.76363,1.87,1.00
2015.01.05 07:25:20.081,0.76356,0.76363,1.37,1.00
2015.01.05 07:25:26.746,0.76354,0.76363,1.37,1.00
2015.01.05 07:25:27.741,0.76354,0.76363,1.37,1.00
2015.01.05 07:25:31.036,0.7636,0.76366,2.10,1.10
2015.01.05 07:25:31.139,0.76365,0.76372,1.50,1.00
2015.01.05 07:25:31.191,0.76367,0.76373,1.00,1.10
2015.01.05 07:25:31.292,0.76369,0.76381,1.00,1.65
2015.01.05 07:25:31.394,0.76367,0.76373,1.00,1.00
2015.01.05 07:25:31.495,0.76364,0.76373,1.00,1.00
2015.01.05 07:25:32.421,0.76364,0.76375,1.50,1.01
2015.01.05 07:25:32.472,0.76367,0.76376,1.00,1.00
2015.01.05 07:25:32.624,0.76367,0.76378,1.00,1.57
2015.01.05 07:25:34.103,0.76367,0.76377,1.87,1.00
2015.01.05 07:25:34.623,0.76367,0.76378,1.87,1.00
2015.01.05 07:25:35.439,0.76369,0.76378,1.00,1.00
2015.01.05 07:25:35.540,0.76367,0.76378,1.87,1.00
2015.01.05 07:25:35.642,0.76371,0.76379,1.00,1.00
2015.01.05 07:25:35.743,0.76371,0.76383,1.57,1.00
2015.01.05 07:25:35.946,0.76374,0.76383,1.00,1.00
2015.01.05 07:25:36.048,0.76372,0.76383,1.10,1.00
2015.01.05 07:25:36.573,0.76371,0.76382,1.07,1.00
2015.01.05 07:25:36.624,0.76371,0.7638,1.07,1.00
2015.01.05 07:25:36.776,0.76368,0.76379,1.10,1.00
2015.01.05 07:25:37.290,0.76368,0.7638,1.00,1.00
2015.01.05 07:25:37.442,0.76368,0.76378,1.50,1.00
2015.01.05 07:25:37.644,0.76368,0.7638,1.00,1.00
2015.01.05 07:25:38.150,0.76368,0.76379,1.00,1.00
2015.01.05 07:25:38.757,0.76369,0.76379,1.00,1.00
2015.01.05 07:25:39.263,0.76366,0.7638,1.87,1.20
2015.01.05 07:25:39.977,0.76367,0.76378,1.12,1.07
2015.01.05 07:25:40.079,0.76364,0.76376,2.62,1.00
2015.01.05 07:25:41.901,0.76364,0.76376,1.50,1.00
2015.01.05 07:25:42.053,0.76366,0.76376,1.00,1.10
2015.01.05 07:25:44.875,0.76366,0.76377,1.00,1.10
2015.01.05 07:25:45.029,0.76367,0.76379,1.00,1.20
2015.01.05 07:25:45.383,0.76369,0.76379,1.00,1.00
2015.01.05 07:25:46.611,0.76367,0.76379,1.00,1.00
2015.01.05 07:25:47.223,0.76367,0.7638,1.00,1.00
2015.01.05 07:25:48.396,0.76368,0.7638,1.00,1.00
2015.01.05 07:25:48.901,0.76369,0.76379,1.00,1.00
2015.01.05 07:25:49.205,0.76367,0.7638,1.10,1.00
2015.01.05 07:25:49.409,0.76369,0.76379,1.00,1.00
2015.01.05 07:25:49.611,0.76369,0.76381,1.00,1.00
2015.01.05 07:25:50.148,0.76368,0.76381,1.00,1.00
2015.01.05 07:25:51.208,0.76369,0.76381,1.00,1.00
2015.01.05 07:25:51.713,0.76368,0.76381,1.00,1.50
2015.01.05 07:25:55.430,0.76369,0.76381,1.00,1.00
2015.01.05 07:25:55.935,0.76368,0.7638,1.12,1.00
2015.01.05 07:25:56.441,0.76368,0.76381,1.12,1.00
2015.01.05 07:25:56.961,0.76368,0.76381,1.12,1.00
2015.01.05 07:25:57.467,0.76369,0.76381,1.00,1.00
2015.01.05 07:25:58.558,0.76369,0.7638,1.00,1.00
2015.01.05 07:26:00.226,0.7637,0.76382,1.00,1.50
2015.01.05 07:26:00.631,0.7637,0.76382,1.55,1.00
2015.01.05 07:26:00.833,0.76375,0.76387,1.37,1.00
2015.01.05 07:26:00.934,0.76378,0.7639,1.00,1.20
2015.01.05 07:26:01.238,0.76379,0.76391,1.00,1.50
2015.01.05 07:26:01.757,0.76378,0.76391,1.00,1.10
2015.01.05 07:26:02.656,0.76378,0.76391,1.07,1.00
2015.01.05 07:26:03.419,0.76377,0.76392,1.72,1.00
2015.01.05 07:26:04.235,0.76377,0.76392,2.47,1.00
2015.01.05 07:26:08.466,0.76377,0.76392,1.95,1.10
2015.01.05 07:26:10.700,0.76376,0.7639,1.87,1.10
2015.01.05 07:26:11.436,0.76376,0.76389,1.87,1.00
2015.01.05 07:26:11.993,0.76376,0.7639,1.87,1.57
2015.01.05 07:26:13.289,0.76376,0.76388,1.50,1.10
2015.01.05 07:26:20.218,0.76376,0.76388,1.00,1.07
2015.01.05 07:26:20.523,0.76367,0.7638,1.00,1.17
2015.01.05 07:26:20.877,0.76365,0.76379,1.00,1.65
2015.01.05 07:26:21.383,0.76365,0.76379,1.00,1.17
2015.01.05 07:26:21.609,0.76367,0.7638,1.00,1.15
2015.01.05 07:26:21.964,0.76367,0.76382,1.50,1.81
2015.01.05 07:26:23.042,0.76367,0.76382,1.50,1.81
2015.01.05 07:26:23.520,0.76367,0.76382,1.50,3.71
2015.01.05 07:26:23.825,0.76366,0.76379,1.00,2.77
2015.01.05 07:26:24.492,0.76363,0.76375,1.62,1.17
2015.01.05 07:26:24.897,0.76361,0.76374,1.00,1.07
2015.01.05 07:26:25.201,0.76358,0.7637,1.00,1.07
2015.01.05 07:26:25.302,0.76356,0.76369,1.00,1.15
2015.01.05 07:26:25.404,0.76356,0.76367,1.00,1.15
2015.01.05 07:26:25.606,0.76356,0.76367,1.00,1.10
2015.01.05 07:26:25.815,0.7636,0.76372,1.47,1.95
2015.01.05 07:26:26.018,0.76371,0.76379,1.00,1.00
2015.01.05 07:26:26.169,0.76371,0.76381,1.00,1.00
2015.01.05 07:26:26.675,0.76372,0.76381,1.00,1.00
2015.01.05 07:26:30.883,0.76372,0.76378,1.00,1.00
2015.01.05 07:26:30.934,0.76369,0.76378,1.47,1.07
2015.01.05 07:26:31.338,0.76365,0.76375,1.87,1.00
2015.01.05 07:26:35.285,0.76362,0.76372,1.00,1.00
2015.01.05 07:26:35.843,0.76362,0.76372,1.37,1.00
2015.01.05 07:26:36.047,0.76364,0.76374,1.37,1.00
2015.01.05 07:26:36.150,0.76364,0.76377,1.47,1.00
2015.01.05 07:26:36.607,0.76366,0.76377,1.37,1.00
2015.01.05 07:26:44.688,0.76371,0.76377,1.00,1.00
2015.01.05 07:26:44.740,0.76371,0.76382,1.07,1.00
2015.01.05 07:26:44.943,0.76373,0.76384,1.17,1.00
2015.01.05 07:26:45.493,0.76377,0.76385,1.10,1.00
2015.01.05 07:26:45.849,0.76378,0.76389,1.45,1.00
2015.01.05 07:26:46.153,0.76384,0.76395,1.07,1.00
2015.01.05 07:26:46.608,0.76388,0.76401,1.00,1.50
2015.01.05 07:26:46.710,0.7639,0.76403,1.00,1.25
2015.01.05 07:26:47.706,0.76391,0.76403,1.00,1.25
2015.01.05 07:26:48.465,0.76391,0.76403,1.00,1.17
2015.01.05 07:26:48.972,0.76389,0.76403,1.37,1.15
2015.01.05 07:26:50.333,0.76389,0.76403,1.37,1.17
2015.01.05 07:26:54.035,0.76388,0.76402,1.37,1.17
2015.01.05 07:26:55.618,0.76388,0.76402,1.37,1.10
2015.01.05 07:26:56.211,0.76388,0.76402,1.37,1.10
2015.01.05 07:26:57.539,0.76388,0.76402,1.37,1.15
2015.01.05 07:26:58.051,0.76388,0.76402,1.37,1.10
2015.01.05 07:26:58.356,0.76388,0.76401,1.37,1.17
2015.01.05 07:26:58.865,0.76388,0.76401,1.37,1.17
2015.01.05 07:26:59.035,0.76388,0.76401,1.00,1.17
2015.01.05 07:26:59.093,0.76386,0.76401,1.65,1.17
2015.01.05 07:26:59.944,0.76386,0.76401,1.65,1.00
2015.01.05 07:27:00.147,0.76388,0.76401,1.17,1.00
2015.01.05 07:27:00.662,0.76388,0.76401,1.10,1.00
2015.01.05 07:27:01.963,0.76386,0.76401,1.50,1.20
2015.01.05 07:27:02.064,0.76386,0.764,1.00,1.27
2015.01.05 07:27:02.418,0.76385,0.76394,1.25,1.00
2015.01.05 07:27:06.299,0.76385,0.76394,1.00,1.07
2015.01.05 07:27:06.806,0.76385,0.76394,1.00,1.10
2015.01.05 07:27:09.579,0.76385,0.76394,1.00,1.07
2015.01.05 07:27:10.130,0.76385,0.76394,1.00,1.00
2015.01.05 07:27:22.301,0.76385,0.76396,1.00,1.00
2015.01.05 07:27:22.352,0.76386,0.76398,1.00,1.10
2015.01.05 07:27:31.190,0.76386,0.76399,1.07,1.00
2015.01.05 07:27:33.113,0.76386,0.76399,1.20,1.00
2015.01.05 07:27:35.565,0.76391,0.76399,1.00,1.00
2015.01.05 07:27:36.451,0.76387,0.764,3.15,1.00
2015.01.05 07:27:36.503,0.76387,0.764,1.10,1.00
2015.01.05 07:27:36.908,0.76385,0.764,1.84,1.00
2015.01.05 07:27:37.610,0.76385,0.764,1.76,1.00
2015.01.05 07:27:38.145,0.76385,0.764,1.65,1.00
2015.01.05 07:27:38.655,0.76385,0.764,1.65,1.00
2015.01.05 07:27:38.706,0.76385,0.764,1.65,1.00
2015.01.05 07:27:38.943,0.76385,0.764,1.65,1.00
2015.01.05 07:27:39.587,0.76385,0.764,1.15,1.00
2015.01.05 07:27:41.254,0.76385,0.764,1.65,1.00
2015.01.05 07:27:41.804,0.76385,0.764,1.65,1.00
2015.01.05 07:27:44.326,0.76385,0.764,1.65,1.00
2015.01.05 07:27:44.833,0.76385,0.764,1.65,1.00
2015.01.05 07:27:46.135,0.76392,0.76401,1.00,1.50
2015.01.05 07:27:53.074,0.76393,0.76401,1.00,1.00
2015.01.05 07:27:54.124,0.76393,0.76402,1.10,1.00
2015.01.05 07:28:01.404,0.76393,0.76402,1.37,1.00
2015.01.05 07:28:01.735,0.76393,0.76402,1.00,1.00
2015.01.05 07:28:05.101,0.76394,0.76402,1.00,1.00
2015.01.05 07:28:05.152,0.76394,0.76404,1.00,1.00
2015.01.05 07:28:05.254,0.76394,0.76406,1.00,1.50
2015.01.05 07:28:05.769,0.76393,0.76406,1.00,1.50
2015.01.05 07:28:06.273,0.76394,0.76406,1.00,1.50
2015.01.05 07:28:11.522,0.76394,0.76406,1.37,1.50
2015.01.05 07:28:12.692,0.76403,0.76408,1.00,1.50
2015.01.05 07:28:13.104,0.76405,0.7641,1.00,1.00
2015.01.05 07:28:14.229,0.76406,0.7641,1.00,1.00
2015.01.05 07:28:14.382,0.76406,0.76415,1.12,1.27
2015.01.05 07:28:14.487,0.76408,0.76419,1.00,1.20
2015.01.05 07:28:14.590,0.76408,0.76422,1.00,1.31
2015.01.05 07:28:15.103,0.76408,0.76422,1.00,1.00
2015.01.05 07:28:15.255,0.76408,0.76422,1.00,1.17
2015.01.05 07:28:18.254,0.76408,0.7642,1.37,1.00
2015.01.05 07:28:20.573,0.76407,0.76421,2.77,1.50
2015.01.05 07:28:28.108,0.76407,0.7642,2.02,1.00
2015.01.05 07:28:28.418,0.76407,0.76418,1.87,1.00
2015.01.05 07:28:33.504,0.76407,0.76418,1.87,1.17
2015.01.05 07:28:42.213,0.76407,0.76417,1.37,1.10
2015.01.05 07:28:42.752,0.76407,0.76417,1.37,1.17
2015.01.05 07:28:43.319,0.76407,0.76417,1.37,1.17
2015.01.05 07:28:43.624,0.76407,0.76416,1.37,1.15
2015.01.05 07:28:44.333,0.76407,0.76416,1.37,1.17
2015.01.05 07:28:45.550,0.76407,0.76416,1.37,1.00
2015.01.05 07:28:47.940,0.76407,0.76418,1.87,1.57
2015.01.05 07:28:59.276,0.76409,0.76418,1.37,1.15
2015.01.05 07:28:59.781,0.76407,0.76418,1.87,1.15
2015.01.05 07:29:00.388,0.76407,0.76418,1.87,1.17
2015.01.05 07:29:01.760,0.76407,0.76418,1.50,1.17
2015.01.05 07:29:19.726,0.76407,0.76418,1.50,1.17
2015.01.05 07:29:19.828,0.76407,0.76418,1.50,1.15
2015.01.05 07:29:24.561,0.76407,0.76418,1.50,1.17
2015.01.05 07:29:30.568,0.76407,0.76418,1.00,1.65
2015.01.05 07:29:30.669,0.76405,0.76418,1.50,1.65
2015.01.05 07:29:33.464,0.76408,0.76418,1.00,1.15
2015.01.05 07:29:33.515,0.76411,0.76424,1.10,1.00
2015.01.05 07:29:34.020,0.76412,0.76423,1.00,1.00
2015.01.05 07:29:35.516,0.76412,0.76423,1.00,1.57
2015.01.05 07:29:36.104,0.76412,0.76423,1.00,1.50
2015.01.05 07:29:43.193,0.76412,0.76423,1.00,1.65
2015.01.05 07:29:43.600,0.76409,0.76422,1.47,1.65
2015.01.05 07:29:43.702,0.76409,0.76422,1.20,1.65
2015.01.05 07:29:44.107,0.76409,0.76422,1.10,1.65
2015.01.05 07:29:44.615,0.76409,0.7642,1.10,1.17
2015.01.05 07:29:44.918,0.76409,0.7642,1.10,1.15
2015.01.05 07:29:45.871,0.764,0.7641,1.75,1.65
2015.01.05 07:29:46.074,0.76398,0.7641,1.12,1.17
2015.01.05 07:29:46.175,0.76397,0.76404,1.50,1.00
2015.01.05 07:29:46.277,0.76394,0.76404,1.12,1.10
2015.01.05 07:29:46.379,0.76393,0.76404,1.87,1.17
2015.01.05 07:29:46.582,0.76393,0.76403,1.10,1.15
2015.01.05 07:29:47.138,0.7639,0.76403,3.00,1.00
2015.01.05 07:29:47.710,0.7639,0.76404,3.00,1.12
2015.01.05 07:29:48.215,0.76394,0.76404,1.00,1.00
2015.01.05 07:29:51.530,0.76394,0.76404,1.17,1.00
2015.01.05 07:29:51.581,0.76395,0.76407,1.20,1.00
2015.01.05 07:29:51.783,0.76395,0.76407,1.65,1.00
2015.01.05 07:29:53.448,0.76395,0.76407,1.50,1.00
2015.01.05 07:29:53.903,0.76393,0.76405,1.65,1.00
2015.01.05 07:29:53.954,0.76392,0.76405,2.14,1.00
2015.01.05 07:29:54.106,0.76391,0.76405,1.85,1.65
2015.01.05 07:29:54.309,0.76394,0.76407,1.00,1.07
2015.01.05 07:29:54.851,0.76394,0.76407,1.20,1.07
2015.01.05 07:29:56.694,0.76393,0.76407,1.50,1.20
2015.01.05 07:29:56.846,0.7639,0.76405,2.89,1.17
2015.01.05 07:29:56.998,0.76389,0.76404,1.37,1.65
2015.01.05 07:29:57.150,0.76388,0.76402,1.01,1.65
2015.01.05 07:29:57.505,0.76385,0.764,1.01,1.65
2015.01.05 07:29:58.124,0.76385,0.76398,1.20,1.50
2015.01.05 07:30:00.020,0.76385,0.76399,1.35,1.87
2015.01.05 07:30:00.563,0.76386,0.76401,1.65,1.87
2015.01.05 07:30:00.867,0.76386,0.76398,1.57,1.00
2015.01.05 07:30:01.120,0.76386,0.76398,1.00,1.20
2015.01.05 07:30:02.670,0.76386,0.76398,1.00,1.00
2015.01.05 07:30:02.720,0.76386,0.76398,1.15,1.00
2015.01.05 07:30:04.604,0.76386,0.76398,1.37,1.00
2015.01.05 07:30:08.994,0.76385,0.76398,2.10,1.00
2015.01.05 07:30:09.045,0.76388,0.76402,1.10,1.25
2015.01.05 07:30:09.096,0.7639,0.76402,2.25,1.25
2015.01.05 07:30:09.400,0.76398,0.76408,1.00,2.25
2015.01.05 07:30:09.450,0.76398,0.76405,1.00,1.00
2015.01.05 07:30:09.501,0.76392,0.76405,1.65,1.00
2015.01.05 07:30:09.552,0.76392,0.76403,1.57,1.00
2015.01.05 07:30:09.706,0.76392,0.76405,1.10,1.00
2015.01.05 07:30:10.417,0.76392,0.76403,1.07,1.00
2015.01.05 07:30:10.923,0.76394,0.76404,1.00,1.00
2015.01.05 07:30:11.177,0.76394,0.76406,1.07,1.25
2015.01.05 07:30:11.827,0.76394,0.76406,1.07,1.25
2015.01.05 07:30:12.335,0.76396,0.76407,1.15,1.00
2015.01.05 07:30:12.804,0.76396,0.76407,1.15,1.00
2015.01.05 07:30:13.321,0.76398,0.76408,1.17,1.00
2015.01.05 07:30:15.315,0.76398,0.76408,1.20,1.00
2015.01.05 07:30:15.619,0.76398,0.76406,1.20,1.00
2015.01.05 07:30:16.736,0.76398,0.76406,1.07,1.00
2015.01.05 07:30:17.408,0.764,0.76406,1.00,1.00
2015.01.05 07:30:17.562,0.764,0.7641,1.10,1.00
2015.01.05 07:30:17.613,0.76401,0.7641,1.07,1.00
2015.01.05 07:30:17.816,0.76402,0.76414,1.15,1.10
2015.01.05 07:30:17.968,0.76405,0.76416,1.17,1.00
2015.01.05 07:30:18.018,0.76407,0.76416,1.07,1.00
2015.01.05 07:30:18.069,0.76407,0.76418,1.17,1.25
2015.01.05 07:30:18.322,0.76408,0.7642,1.17,1.00
2015.01.05 07:30:18.524,0.76411,0.76422,1.07,1.69
2015.01.05 07:30:18.727,0.76412,0.76425,1.65,2.44
2015.01.05 07:30:19.232,0.76412,0.76425,1.65,1.00
2015.01.05 07:30:19.761,0.76414,0.76427,1.17,1.19
2015.01.05 07:30:20.406,0.76414,0.76427,1.17,1.00
2015.01.05 07:30:21.064,0.76414,0.76427,1.00,1.00
2015.01.05 07:30:21.575,0.76414,0.76427,1.17,1.12
2015.01.05 07:30:21.888,0.76414,0.76428,1.15,1.25
2015.01.05 07:30:23.116,0.76417,0.76429,1.00,1.69
2015.01.05 07:30:23.624,0.76417,0.76429,1.17,1.25
2015.01.05 07:30:24.134,0.76417,0.76429,1.00,1.19
2015.01.05 07:30:25.126,0.76417,0.76429,1.00,1.00
2015.01.05 07:30:27.722,0.76413,0.76425,1.10,1.00
2015.01.05 07:30:28.331,0.76413,0.76428,1.10,2.21
2015.01.05 07:30:28.942,0.76413,0.76428,1.10,2.21
2015.01.05 07:30:30.071,0.76413,0.76426,1.10,1.25
2015.01.05 07:30:30.941,0.7641,0.76423,1.62,1.00
2015.01.05 07:30:31.144,0.76408,0.76423,1.65,1.00
2015.01.05 07:30:31.863,0.76408,0.76423,1.65,1.00
2015.01.05 07:30:32.016,0.76408,0.76423,1.10,1.01
2015.01.05 07:30:33.049,0.76408,0.76423,1.10,2.14
2015.01.05 07:30:33.461,0.76407,0.76421,1.00,1.95
2015.01.05 07:30:34.028,0.76403,0.76417,1.84,1.00
2015.01.05 07:30:34.332,0.76403,0.76415,1.00,1.00
2015.01.05 07:30:34.586,0.76403,0.76417,1.17,1.00
2015.01.05 07:30:34.891,0.76405,0.76419,1.12,1.00
2015.01.05 07:30:35.713,0.76407,0.76419,1.00,1.00
2015.01.05 07:30:38.032,0.7641,0.76419,1.00,1.00
2015.01.05 07:30:38.544,0.7641,0.7642,1.00,1.00
2015.01.05 07:30:43.264,0.76407,0.7642,1.57,1.00
2015.01.05 07:30:43.365,0.76407,0.76418,1.00,1.00
2015.01.05 07:30:44.155,0.76405,0.76418,1.65,1.00
2015.01.05 07:30:45.783,0.76403,0.76416,2.40,1.00
2015.01.05 07:30:46.234,0.76403,0.76416,1.72,1.00
2015.01.05 07:30:46.778,0.76403,0.76416,1.72,1.00
2015.01.05 07:30:47.324,0.76403,0.76416,2.02,1.00
2015.01.05 07:30:47.942,0.76406,0.76417,1.00,1.00
2015.01.05 07:30:52.452,0.76405,0.76416,1.10,1.00
2015.01.05 07:30:52.504,0.76403,0.76416,1.57,1.00
2015.01.05 07:30:55.051,0.76403,0.76416,2.32,1.00
2015.01.05 07:30:55.567,0.76403,0.76416,2.62,1.00
2015.01.05 07:30:56.494,0.76405,0.76418,1.10,1.50
2015.01.05 07:30:57.019,0.76405,0.76418,1.27,1.00
2015.01.05 07:30:58.302,0.76405,0.76418,1.20,1.00
2015.01.05 07:30:58.766,0.76405,0.76418,1.95,1.00
2015.01.05 07:30:59.313,0.76405,0.76418,1.27,1.00
2015.01.05 07:30:59.621,0.76405,0.76418,1.95,1.00
2015.01.05 07:31:00.348,0.76405,0.76418,1.10,1.00
2015.01.05 07:31:00.551,0.76405,0.76418,1.50,1.00
2015.01.05 07:31:00.957,0.76405,0.76418,1.10,1.00
2015.01.05 07:31:01.502,0.76405,0.76418,1.20,1.00
2015.01.05 07:31:02.007,0.76405,0.76418,1.10,1.00
2015.01.05 07:31:02.933,0.76405,0.76418,1.35,1.00
2015.01.05 07:31:09.125,0.76404,0.76417,1.47,1.00
2015.01.05 07:31:09.227,0.76404,0.76417,1.10,1.00
2015.01.05 07:31:10.788,0.76403,0.76414,1.00,1.00
2015.01.05 07:31:11.433,0.76403,0.76416,1.87,1.00
2015.01.05 07:31:11.484,0.76406,0.76416,1.00,1.00
2015.01.05 07:31:11.637,0.7641,0.76422,1.00,1.10
2015.01.05 07:31:11.840,0.7641,0.76422,1.55,1.00
2015.01.05 07:31:12.646,0.76412,0.76423,1.10,1.00
2015.01.05 07:31:22.618,0.76412,0.76423,1.00,2.02
2015.01.05 07:31:22.923,0.76407,0.76416,1.37,1.00
2015.01.05 07:31:23.076,0.76409,0.76422,1.37,1.10
2015.01.05 07:31:23.597,0.7641,0.76423,1.37,1.00
2015.01.05 07:31:23.850,0.7641,0.76423,1.12,1.00
2015.01.05 07:31:24.356,0.76409,0.76422,1.37,1.00
2015.01.05 07:31:31.832,0.76409,0.76422,1.00,1.10
2015.01.05 07:31:35.295,0.76408,0.76419,1.00,1.00
2015.01.05 07:31:49.599,0.76409,0.76422,1.00,1.50
2015.01.05 07:31:50.109,0.76413,0.76425,1.00,1.10
2015.01.05 07:31:50.617,0.76413,0.76426,1.00,2.14
2015.01.05 07:31:50.922,0.76412,0.76423,1.00,1.00
2015.01.05 07:31:51.129,0.76413,0.76426,1.00,1.57
2015.01.05 07:32:02.550,0.76412,0.76424,1.00,1.00
2015.01.05 07:32:03.061,0.76411,0.76424,1.50,1.00
2015.01.05 07:32:04.455,0.76412,0.76425,1.00,2.25
2015.01.05 07:32:05.788,0.76411,0.76424,1.50,1.00
2015.01.05 07:32:07.155,0.76409,0.76422,1.50,1.00
2015.01.05 07:32:08.621,0.7641,0.76422,1.00,1.00
2015.01.05 07:32:12.414,0.76409,0.76422,1.50,1.00
2015.01.05 07:32:14.152,0.7641,0.76423,1.00,1.50
2015.01.05 07:32:15.779,0.76409,0.76422,1.50,1.00
2015.01.05 07:32:16.628,0.7641,0.76423,1.00,1.50
2015.01.05 07:32:17.452,0.7641,0.76421,1.00,1.00
2015.01.05 07:32:17.655,0.7641,0.76423,1.50,1.00
2015.01.05 07:32:21.461,0.76412,0.76423,1.10,1.00
2015.01.05 07:32:21.714,0.76413,0.76426,1.00,1.00
2015.01.05 07:32:23.048,0.76412,0.76425,1.50,1.10
2015.01.05 07:32:23.503,0.76411,0.76423,1.10,1.00
2015.01.05 07:32:24.238,0.76411,0.76423,1.17,1.00
2015.01.05 07:32:24.744,0.76411,0.76423,1.10,1.00
2015.01.05 07:32:25.800,0.76412,0.76425,1.00,1.50
2015.01.05 07:32:28.202,0.7641,0.76423,1.57,1.00
2015.01.05 07:32:28.708,0.7641,0.76423,1.50,1.20
2015.01.05 07:32:29.183,0.76408,0.76421,1.00,1.00
2015.01.05 07:32:29.488,0.76408,0.76421,1.00,1.65
2015.01.05 07:32:29.539,0.76406,0.76419,1.00,1.17
2015.01.05 07:32:29.691,0.76404,0.76417,1.00,1.00
2015.01.05 07:32:29.742,0.76404,0.76417,1.00,1.15
2015.01.05 07:32:29.945,0.76405,0.76417,1.00,1.20
2015.01.05 07:32:29.996,0.76407,0.7642,1.50,1.25
2015.01.05 07:32:30.047,0.76407,0.7642,1.50,1.00
2015.01.05 07:32:30.099,0.76409,0.7642,1.00,1.00
2015.01.05 07:32:30.200,0.76409,0.76422,2.32,1.00
2015.01.05 07:32:38.664,0.76411,0.76422,1.00,1.00
2015.01.05 07:32:38.766,0.76412,0.76425,1.00,1.00
2015.01.05 07:32:38.867,0.76412,0.76425,1.57,1.00
2015.01.05 07:32:39.517,0.76412,0.76425,1.57,1.00
2015.01.05 07:32:41.892,0.76412,0.76425,1.65,1.00
2015.01.05 07:32:42.209,0.76414,0.76427,1.00,1.12
2015.01.05 07:32:42.732,0.76416,0.76429,1.00,1.37
2015.01.05 07:32:43.972,0.76416,0.76429,1.00,1.12
2015.01.05 07:32:49.085,0.76416,0.76429,1.00,3.07
2015.01.05 07:32:49.136,0.76414,0.76427,1.00,1.10
2015.01.05 07:32:49.288,0.76414,0.76425,1.00,1.00
2015.01.05 07:32:49.642,0.76412,0.76423,1.00,1.00
2015.01.05 07:32:50.699,0.7641,0.76423,1.10,1.00
2015.01.05 07:32:55.195,0.7641,0.76423,1.07,1.00
2015.01.05 07:32:58.527,0.76411,0.76423,1.07,1.00
2015.01.05 07:32:58.578,0.76413,0.76425,1.10,1.00
2015.01.05 07:32:58.983,0.76414,0.76427,1.50,1.31
2015.01.05 07:32:59.530,0.76414,0.76427,1.57,1.12
2015.01.05 07:32:59.733,0.76414,0.76427,1.72,1.12
2015.01.05 07:33:00.062,0.76415,0.76427,1.10,1.12
2015.01.05 07:33:00.623,0.76415,0.76427,1.07,1.12
2015.01.05 07:33:01.642,0.76415,0.76427,1.17,1.12
2015.01.05 07:33:02.534,0.76415,0.76427,1.20,1.12
2015.01.05 07:33:03.042,0.76415,0.76427,1.27,1.12
2015.01.05 07:33:04.375,0.76415,0.76427,1.00,1.12
2015.01.05 07:33:09.866,0.76415,0.76427,1.07,1.12
2015.01.05 07:33:12.709,0.76415,0.76427,1.00,1.12
2015.01.05 07:33:13.214,0.76414,0.76427,1.00,1.27
2015.01.05 07:33:20.922,0.76414,0.76427,1.00,2.70
2015.01.05 07:33:21.790,0.76414,0.76427,1.00,3.37
2015.01.05 07:33:23.637,0.76414,0.76427,1.00,3.30
2015.01.05 07:33:24.244,0.76414,0.76427,1.00,3.37
2015.01.05 07:33:26.511,0.76413,0.76424,1.00,1.00
2015.01.05 07:33:31.092,0.76413,0.76424,1.00,1.15
2015.01.05 07:33:32.992,0.76413,0.76424,1.00,1.00
2015.01.05 07:33:34.673,0.76413,0.76424,1.00,1.57
2015.01.05 07:33:35.319,0.76413,0.76424,1.00,1.50
2015.01.05 07:33:35.420,0.76411,0.76423,1.00,1.00
2015.01.05 07:33:35.926,0.7641,0.76423,1.00,1.50
2015.01.05 07:33:37.195,0.76412,0.76423,1.00,1.50
2015.01.05 07:33:37.297,0.76413,0.76426,1.00,1.50
2015.01.05 07:33:38.377,0.76413,0.76426,1.07,1.00
2015.01.05 07:33:38.869,0.76413,0.76424,1.00,1.00
2015.01.05 07:33:38.971,0.76411,0.76424,1.27,1.57
2015.01.05 07:33:39.173,0.76409,0.76422,1.20,1.00
2015.01.05 07:33:45.911,0.76411,0.76422,1.10,1.00
2015.01.05 07:33:45.962,0.76411,0.76424,1.57,1.50
2015.01.05 07:33:46.468,0.76411,0.76424,2.02,1.00
2015.01.05 07:33:48.370,0.76411,0.76424,1.65,1.00
2015.01.05 07:33:55.141,0.76411,0.76424,1.65,1.07
2015.01.05 07:33:55.242,0.7641,0.76422,1.50,1.15
2015.01.05 07:33:55.773,0.76408,0.76421,1.66,1.17
2015.01.05 07:33:57.023,0.76408,0.76421,1.00,1.17
2015.01.05 07:33:57.388,0.76409,0.76421,1.95,1.00
2015.01.05 07:33:57.894,0.76409,0.76422,2.25,1.00
2015.01.05 07:33:58.401,0.76409,0.76422,1.50,1.00
2015.01.05 07:33:59.738,0.76411,0.76423,1.20,1.10
2015.01.05 07:34:00.142,0.76411,0.76424,1.10,1.65
2015.01.05 07:34:00.395,0.76407,0.7642,1.57,1.17
2015.01.05 07:34:01.030,0.76406,0.76419,1.20,1.17
2015.01.05 07:34:01.569,0.76406,0.76419,1.10,1.17
2015.01.05 07:34:02.085,0.76406,0.76419,1.10,1.20
2015.01.05 07:34:02.579,0.76406,0.76419,1.87,1.10
2015.01.05 07:34:06.533,0.76406,0.76419,2.70,1.00
2015.01.05 07:34:14.654,0.76406,0.76419,2.25,1.00
2015.01.05 07:34:20.503,0.76406,0.76419,2.25,1.57
2015.01.05 07:34:21.973,0.76406,0.76419,2.32,1.57
2015.01.05 07:34:29.733,0.76405,0.76417,1.00,1.10
2015.01.05 07:34:33.163,0.76405,0.76415,1.00,1.00
2015.01.05 07:34:33.265,0.76403,0.76415,1.00,1.10
2015.01.05 07:34:34.867,0.76403,0.76415,1.00,1.17
2015.01.05 07:34:36.918,0.76406,0.76418,1.00,2.02
2015.01.05 07:34:36.969,0.76406,0.76418,1.00,2.02
2015.01.05 07:34:37.020,0.76406,0.76418,1.00,1.57
2015.01.05 07:34:42.201,0.76406,0.76418,1.00,1.15
2015.01.05 07:34:42.600,0.76406,0.76418,1.00,3.75
2015.01.05 07:34:42.751,0.76404,0.76414,1.00,1.47
2015.01.05 07:34:43.380,0.76404,0.76416,1.00,2.77
2015.01.05 07:34:43.583,0.76405,0.76417,1.00,1.00
2015.01.05 07:34:43.736,0.76407,0.76419,1.00,1.20
2015.01.05 07:34:44.040,0.76407,0.76419,1.00,1.17
2015.01.05 07:34:45.620,0.76407,0.76419,1.00,1.55
2015.01.05 07:34:46.665,0.76403,0.76413,1.12,1.65
2015.01.05 07:34:46.719,0.76397,0.76408,1.50,1.00
2015.01.05 07:34:47.994,0.76397,0.76408,1.87,1.00
2015.01.05 07:34:48.507,0.76399,0.76409,1.00,1.00
2015.01.05 07:34:50.312,0.76399,0.76409,3.60,1.00
2015.01.05 07:34:50.465,0.76406,0.76416,1.10,1.50
2015.01.05 07:34:50.566,0.76406,0.76416,1.17,1.00
2015.01.05 07:34:50.668,0.76408,0.76418,1.00,1.00
2015.01.05 07:34:51.325,0.76409,0.76421,1.00,1.95
2015.01.05 07:34:51.832,0.76409,0.76421,1.00,1.50
2015.01.05 07:34:52.513,0.76409,0.76421,1.00,1.65
2015.01.05 07:34:52.920,0.76408,0.76418,1.00,1.00
2015.01.05 07:34:52.971,0.76405,0.76417,1.00,1.10
2015.01.05 07:34:53.477,0.76404,0.76416,1.00,1.50
2015.01.05 07:34:53.831,0.76402,0.76414,1.50,1.10
2015.01.05 07:34:54.642,0.76402,0.76414,1.12,1.27
2015.01.05 07:34:54.968,0.76408,0.76418,1.00,1.10
2015.01.05 07:34:59.001,0.76408,0.7642,1.20,1.00
2015.01.05 07:35:05.031,0.76409,0.7642,1.60,1.00
2015.01.05 07:35:05.082,0.76413,0.76425,1.00,1.72
2015.01.05 07:35:05.183,0.76416,0.76428,1.00,1.76
2015.01.05 07:35:05.639,0.76414,0.76426,1.10,1.35
2015.01.05 07:35:06.811,0.76409,0.7642,1.12,1.00
2015.01.05 07:35:06.963,0.76406,0.76418,2.59,1.00
2015.01.05 07:35:07.065,0.76408,0.7642,1.10,1.00
2015.01.05 07:35:07.469,0.7641,0.7642,1.20,1.00
2015.01.05 07:35:07.729,0.7641,0.76422,1.65,1.00
2015.01.05 07:35:07.831,0.76409,0.76419,1.20,1.00
2015.01.05 07:35:08.832,0.76408,0.7642,1.07,1.00
2015.01.05 07:35:09.338,0.76409,0.7642,1.57,1.00
2015.01.05 07:35:16.414,0.76411,0.76421,1.87,1.00
2015.01.05 07:35:23.335,0.76411,0.76421,1.87,1.00
2015.01.05 07:35:25.118,0.76411,0.76421,2.25,1.00
2015.01.05 07:35:33.773,0.76411,0.76421,1.00,1.00
2015.01.05 07:35:36.862,0.76412,0.76424,1.95,1.00
2015.01.05 07:35:36.964,0.76415,0.76427,1.00,1.25
2015.01.05 07:35:43.286,0.76412,0.76424,1.00,1.00
2015.01.05 07:35:45.349,0.76412,0.76424,1.00,1.07
2015.01.05 07:35:45.451,0.7641,0.76422,1.95,1.00
2015.01.05 07:35:46.146,0.7641,0.76422,1.37,1.00
2015.01.05 07:35:48.896,0.7641,0.76422,1.12,1.00
2015.01.05 07:35:49.218,0.76411,0.76423,1.07,1.00
2015.01.05 07:35:53.238,0.76411,0.76423,1.00,1.00
2015.01.05 07:36:04.160,0.7641,0.76421,1.27,1.12
2015.01.05 07:36:04.465,0.76408,0.76418,1.00,1.00
2015.01.05 07:36:05.379,0.76405,0.76416,1.10,1.00
2015.01.05 07:36:05.784,0.76406,0.76418,1.00,1.50
2015.01.05 07:36:06.313,0.76406,0.76416,1.00,1.00
2015.01.05 07:36:06.465,0.76404,0.76416,1.95,1.00
2015.01.05 07:36:06.567,0.76404,0.76416,2.77,1.00
2015.01.05 07:36:06.668,0.76406,0.76418,1.00,1.00
2015.01.05 07:36:06.929,0.76406,0.76418,1.15,1.00
2015.01.05 07:36:07.489,0.76408,0.7642,1.20,1.00
2015.01.05 07:36:12.186,0.76409,0.76421,1.10,1.00
2015.01.05 07:36:12.475,0.76411,0.76421,1.20,1.00
2015.01.05 07:36:12.526,0.76413,0.76424,1.00,1.10
2015.01.05 07:36:12.629,0.76415,0.76427,1.00,1.00
2015.01.05 07:36:13.138,0.76415,0.76427,1.65,1.00
2015.01.05 07:36:19.875,0.76413,0.76425,1.00,1.00
2015.01.05 07:36:20.291,0.76415,0.76427,1.00,1.50
2015.01.05 07:36:30.874,0.76411,0.76423,1.20,1.00
2015.01.05 07:36:31.389,0.76411,0.76423,1.00,1.10
2015.01.05 07:36:32.670,0.76411,0.76423,1.00,1.57
2015.01.05 07:36:33.136,0.76408,0.7642,1.20,1.00
2015.01.05 07:36:53.805,0.76412,0.76421,1.00,1.00
2015.01.05 07:36:54.261,0.76413,0.76425,1.00,1.69
2015.01.05 07:36:56.866,0.76415,0.76427,1.00,1.50
2015.01.05 07:37:07.237,0.76417,0.76427,1.00,1.00
2015.01.05 07:37:07.761,0.76417,0.76428,1.00,1.35
2015.01.05 07:37:08.088,0.76418,0.76428,1.17,1.00
2015.01.05 07:37:12.738,0.76418,0.76428,1.20,1.35
2015.01.05 07:37:15.678,0.76418,0.76429,1.20,2.10
2015.01.05 07:37:18.208,0.76418,0.7643,1.20,2.10
2015.01.05 07:37:18.681,0.7642,0.76432,1.10,1.25
2015.01.05 07:37:18.986,0.76421,0.76433,1.07,1.00
2015.01.05 07:37:19.241,0.76421,0.76435,1.07,1.50
2015.01.05 07:37:19.759,0.76421,0.76435,1.10,1.50
2015.01.05 07:37:24.672,0.76421,0.76435,1.07,1.00
2015.01.05 07:37:24.975,0.76425,0.76436,1.00,1.00
2015.01.05 07:37:25.993,0.76424,0.76436,1.00,1.50
2015.01.05 07:37:26.450,0.76423,0.76434,1.00,1.00
2015.01.05 07:37:26.957,0.76423,0.76433,1.00,1.00
2015.01.05 07:37:27.769,0.76423,0.76431,1.00,1.00
2015.01.05 07:37:43.840,0.76423,0.76432,1.00,1.00
2015.01.05 07:37:45.960,0.76422,0.76432,1.00,1.00
2015.01.05 07:37:56.460,0.76424,0.76432,1.00,1.00
2015.01.05 07:37:56.860,0.7642,0.76432,1.50,1.00
2015.01.05 07:37:58.277,0.76423,0.76432,1.00,1.00
2015.01.05 07:38:01.097,0.76421,0.76432,1.00,1.00
2015.01.05 07:38:06.796,0.7642,0.76432,1.00,1.00
2015.01.05 07:38:10.641,0.7642,0.7643,1.00,1.00
2015.01.05 07:38:10.692,0.76418,0.7643,1.00,1.00
2015.01.05 07:38:10.744,0.76418,0.76428,1.00,1.00
2015.01.05 07:38:11.150,0.76416,0.76428,1.00,1.10
2015.01.05 07:38:11.366,0.76416,0.76426,1.00,1.00
2015.01.05 07:38:12.026,0.76416,0.76428,1.00,1.00
2015.01.05 07:38:13.764,0.76416,0.76428,1.00,1.07
2015.01.05 07:38:15.115,0.76416,0.76428,1.00,1.00
2015.01.05 07:38:15.876,0.76416,0.76429,1.10,1.00
2015.01.05 07:38:15.979,0.7642,0.7643,1.00,1.00
2015.01.05 07:38:23.387,0.7642,0.76429,1.00,1.00
2015.01.05 07:38:23.792,0.76421,0.76431,1.00,1.00
2015.01.05 07:38:24.298,0.76421,0.76432,1.00,1.00
2015.01.05 07:38:28.097,0.76421,0.7643,1.00,1.00
2015.01.05 07:38:28.199,0.76419,0.7643,1.00,1.00
2015.01.05 07:38:31.983,0.76419,0.76432,1.10,1.50
2015.01.05 07:38:32.136,0.76421,0.76432,1.00,1.00
2015.01.05 07:38:33.376,0.76419,0.76431,1.00,1.00
2015.01.05 07:38:34.141,0.76417,0.7643,1.10,2.25
2015.01.05 07:38:34.660,0.76418,0.76429,1.00,1.00
2015.01.05 07:38:38.189,0.76416,0.76428,1.50,1.00
2015.01.05 07:38:38.290,0.76415,0.76428,1.20,1.00
2015.01.05 07:38:39.706,0.76415,0.76428,1.00,1.50
2015.01.05 07:38:43.423,0.76415,0.76427,1.00,1.00
2015.01.05 07:38:43.929,0.76415,0.76428,1.00,1.50
2015.01.05 07:38:45.104,0.76414,0.76427,1.00,1.00
2015.01.05 07:38:54.204,0.76414,0.76427,1.12,1.00
2015.01.05 07:38:54.731,0.76414,0.76427,1.00,1.00
2015.01.05 07:39:04.050,0.76414,0.76427,1.50,1.50
2015.01.05 07:39:04.745,0.76414,0.76427,1.50,1.00
2015.01.05 07:39:04.847,0.76414,0.76427,1.10,1.00
2015.01.05 07:39:06.107,0.76413,0.76425,1.95,1.00
2015.01.05 07:39:13.931,0.76415,0.76427,1.00,1.50
2015.01.05 07:39:31.218,0.76414,0.76423,1.00,1.00
2015.01.05 07:39:31.758,0.76413,0.76423,1.00,1.00
2015.01.05 07:39:31.987,0.76414,0.76426,1.00,1.50
2015.01.05 07:39:49.562,0.76413,0.76425,1.00,1.00
2015.01.05 07:39:51.243,0.76414,0.76426,1.00,1.00
2015.01.05 07:39:51.345,0.76416,0.76428,1.00,1.00
2015.01.05 07:39:51.648,0.76419,0.76431,1.00,1.00
2015.01.05 07:39:51.953,0.76422,0.76434,1.50,1.00
2015.01.05 07:39:52.256,0.76424,0.76434,1.00,1.00
2015.01.05 07:39:53.370,0.76424,0.76435,1.50,1.00
2015.01.05 07:39:54.132,0.76424,0.76436,1.50,1.00
2015.01.05 07:39:58.608,0.76426,0.76436,1.00,1.00
2015.01.05 07:40:17.620,0.76428,0.76437,1.00,1.00
2015.01.05 07:40:30.931,0.7643,0.76437,1.00,1.00
2015.01.05 07:40:31.083,0.7643,0.7644,1.00,2.44
2015.01.05 07:40:31.387,0.7643,0.76442,1.00,1.00
2015.01.05 07:40:31.841,0.76434,0.76446,1.00,1.57
2015.01.05 07:40:32.145,0.76436,0.76445,1.00,1.00
2015.01.05 07:40:35.691,0.76434,0.76445,1.10,1.00
2015.01.05 07:40:38.418,0.76432,0.76441,1.15,1.00
2015.01.05 07:40:38.519,0.7643,0.7644,1.57,1.00
2015.01.05 07:40:40.212,0.76429,0.76441,1.45,1.00
2015.01.05 07:40:40.364,0.7643,0.76442,3.45,1.00
2015.01.05 07:40:40.415,0.76434,0.76444,1.17,1.00
2015.01.05 07:40:43.544,0.76434,0.7644,1.00,1.00
2015.01.05 07:40:43.596,0.7643,0.7644,1.25,1.50
2015.01.05 07:40:43.698,0.7643,0.76439,1.00,1.00
2015.01.05 07:40:45.885,0.7643,0.76441,1.00,1.00
2015.01.05 07:40:46.239,0.76432,0.76442,1.00,1.00
2015.01.05 07:40:49.393,0.76432,0.76442,1.07,1.00
2015.01.05 07:40:49.702,0.76434,0.7644,1.10,1.00
2015.01.05 07:40:50.306,0.76437,0.76446,1.17,1.00
2015.01.05 07:41:00.042,0.76438,0.76446,1.07,1.00
2015.01.05 07:41:00.630,0.76439,0.76447,1.10,1.12
2015.01.05 07:41:01.220,0.76439,0.76445,1.00,1.00
2015.01.05 07:41:01.723,0.76438,0.76445,1.00,1.00
2015.01.05 07:41:02.679,0.76431,0.7644,1.00,1.00
2015.01.05 07:41:03.236,0.76431,0.76437,1.00,1.00
2015.01.05 07:41:03.389,0.76429,0.76437,1.00,1.00
2015.01.05 07:41:03.490,0.76427,0.76436,1.00,1.00
2015.01.05 07:41:03.541,0.76427,0.76434,1.00,1.00
2015.01.05 07:41:03.592,0.76425,0.76434,1.10,1.00
2015.01.05 07:41:03.643,0.76425,0.76432,1.00,1.00
2015.01.05 07:41:03.948,0.76428,0.76435,1.00,1.00
2015.01.05 07:41:04.201,0.76434,0.76444,1.00,1.50
2015.01.05 07:41:08.754,0.76434,0.76444,1.07,1.00
2015.01.05 07:41:08.805,0.76437,0.76446,1.00,2.25
2015.01.05 07:41:08.907,0.76438,0.76448,1.10,1.50
2015.01.05 07:41:09.110,0.76441,0.76448,1.00,1.50
2015.01.05 07:41:09.211,0.76439,0.76448,1.00,1.00
2015.01.05 07:41:15.864,0.76439,0.76447,1.00,1.00
2015.01.05 07:41:18.996,0.76437,0.76447,1.00,1.00
2015.01.05 07:41:19.904,0.76434,0.76445,1.00,1.00
2015.01.05 07:41:20.006,0.76434,0.76443,1.00,1.00
2015.01.05 07:41:20.108,0.76434,0.76445,1.00,1.50
2015.01.05 07:41:20.617,0.76435,0.76445,1.00,1.00
2015.01.05 07:41:31.957,0.76435,0.76443,1.00,1.00
2015.01.05 07:41:32.210,0.76432,0.76443,1.00,1.00
2015.01.05 07:41:32.722,0.76432,0.76442,1.00,1.00
2015.01.05 07:41:34.070,0.7643,0.7644,1.12,1.10
2015.01.05 07:41:34.876,0.76427,0.76437,1.12,1.20
2015.01.05 07:41:35.181,0.76423,0.7643,1.00,1.00
2015.01.05 07:41:35.484,0.76417,0.76426,1.37,1.00
2015.01.05 07:41:36.294,0.76417,0.76426,1.00,1.10
2015.01.05 07:41:36.800,0.76415,0.76426,1.37,1.10
2015.01.05 07:41:37.509,0.76415,0.76426,1.37,1.10
2015.01.05 07:41:38.279,0.76417,0.76428,1.37,1.10
2015.01.05 07:41:38.995,0.76419,0.7643,1.37,1.00
2015.01.05 07:41:39.767,0.76421,0.7643,1.00,1.00
2015.01.05 07:41:40.261,0.76418,0.76428,1.00,1.00
2015.01.05 07:41:41.842,0.76418,0.76425,1.00,1.00
2015.01.05 07:41:42.892,0.76419,0.76428,1.00,1.00
2015.01.05 07:41:44.387,0.76419,0.7643,1.00,1.00
2015.01.05 07:41:46.380,0.76419,0.76428,1.00,1.00
2015.01.05 07:41:47.038,0.76417,0.76428,1.00,1.00
2015.01.05 07:41:47.545,0.76417,0.76427,1.00,1.00
2015.01.05 07:41:47.698,0.76417,0.76424,1.00,1.00
2015.01.05 07:41:47.749,0.76414,0.76424,1.00,1.00
2015.01.05 07:41:50.200,0.76414,0.76423,1.00,1.00
2015.01.05 07:41:53.816,0.76414,0.76426,1.00,2.40
2015.01.05 07:41:55.509,0.76411,0.76425,1.50,1.00
2015.01.05 07:41:55.611,0.76411,0.76422,1.00,1.00
2015.01.05 07:41:55.864,0.76407,0.7642,1.00,1.00
2015.01.05 07:41:56.646,0.76406,0.76416,1.10,1.00
2015.01.05 07:41:56.950,0.76406,0.76418,1.10,1.00
2015.01.05 07:41:57.052,0.76408,0.76419,1.00,1.10
2015.01.05 07:41:57.153,0.76408,0.76422,1.10,1.20
2015.01.05 07:41:57.204,0.76411,0.76423,1.00,1.50
2015.01.05 07:41:57.457,0.76416,0.76428,1.10,1.25
2015.01.05 07:41:57.710,0.76417,0.76428,1.07,1.00
2015.01.05 07:41:57.964,0.76419,0.7643,1.10,1.00
2015.01.05 07:41:58.571,0.76419,0.76433,1.00,2.25
2015.01.05 07:41:58.723,0.76421,0.76433,1.00,1.50
2015.01.05 07:42:02.319,0.76421,0.7643,1.00,2.10
2015.01.05 07:42:02.370,0.76417,0.76426,1.10,1.00
2015.01.05 07:42:02.472,0.76411,0.76421,1.17,1.00
2015.01.05 07:42:02.775,0.76415,0.76425,1.00,1.20
2015.01.05 07:42:03.337,0.76415,0.76425,1.00,1.00
2015.01.05 07:42:08.417,0.76412,0.76423,1.00,1.00
2015.01.05 07:42:11.518,0.76412,0.76421,1.00,1.00
2015.01.05 07:42:11.720,0.76407,0.76418,1.00,1.00
2015.01.05 07:42:11.822,0.76404,0.76418,1.69,1.50
2015.01.05 07:42:12.024,0.76404,0.76415,1.25,1.00
2015.01.05 07:42:12.356,0.76401,0.76413,1.50,1.00
2015.01.05 07:42:12.509,0.764,0.76411,1.00,1.00
2015.01.05 07:42:12.813,0.764,0.76409,1.00,1.00
2015.01.05 07:42:13.320,0.76399,0.76409,1.00,1.00
2015.01.05 07:42:13.422,0.76399,0.76411,1.00,1.00
2015.01.05 07:42:13.945,0.76399,0.76411,1.07,1.00
2015.01.05 07:42:14.481,0.76399,0.76411,1.00,1.00
2015.01.05 07:42:15.801,0.76399,0.76414,1.50,1.01
2015.01.05 07:42:15.852,0.76405,0.76417,1.15,1.57
2015.01.05 07:42:15.954,0.76405,0.7642,2.02,3.00
2015.01.05 07:42:16.005,0.76411,0.7642,1.00,3.00
2015.01.05 07:42:16.319,0.76409,0.76421,1.10,3.19
2015.01.05 07:42:16.827,0.76409,0.7642,1.10,1.00
2015.01.05 07:42:16.879,0.76412,0.76423,1.00,1.50
2015.01.05 07:42:16.981,0.76413,0.76425,1.00,1.50
2015.01.05 07:42:17.184,0.76415,0.76426,1.00,1.50
2015.01.05 07:42:17.488,0.76415,0.76424,1.00,1.00
2015.01.05 07:42:17.843,0.76412,0.76424,1.07,1.00
2015.01.05 07:42:18.375,0.76412,0.76424,1.00,1.35
2015.01.05 07:42:20.634,0.76411,0.76425,5.47,1.00
2015.01.05 07:42:21.142,0.76421,0.76425,1.00,1.00
2015.01.05 07:42:21.243,0.76421,0.76433,1.00,2.29
2015.01.05 07:42:21.295,0.76423,0.76433,1.00,1.39
2015.01.05 07:42:21.347,0.76423,0.76433,1.00,1.12
2015.01.05 07:42:21.855,0.76423,0.76433,1.00,1.00
2015.01.05 07:42:22.603,0.7642,0.76429,1.00,1.00
2015.01.05 07:42:22.806,0.7642,0.76431,1.00,1.20
2015.01.05 07:42:22.908,0.76419,0.76429,1.00,1.00
2015.01.05 07:42:23.009,0.76417,0.76429,1.00,1.50
2015.01.05 07:42:24.232,0.76417,0.76427,1.00,1.00
2015.01.05 07:42:30.492,0.76419,0.76427,1.00,1.00
2015.01.05 07:42:30.644,0.7642,0.76431,1.00,1.00
2015.01.05 07:42:30.746,0.76422,0.76431,1.00,1.00
2015.01.05 07:42:30.847,0.76422,0.76433,1.00,1.00
2015.01.05 07:42:31.415,0.76423,0.76433,1.00,1.00
2015.01.05 07:42:31.568,0.76423,0.7643,1.00,1.00
2015.01.05 07:42:32.977,0.7642,0.76428,1.00,1.00
2015.01.05 07:42:33.941,0.7642,0.76431,1.00,1.00
2015.01.05 07:42:36.441,0.76418,0.76428,1.00,1.00
2015.01.05 07:42:36.543,0.76419,0.76431,1.00,1.50
2015.01.05 07:42:36.695,0.76418,0.76428,1.00,1.00
2015.01.05 07:42:37.050,0.76419,0.76431,1.00,1.50
2015.01.05 07:42:37.353,0.76417,0.76429,1.00,1.00
2015.01.05 07:42:40.736,0.76419,0.76431,1.00,1.50
2015.01.05 07:42:45.890,0.76417,0.76429,1.00,1.00
2015.01.05 07:42:46.552,0.76415,0.76427,1.00,1.00
2015.01.05 07:42:47.482,0.76415,0.76425,1.00,1.00
2015.01.05 07:42:47.685,0.76413,0.76425,1.00,1.50
2015.01.05 07:42:54.820,0.76414,0.76425,1.00,1.00
2015.01.05 07:42:54.922,0.76417,0.76425,1.00,1.00
2015.01.05 07:42:54.972,0.76417,0.76428,1.00,1.25
2015.01.05 07:42:55.478,0.76417,0.76429,1.00,1.50
2015.01.05 07:42:57.609,0.76417,0.76426,1.00,1.10
2015.01.05 07:42:57.660,0.76412,0.76424,1.00,1.00
2015.01.05 07:42:59.110,0.76414,0.76426,1.00,1.69
2015.01.05 07:43:00.234,0.76416,0.76427,1.00,1.69
2015.01.05 07:43:00.487,0.76417,0.76429,1.00,1.50
2015.01.05 07:43:00.741,0.7642,0.76429,1.00,1.00
2015.01.05 07:43:01.045,0.76423,0.76431,1.00,1.00
2015.01.05 07:43:01.401,0.76419,0.76431,1.00,1.50
2015.01.05 07:43:01.552,0.76421,0.76431,1.00,1.10
2015.01.05 07:43:02.035,0.76427,0.76431,1.00,1.00
2015.01.05 07:43:02.086,0.7643,0.7644,1.00,1.50
2015.01.05 07:43:02.188,0.76428,0.76438,1.00,1.00
2015.01.05 07:43:03.497,0.76425,0.76437,1.00,1.00
2015.01.05 07:43:04.519,0.76425,0.76437,1.00,1.17
2015.01.05 07:43:04.571,0.76425,0.76434,1.00,1.00
2015.01.05 07:43:04.622,0.76421,0.76433,1.95,1.00
2015.01.05 07:43:05.420,0.7642,0.76432,1.12,1.50
2015.01.05 07:43:05.926,0.7642,0.76432,1.12,2.77
2015.01.05 07:43:05.977,0.7642,0.76432,1.12,2.77
2015.01.05 07:43:07.082,0.76418,0.76429,1.37,1.07
2015.01.05 07:43:07.588,0.76418,0.76429,1.00,1.17
2015.01.05 07:43:08.093,0.76418,0.76429,1.00,1.10
2015.01.05 07:43:08.195,0.76418,0.76429,1.00,1.07
2015.01.05 07:43:10.030,0.76418,0.76428,1.00,1.27
2015.01.05 07:43:10.132,0.76414,0.76426,1.12,1.10
2015.01.05 07:43:10.183,0.76414,0.76426,1.12,3.00
2015.01.05 07:43:10.336,0.76412,0.76424,1.00,1.25
2015.01.05 07:43:10.843,0.76411,0.76421,1.00,1.10
2015.01.05 07:43:12.746,0.76408,0.7642,1.00,1.07
2015.01.05 07:43:12.949,0.76406,0.76414,1.00,1.10
2015.01.05 07:43:13.000,0.76404,0.76413,1.00,1.10
2015.01.05 07:43:13.151,0.76404,0.76413,1.00,1.17
2015.01.05 07:43:13.202,0.76399,0.76411,1.00,1.20
2015.01.05 07:43:13.304,0.76399,0.76409,1.00,1.00
2015.01.05 07:43:16.647,0.76399,0.76409,1.00,1.07
2015.01.05 07:43:16.699,0.76396,0.76408,1.10,1.65
2015.01.05 07:43:17.207,0.76396,0.76408,1.00,1.65
2015.01.05 07:43:18.321,0.76396,0.76405,1.00,1.00
2015.01.05 07:43:18.372,0.76393,0.76405,1.00,1.57
2015.01.05 07:43:18.626,0.76391,0.76403,1.00,1.65
2015.01.05 07:43:18.778,0.76389,0.76403,1.00,1.65
2015.01.05 07:43:18.982,0.76387,0.76401,1.25,1.10
2015.01.05 07:43:20.749,0.7639,0.76403,1.00,1.17
2015.01.05 07:43:21.053,0.76392,0.76405,1.00,1.20
2015.01.05 07:43:22.411,0.76393,0.76405,1.00,1.07
2015.01.05 07:43:23.146,0.7639,0.76405,1.39,1.07
2015.01.05 07:43:23.651,0.76389,0.76405,1.69,1.17
2015.01.05 07:43:24.258,0.76389,0.76401,1.19,1.00
2015.01.05 07:43:24.612,0.76387,0.76401,1.87,1.00
2015.01.05 07:43:25.575,0.76389,0.76401,1.00,1.20
2015.01.05 07:43:25.929,0.76387,0.76401,1.12,1.10
2015.01.05 07:43:26.435,0.76387,0.764,1.00,1.00
2015.01.05 07:43:27.123,0.76387,0.76402,1.00,1.17
2015.01.05 07:43:27.529,0.76387,0.76402,1.00,1.17
2015.01.05 07:43:28.549,0.76385,0.76402,1.39,1.15
2015.01.05 07:43:29.091,0.76385,0.76402,1.37,1.15
2015.01.05 07:43:29.627,0.76385,0.76402,1.87,1.15
2015.01.05 07:43:30.144,0.76385,0.76399,1.00,1.10
2015.01.05 07:43:30.449,0.76377,0.76392,4.31,1.15
2015.01.05 07:43:30.954,0.76376,0.76392,1.31,1.15
2015.01.05 07:43:31.785,0.76376,0.76392,1.31,1.15
2015.01.05 07:43:32.545,0.76376,0.76392,1.31,1.15
2015.01.05 07:43:33.102,0.76376,0.76389,1.72,1.10
2015.01.05 07:43:33.254,0.76376,0.76391,1.99,1.00
2015.01.05 07:43:34.742,0.76376,0.76391,4.31,1.15
2015.01.05 07:43:35.682,0.76377,0.7639,1.01,1.15
2015.01.05 07:43:36.445,0.76378,0.7639,1.12,1.17
2015.01.05 07:43:36.648,0.76378,0.76392,1.12,1.20
2015.01.05 07:43:37.159,0.76378,0.76392,1.12,1.20
2015.01.05 07:43:37.781,0.76378,0.76392,1.12,1.07
2015.01.05 07:43:38.549,0.76378,0.76392,1.12,1.10
2015.01.05 07:43:40.177,0.76377,0.76392,1.12,1.15
2015.01.05 07:43:40.380,0.76375,0.76389,1.87,1.10
2015.01.05 07:43:40.482,0.76375,0.76389,1.87,1.10
2015.01.05 07:43:40.886,0.76375,0.76389,1.87,1.10
2015.01.05 07:43:40.987,0.76375,0.76389,1.50,1.15
2015.01.05 07:43:41.190,0.76371,0.76386,1.01,1.17
2015.01.05 07:43:41.342,0.76372,0.76386,1.01,1.17
2015.01.05 07:43:41.646,0.76374,0.76386,1.75,1.00
2015.01.05 07:43:42.472,0.76373,0.76386,1.12,1.00
2015.01.05 07:43:42.524,0.76372,0.76387,2.02,1.00
2015.01.05 07:43:42.575,0.76372,0.76387,2.40,1.00
2015.01.05 07:43:43.123,0.76375,0.76388,1.12,1.00
2015.01.05 07:43:43.481,0.76375,0.7639,1.97,1.10
2015.01.05 07:43:43.532,0.76376,0.7639,1.20,1.10
2015.01.05 07:43:43.685,0.76379,0.76395,1.12,1.34
2015.01.05 07:43:43.787,0.76379,0.76395,1.82,1.10
2015.01.05 07:43:44.041,0.76379,0.76395,1.95,1.10
2015.01.05 07:43:44.699,0.76378,0.76395,1.87,1.15
2015.01.05 07:43:45.489,0.76379,0.76395,1.87,1.00
2015.01.05 07:43:45.540,0.76379,0.76395,2.25,1.00
2015.01.05 07:43:47.225,0.76383,0.76399,3.64,1.07
2015.01.05 07:43:47.755,0.76384,0.76399,1.01,1.00
2015.01.05 07:43:48.776,0.76385,0.76399,1.07,1.07
2015.01.05 07:43:49.080,0.76384,0.76397,1.57,1.07
2015.01.05 07:43:49.334,0.76382,0.76397,3.34,1.07
2015.01.05 07:43:49.789,0.76383,0.76398,1.01,1.10
2015.01.05 07:43:49.840,0.76383,0.76398,2.00,1.10
2015.01.05 07:43:51.917,0.76385,0.76401,1.39,1.17
