2018.05.22 04:00:00.209,0.69449,0.69459,1.00,1.47
2018.05.22 04:00:00.313,0.69451,0.6946,1.00,1.95
2018.05.22 04:00:00.609,0.69451,0.69462,3.49,1.87
2018.05.22 04:00:01.194,0.69451,0.69462,2.70,1.95
2018.05.22 04:00:01.937,0.69451,0.69462,2.70,1.87
2018.05.22 04:00:02.144,0.69454,0.69462,1.00,1.00
2018.05.22 04:00:02.463,0.69452,0.69462,1.80,1.87
2018.05.22 04:00:05.223,0.69451,0.69461,1.20,1.20
2018.05.22 04:00:05.726,0.69451,0.69461,1.12,1.20
2018.05.22 04:00:06.687,0.69451,0.69461,3.26,1.12
2018.05.22 04:00:06.743,0.69451,0.69462,3.86,1.87
2018.05.22 04:00:16.607,0.69452,0.69461,1.00,1.37
2018.05.22 04:00:17.674,0.6945,0.69461,1.57,1.87
2018.05.22 04:00:22.814,0.6945,0.69459,1.07,1.00
2018.05.22 04:00:23.535,0.6945,0.69459,1.00,1.00
2018.05.22 04:00:24.199,0.6945,0.69459,1.07,1.00
2018.05.22 04:00:25.640,0.69452,0.69459,1.00,1.87
2018.05.22 04:00:25.691,0.69449,0.69459,1.10,1.87
2018.05.22 04:00:26.211,0.69448,0.69459,2.32,1.95
2018.05.22 04:00:26.887,0.69449,0.69459,1.00,1.95
2018.05.22 04:00:40.850,0.6945,0.69458,1.00,1.12
2018.05.22 04:00:58.906,0.69449,0.69459,1.95,1.87
2018.05.22 04:01:03.705,0.69449,0.69458,1.12,1.00
2018.05.22 04:01:08.388,0.69449,0.69459,1.12,1.20
2018.05.22 04:01:08.935,0.6945,0.69458,1.00,1.00
2018.05.22 04:01:12.693,0.6945,0.6946,1.12,1.20
2018.05.22 04:01:13.272,0.6945,0.6946,2.62,1.10
2018.05.22 04:01:13.786,0.6945,0.6946,1.12,1.20
2018.05.22 04:01:16.984,0.6945,0.6946,4.80,1.00
2018.05.22 04:01:17.515,0.69451,0.69461,1.12,1.20
2018.05.22 04:01:30.052,0.69451,0.69461,1.12,1.85
2018.05.22 04:01:30.652,0.69452,0.6946,1.00,1.37
2018.05.22 04:01:33.659,0.69452,0.69461,1.12,1.12
2018.05.22 04:01:43.530,0.69452,0.69462,1.12,1.57
2018.05.22 04:01:44.570,0.69451,0.69461,1.95,1.00
2018.05.22 04:01:45.104,0.69451,0.69461,1.00,1.95
2018.05.22 04:01:50.448,0.69451,0.69461,1.00,2.32
2018.05.22 04:01:50.973,0.69451,0.69461,1.00,1.95
2018.05.22 04:01:53.041,0.69451,0.69461,1.00,3.07
2018.05.22 04:01:53.589,0.69451,0.69461,1.00,1.95
2018.05.22 04:01:55.415,0.69451,0.69461,1.00,2.32
2018.05.22 04:01:55.927,0.69451,0.69461,1.00,1.95
2018.05.22 04:01:57.832,0.69451,0.69461,1.00,2.32
2018.05.22 04:01:58.448,0.69451,0.69461,1.00,1.95
2018.05.22 04:01:59.846,0.69451,0.69461,1.00,2.32
2018.05.22 04:02:00.350,0.69451,0.69461,1.00,1.95
2018.05.22 04:02:07.128,0.69451,0.69461,1.00,2.32
2018.05.22 04:02:07.866,0.69451,0.69461,1.10,2.32
2018.05.22 04:02:13.496,0.69451,0.69461,1.87,1.57
2018.05.22 04:02:16.949,0.6945,0.6946,3.26,1.50
2018.05.22 04:02:26.446,0.69448,0.69458,1.87,1.20
2018.05.22 04:02:26.909,0.6945,0.69458,1.00,1.20
2018.05.22 04:02:26.961,0.69448,0.69458,1.87,1.20
2018.05.22 04:02:28.024,0.69448,0.69458,1.20,1.20
2018.05.22 04:02:28.555,0.69448,0.69458,1.12,1.20
2018.05.22 04:02:32.794,0.69449,0.69458,1.00,1.20
2018.05.22 04:02:33.353,0.69447,0.69457,1.95,1.12
2018.05.22 04:02:33.509,0.69445,0.69455,2.70,1.00
2018.05.22 04:02:34.017,0.69445,0.69455,1.95,1.12
2018.05.22 04:02:34.820,0.69445,0.69454,1.37,1.00
2018.05.22 04:02:43.827,0.69446,0.69456,1.12,1.10
2018.05.22 04:02:43.933,0.69447,0.69456,1.87,1.10
2018.05.22 04:02:44.703,0.69446,0.69456,1.20,1.00
2018.05.22 04:02:56.501,0.69449,0.69457,1.37,1.10
2018.05.22 04:02:58.364,0.69449,0.69457,1.37,1.47
2018.05.22 04:02:58.674,0.69449,0.69459,1.87,1.07
2018.05.22 04:02:59.255,0.69449,0.69459,1.95,1.00
2018.05.22 04:02:59.797,0.69449,0.69458,1.10,1.00
2018.05.22 04:03:02.540,0.6945,0.69458,1.37,1.00
2018.05.22 04:03:03.190,0.6945,0.69459,1.47,1.20
2018.05.22 04:03:09.664,0.6945,0.69461,1.87,2.51
2018.05.22 04:03:10.179,0.69451,0.69461,1.87,1.10
2018.05.22 04:03:12.843,0.69451,0.69462,2.70,1.20
2018.05.22 04:03:13.232,0.69452,0.69462,1.87,1.10
2018.05.22 04:03:24.771,0.69452,0.69462,2.62,1.20
2018.05.22 04:03:46.539,0.69452,0.69462,1.00,1.95
2018.05.22 04:03:47.056,0.69452,0.69462,1.87,1.20
2018.05.22 04:03:48.272,0.69452,0.69462,1.87,1.95
2018.05.22 04:03:57.768,0.69451,0.69461,1.00,1.57
2018.05.22 04:03:58.117,0.69451,0.6946,1.12,1.37
2018.05.22 04:03:59.212,0.69449,0.69458,1.20,1.00
2018.05.22 04:03:59.576,0.69448,0.69458,1.00,3.07
2018.05.22 04:04:00.088,0.69448,0.69458,1.00,3.64
2018.05.22 04:04:00.677,0.69448,0.69458,1.12,1.95
2018.05.22 04:04:00.989,0.69451,0.69458,1.00,1.10
2018.05.22 04:04:01.499,0.6945,0.69459,1.50,1.57
2018.05.22 04:04:01.703,0.69448,0.69458,1.10,2.62
2018.05.22 04:04:01.958,0.6945,0.69459,1.50,1.10
2018.05.22 04:04:02.264,0.69449,0.69457,1.12,1.00
2018.05.22 04:04:02.798,0.69448,0.69457,1.00,1.39
2018.05.22 04:04:03.337,0.69448,0.69457,1.00,1.12
2018.05.22 04:04:04.037,0.69448,0.69458,1.12,1.20
2018.05.22 04:04:04.540,0.69449,0.69459,1.50,1.95
2018.05.22 04:04:05.194,0.69449,0.69459,1.50,1.95
2018.05.22 04:04:10.317,0.69448,0.69457,1.07,1.87
2018.05.22 04:04:10.830,0.69448,0.69457,1.00,1.95
2018.05.22 04:04:11.998,0.69449,0.69456,1.00,1.00
2018.05.22 04:04:12.566,0.69447,0.69457,1.12,2.32
2018.05.22 04:04:12.619,0.69444,0.69453,1.57,1.12
2018.05.22 04:04:12.671,0.69443,0.69452,1.10,1.12
2018.05.22 04:04:13.304,0.69443,0.69452,1.00,1.57
2018.05.22 04:04:13.512,0.69447,0.69456,1.00,1.95
2018.05.22 04:04:13.564,0.69447,0.69456,1.00,1.10
2018.05.22 04:04:13.891,0.69444,0.69453,1.00,1.12
2018.05.22 04:04:14.394,0.69443,0.69452,1.12,1.10
2018.05.22 04:04:15.937,0.69443,0.69452,1.87,1.07
2018.05.22 04:04:16.178,0.69444,0.69453,1.00,1.57
2018.05.22 04:04:16.435,0.69445,0.69454,1.87,2.32
2018.05.22 04:04:17.281,0.69445,0.69454,1.12,1.20
2018.05.22 04:04:17.901,0.69445,0.69455,1.95,1.20
2018.05.22 04:04:18.667,0.69445,0.69455,1.87,1.10
2018.05.22 04:04:28.065,0.69446,0.69456,1.12,2.70
2018.05.22 04:04:28.670,0.69447,0.69457,1.12,1.20
2018.05.22 04:04:28.979,0.6945,0.69459,1.00,2.32
2018.05.22 04:04:29.186,0.69447,0.69457,1.10,3.00
2018.05.22 04:04:29.238,0.69445,0.69453,1.10,1.00
2018.05.22 04:04:29.757,0.69445,0.69453,1.00,1.47
2018.05.22 04:04:30.270,0.69444,0.69453,1.00,1.95
2018.05.22 04:04:31.730,0.69445,0.69454,1.00,1.45
2018.05.22 04:04:32.255,0.69445,0.69455,1.00,1.95
2018.05.22 04:04:33.208,0.69448,0.69458,1.00,3.07
2018.05.22 04:04:33.260,0.69449,0.69459,1.00,4.39
2018.05.22 04:04:34.902,0.6945,0.69458,1.00,1.10
2018.05.22 04:04:35.526,0.6945,0.69459,1.00,1.87
2018.05.22 04:04:36.042,0.69449,0.69459,1.12,1.76
2018.05.22 04:04:36.158,0.69451,0.69459,1.00,1.10
2018.05.22 04:04:41.550,0.69451,0.6946,1.12,1.20
2018.05.22 04:04:44.564,0.6945,0.69459,1.87,1.00
2018.05.22 04:04:46.975,0.69451,0.6946,1.12,1.57
2018.05.22 04:05:07.299,0.6945,0.69459,1.12,1.00
2018.05.22 04:05:08.219,0.6945,0.69459,1.12,1.50
2018.05.22 04:05:08.271,0.6945,0.69459,1.00,1.00
2018.05.22 04:05:08.849,0.69449,0.69458,1.12,1.10
2018.05.22 04:05:09.642,0.69448,0.69458,1.87,1.95
2018.05.22 04:05:16.958,0.69449,0.69458,1.12,1.57
2018.05.22 04:05:18.071,0.69448,0.69458,1.00,3.45
2018.05.22 04:05:19.674,0.69448,0.69458,1.12,3.07
2018.05.22 04:05:20.215,0.69449,0.69458,1.00,2.32
2018.05.22 04:05:20.944,0.69449,0.69458,1.00,1.95
2018.05.22 04:05:24.958,0.69448,0.69458,1.12,1.95
2018.05.22 04:05:25.476,0.69449,0.69458,1.00,1.95
2018.05.22 04:05:27.722,0.69448,0.69458,1.12,2.14
2018.05.22 04:05:28.691,0.69448,0.69458,1.00,2.70
2018.05.22 04:05:32.995,0.69448,0.69458,2.62,2.32
2018.05.22 04:05:33.048,0.69449,0.69458,1.57,1.10
2018.05.22 04:05:36.560,0.6945,0.69459,1.12,1.12
2018.05.22 04:05:40.307,0.6945,0.6946,1.95,1.00
2018.05.22 04:05:40.359,0.69452,0.69461,1.00,1.57
2018.05.22 04:05:41.100,0.69453,0.69461,1.00,1.50
2018.05.22 04:05:42.407,0.69452,0.6946,1.00,1.00
2018.05.22 04:05:44.016,0.69452,0.6946,1.00,1.57
2018.05.22 04:05:44.520,0.69452,0.6946,1.00,1.50
2018.05.22 04:05:44.623,0.6945,0.6946,2.44,1.57
2018.05.22 04:05:45.140,0.6945,0.6946,2.51,1.20
2018.05.22 04:05:46.364,0.6945,0.6946,1.57,1.12
2018.05.22 04:05:51.347,0.6945,0.6946,1.57,2.32
2018.05.22 04:05:52.022,0.6945,0.6946,1.50,1.95
2018.05.22 04:05:52.894,0.6945,0.6946,1.57,2.32
2018.05.22 04:05:53.439,0.6945,0.6946,1.50,1.95
2018.05.22 04:05:55.241,0.6945,0.6946,1.57,1.95
2018.05.22 04:05:55.788,0.6945,0.6946,1.50,2.32
2018.05.22 04:06:01.874,0.6945,0.69459,1.50,1.00
2018.05.22 04:06:02.388,0.69451,0.6946,2.62,1.00
2018.05.22 04:06:06.248,0.69452,0.69461,1.10,1.20
2018.05.22 04:06:07.182,0.69452,0.69461,1.00,1.95
2018.05.22 04:06:27.376,0.69452,0.69461,1.95,1.20
2018.05.22 04:06:27.883,0.69452,0.69462,2.25,1.57
2018.05.22 04:06:29.044,0.69452,0.69462,2.32,1.95
2018.05.22 04:06:29.605,0.69452,0.69462,2.25,1.57
2018.05.22 04:06:31.087,0.69452,0.69462,1.00,1.95
2018.05.22 04:06:37.305,0.69452,0.69462,1.00,1.95
2018.05.22 04:06:37.837,0.69452,0.69462,1.00,1.95
2018.05.22 04:06:39.583,0.69452,0.69462,1.00,1.95
2018.05.22 04:06:39.920,0.69452,0.69462,1.00,2.32
2018.05.22 04:06:41.263,0.69452,0.69462,1.10,2.32
2018.05.22 04:06:42.357,0.69452,0.69462,1.00,1.95
2018.05.22 04:06:42.891,0.69452,0.69462,1.00,1.95
2018.05.22 04:06:43.676,0.69452,0.69462,1.00,1.95
2018.05.22 04:06:44.282,0.69452,0.69462,1.00,1.95
2018.05.22 04:06:45.141,0.69452,0.69462,1.00,1.95
2018.05.22 04:06:46.219,0.69452,0.69462,1.10,2.32
2018.05.22 04:06:46.778,0.69452,0.69462,1.00,1.95
2018.05.22 04:06:47.924,0.69452,0.69462,1.10,2.14
2018.05.22 04:06:48.459,0.69452,0.69462,1.00,2.14
2018.05.22 04:06:50.560,0.69452,0.69462,1.10,2.32
2018.05.22 04:06:51.089,0.69452,0.69462,1.00,1.95
2018.05.22 04:06:55.160,0.69452,0.69462,1.10,1.95
2018.05.22 04:06:55.666,0.69452,0.69462,1.00,1.95
2018.05.22 04:06:57.690,0.69452,0.69462,1.10,2.32
2018.05.22 04:06:58.207,0.69452,0.69462,1.00,1.95
2018.05.22 04:06:58.780,0.69452,0.69462,1.10,2.32
2018.05.22 04:06:59.321,0.69453,0.69461,1.00,1.00
2018.05.22 04:07:02.867,0.69457,0.69463,1.00,1.76
2018.05.22 04:07:02.920,0.69457,0.69466,1.12,1.20
2018.05.22 04:07:03.064,0.69457,0.69466,1.12,1.00
2018.05.22 04:07:03.896,0.69459,0.69468,1.12,2.32
2018.05.22 04:07:05.033,0.6946,0.69468,1.00,2.25
2018.05.22 04:07:05.354,0.69459,0.69469,2.62,1.10
2018.05.22 04:07:10.176,0.69459,0.69469,1.00,2.70
2018.05.22 04:07:10.385,0.6946,0.69469,1.57,1.20
2018.05.22 04:07:10.696,0.69459,0.69469,1.50,1.57
2018.05.22 04:07:15.888,0.69458,0.69466,1.10,1.00
2018.05.22 04:07:16.429,0.69457,0.69466,1.00,1.95
2018.05.22 04:07:17.610,0.69457,0.69466,1.00,1.95
2018.05.22 04:07:18.524,0.69457,0.69466,1.00,1.95
2018.05.22 04:07:19.127,0.69457,0.69466,1.00,2.32
2018.05.22 04:07:19.663,0.69457,0.69466,1.00,1.95
2018.05.22 04:07:20.224,0.69457,0.69466,1.00,2.32
2018.05.22 04:07:20.951,0.69457,0.69466,1.00,1.95
2018.05.22 04:07:21.523,0.69457,0.69466,1.00,2.32
2018.05.22 04:07:22.035,0.69457,0.69466,1.00,1.95
2018.05.22 04:07:22.812,0.69457,0.69466,1.00,1.95
2018.05.22 04:07:23.581,0.69457,0.69466,1.00,1.95
2018.05.22 04:07:24.104,0.69457,0.69466,1.00,2.32
2018.05.22 04:07:24.914,0.69457,0.69466,1.00,1.95
2018.05.22 04:07:25.432,0.69457,0.69466,1.00,1.95
2018.05.22 04:07:25.958,0.69457,0.69466,1.10,1.95
2018.05.22 04:07:27.028,0.69457,0.69466,1.00,1.95
2018.05.22 04:07:27.529,0.69457,0.69466,1.00,2.32
2018.05.22 04:07:28.094,0.69457,0.69466,1.00,2.32
2018.05.22 04:07:28.613,0.69457,0.69466,1.00,2.32
2018.05.22 04:07:29.629,0.69457,0.69466,1.00,2.32
2018.05.22 04:07:30.130,0.69456,0.69465,1.12,1.00
2018.05.22 04:08:07.528,0.69458,0.69466,1.12,1.12
2018.05.22 04:08:07.839,0.69461,0.69468,1.00,1.00
2018.05.22 04:08:10.066,0.6946,0.69469,1.50,1.12
2018.05.22 04:08:15.973,0.69461,0.69471,1.57,2.70
2018.05.22 04:08:16.486,0.69461,0.6947,1.50,3.45
2018.05.22 04:08:17.419,0.6946,0.69469,1.12,1.00
2018.05.22 04:08:20.442,0.6946,0.69469,1.12,1.75
2018.05.22 04:08:20.985,0.6946,0.69469,1.12,1.00
2018.05.22 04:08:26.939,0.6946,0.69469,1.12,1.85
2018.05.22 04:08:26.990,0.6946,0.69469,1.12,1.10
2018.05.22 04:08:38.736,0.6946,0.69468,1.12,1.00
2018.05.22 04:08:43.525,0.69458,0.69467,1.57,1.00
2018.05.22 04:08:43.578,0.69456,0.69465,2.32,1.50
2018.05.22 04:08:43.733,0.69456,0.69465,1.12,1.87
2018.05.22 04:08:44.184,0.69455,0.69462,1.00,1.00
2018.05.22 04:08:44.526,0.69453,0.6946,1.00,1.12
2018.05.22 04:08:48.209,0.69455,0.69463,4.12,1.10
2018.05.22 04:08:48.534,0.69469,0.69476,1.00,1.10
2018.05.22 04:08:49.148,0.69464,0.69472,1.10,1.00
2018.05.22 04:08:49.254,0.69461,0.6947,1.57,1.00
2018.05.22 04:08:49.307,0.69464,0.69473,1.00,1.20
2018.05.22 04:08:49.790,0.69467,0.69476,1.00,1.95
2018.05.22 04:08:50.159,0.69468,0.69477,1.00,1.20
2018.05.22 04:09:05.224,0.69468,0.69477,1.50,1.12
2018.05.22 04:09:06.212,0.69468,0.69477,1.12,1.50
2018.05.22 04:09:09.060,0.69468,0.69477,1.50,1.50
2018.05.22 04:09:11.040,0.69468,0.69478,1.00,1.95
2018.05.22 04:09:38.061,0.69468,0.69478,1.50,1.95
2018.05.22 04:09:39.027,0.69468,0.69478,1.00,1.95
2018.05.22 04:09:39.541,0.69467,0.69476,1.10,1.87
2018.05.22 04:09:39.871,0.69464,0.69471,3.07,1.12
2018.05.22 04:09:39.923,0.69466,0.69473,1.00,1.00
2018.05.22 04:09:40.230,0.69466,0.69475,1.00,1.95
2018.05.22 04:09:40.953,0.69467,0.69476,1.12,1.10
2018.05.22 04:09:41.057,0.69468,0.69478,1.50,2.32
2018.05.22 04:09:41.774,0.69469,0.69478,2.32,1.50
2018.05.22 04:09:42.334,0.6947,0.69478,1.00,1.00
2018.05.22 04:09:44.029,0.69469,0.69478,1.10,1.57
2018.05.22 04:09:49.189,0.69469,0.69477,1.00,1.00
2018.05.22 04:09:49.742,0.69469,0.69479,1.00,4.95
2018.05.22 04:09:50.274,0.69469,0.69479,2.89,1.10
2018.05.22 04:10:16.032,0.6947,0.69479,1.10,1.57
2018.05.22 04:10:26.170,0.6947,0.69479,1.10,1.10
2018.05.22 04:10:27.082,0.6947,0.69478,1.50,1.00
2018.05.22 04:10:27.616,0.69469,0.69478,2.70,1.00
2018.05.22 04:10:28.140,0.69469,0.69479,1.95,1.12
2018.05.22 04:10:30.026,0.69469,0.69479,1.95,1.87
2018.05.22 04:10:30.078,0.69469,0.69479,1.95,1.12
2018.05.22 04:10:33.226,0.69471,0.69478,1.00,1.00
2018.05.22 04:10:50.504,0.6947,0.6948,1.00,1.95
2018.05.22 04:10:51.072,0.69471,0.6948,1.10,1.47
2018.05.22 04:10:54.374,0.69471,0.6948,1.10,1.20
2018.05.22 04:10:55.052,0.69471,0.6948,1.00,1.95
2018.05.22 04:10:55.568,0.69471,0.6948,1.10,1.57
2018.05.22 04:10:56.395,0.69471,0.6948,1.00,1.57
2018.05.22 04:11:04.197,0.6947,0.6948,1.10,2.32
2018.05.22 04:11:04.870,0.6947,0.6948,1.00,1.57
2018.05.22 04:11:07.089,0.6947,0.69479,1.00,1.00
2018.05.22 04:11:08.589,0.6947,0.69476,1.00,1.00
2018.05.22 04:11:08.800,0.6947,0.69479,1.00,1.20
2018.05.22 04:11:08.956,0.69472,0.69479,1.00,1.00
2018.05.22 04:11:21.937,0.69473,0.69479,1.00,1.00
2018.05.22 04:11:37.745,0.69473,0.69481,1.00,1.12
2018.05.22 04:11:38.246,0.69473,0.69481,1.00,1.50
2018.05.22 04:11:43.841,0.69471,0.6948,1.50,1.12
2018.05.22 04:11:44.370,0.69471,0.6948,1.50,1.87
2018.05.22 04:11:47.470,0.69471,0.69478,1.50,1.37
2018.05.22 04:11:48.004,0.69471,0.6948,2.25,1.12
2018.05.22 04:11:50.542,0.69474,0.69482,1.50,1.10
2018.05.22 04:11:50.909,0.69478,0.69486,1.00,1.20
2018.05.22 04:11:51.555,0.69477,0.69485,1.00,1.50
2018.05.22 04:11:52.121,0.69477,0.69484,1.00,1.00
2018.05.22 04:11:52.427,0.69473,0.69481,1.95,1.12
2018.05.22 04:11:52.948,0.69473,0.69481,1.57,1.12
2018.05.22 04:11:53.176,0.69471,0.69481,2.62,2.70
2018.05.22 04:11:53.857,0.69472,0.69479,1.00,1.12
2018.05.22 04:11:54.934,0.69471,0.6948,1.10,1.20
2018.05.22 04:12:00.170,0.69471,0.69479,1.00,1.00
2018.05.22 04:12:00.222,0.69469,0.69478,1.57,1.12
2018.05.22 04:12:10.235,0.69469,0.69477,1.50,1.00
2018.05.22 04:12:10.752,0.69469,0.69478,1.50,1.00
2018.05.22 04:12:18.423,0.6947,0.69479,2.25,1.12
2018.05.22 04:12:18.936,0.6947,0.69479,2.70,1.00
2018.05.22 04:12:25.819,0.6947,0.69479,3.45,1.00
2018.05.22 04:12:26.519,0.69477,0.69485,1.50,1.57
2018.05.22 04:12:26.622,0.69478,0.69487,2.32,1.00
2018.05.22 04:12:27.728,0.69476,0.69486,1.20,1.50
2018.05.22 04:12:27.831,0.69476,0.69484,1.00,1.00
2018.05.22 04:12:30.488,0.69477,0.69484,1.00,1.00
2018.05.22 04:12:30.540,0.69477,0.69487,1.20,1.95
2018.05.22 04:12:30.592,0.69475,0.69484,1.07,1.12
2018.05.22 04:12:30.851,0.69472,0.69481,1.20,1.50
2018.05.22 04:12:31.397,0.69472,0.69481,1.00,1.50
2018.05.22 04:12:32.682,0.69471,0.69481,1.57,1.50
2018.05.22 04:12:33.225,0.69471,0.6948,1.50,1.00
2018.05.22 04:12:34.615,0.69469,0.69479,1.20,1.00
2018.05.22 04:12:35.172,0.69469,0.69479,1.12,1.10
2018.05.22 04:12:37.747,0.69469,0.69477,1.12,1.00
2018.05.22 04:12:38.267,0.69471,0.6948,1.00,1.12
2018.05.22 04:12:38.320,0.69474,0.69481,1.00,1.20
2018.05.22 04:12:38.845,0.69474,0.69482,1.00,1.10
2018.05.22 04:12:39.401,0.69474,0.69483,1.00,1.50
2018.05.22 04:12:39.910,0.69474,0.69483,1.07,1.50
2018.05.22 04:12:40.349,0.69473,0.69483,2.32,1.50
2018.05.22 04:12:40.401,0.69473,0.69482,2.70,1.00
2018.05.22 04:12:40.507,0.6947,0.6948,1.57,1.12
2018.05.22 04:12:41.083,0.6947,0.6948,1.00,1.95
2018.05.22 04:13:02.832,0.6947,0.69478,1.10,1.00
2018.05.22 04:13:03.726,0.6947,0.69477,1.00,1.00
2018.05.22 04:13:05.634,0.6947,0.69479,1.00,1.12
2018.05.22 04:13:07.859,0.69469,0.69478,1.10,1.87
2018.05.22 04:13:11.930,0.69469,0.69476,1.00,1.12
2018.05.22 04:13:12.437,0.69468,0.69476,1.00,1.37
2018.05.22 04:13:12.947,0.69468,0.69478,1.12,1.95
2018.05.22 04:13:16.168,0.69467,0.69475,1.10,1.12
2018.05.22 04:13:16.806,0.69467,0.69477,1.00,3.45
2018.05.22 04:13:37.926,0.69468,0.69477,1.00,1.95
2018.05.22 04:13:39.878,0.69469,0.69478,1.00,1.20
2018.05.22 04:13:42.256,0.6947,0.69477,1.00,1.00
2018.05.22 04:13:43.502,0.69474,0.69483,1.00,1.57
2018.05.22 04:13:43.615,0.69474,0.69483,1.50,1.20
2018.05.22 04:13:44.516,0.69472,0.69481,2.32,1.00
2018.05.22 04:13:44.568,0.69471,0.6948,3.45,1.00
2018.05.22 04:13:44.620,0.69471,0.69478,1.20,1.00
2018.05.22 04:13:45.130,0.69469,0.69478,1.87,1.00
2018.05.22 04:14:03.831,0.6947,0.69479,1.20,1.57
2018.05.22 04:14:04.212,0.69471,0.69479,1.87,1.00
2018.05.22 04:14:04.317,0.69474,0.69481,1.12,1.10
2018.05.22 04:14:04.423,0.69476,0.69485,1.50,1.95
2018.05.22 04:14:04.735,0.69479,0.69485,1.95,1.00
2018.05.22 04:14:04.788,0.69479,0.69488,3.07,1.10
2018.05.22 04:14:05.150,0.69482,0.69489,1.00,1.00
2018.05.22 04:14:08.986,0.69483,0.69489,1.75,1.00
2018.05.22 04:14:09.039,0.69482,0.69489,2.62,1.00
2018.05.22 04:14:13.235,0.69482,0.6949,1.50,1.12
2018.05.22 04:14:13.810,0.69481,0.6949,3.00,1.00
2018.05.22 04:14:14.084,0.69483,0.69491,1.87,1.10
2018.05.22 04:14:14.722,0.69482,0.69491,2.25,1.10
2018.05.22 04:14:15.271,0.69483,0.69491,1.00,1.20
2018.05.22 04:14:15.807,0.69482,0.69491,1.87,1.20
2018.05.22 04:14:17.659,0.69483,0.69491,1.00,1.12
2018.05.22 04:14:20.850,0.69484,0.69493,1.00,1.20
2018.05.22 04:14:21.406,0.69484,0.69491,1.00,1.00
2018.05.22 04:14:22.025,0.69482,0.69491,1.50,1.12
2018.05.22 04:14:26.389,0.69483,0.69491,1.00,1.00
2018.05.22 04:14:26.684,0.69481,0.69491,2.32,1.00
2018.05.22 04:14:30.313,0.69481,0.69491,2.81,1.10
2018.05.22 04:14:33.162,0.69481,0.69491,1.57,1.00
2018.05.22 04:14:37.624,0.69481,0.69491,2.62,1.57
2018.05.22 04:14:39.241,0.69481,0.69491,2.62,1.57
2018.05.22 04:14:39.975,0.69481,0.69491,2.70,1.95
2018.05.22 04:14:40.479,0.69481,0.69491,2.62,1.57
2018.05.22 04:14:43.122,0.69482,0.69491,1.00,1.12
2018.05.22 04:14:47.723,0.69482,0.69491,1.00,1.57
2018.05.22 04:14:48.260,0.69481,0.69491,2.62,1.95
2018.05.22 04:14:48.819,0.69482,0.69491,1.00,1.57
2018.05.22 04:14:55.114,0.69481,0.69491,1.50,1.10
2018.05.22 04:14:55.865,0.69481,0.6949,1.57,1.10
2018.05.22 04:14:57.012,0.69481,0.69489,1.20,1.00
2018.05.22 04:14:57.547,0.69481,0.6949,1.12,1.50
2018.05.22 04:15:03.229,0.69482,0.6949,1.00,1.57
2018.05.22 04:15:08.603,0.69481,0.69491,1.57,2.70
2018.05.22 04:15:09.171,0.69481,0.69491,1.50,2.70
2018.05.22 04:15:09.727,0.69481,0.69491,1.50,2.70
2018.05.22 04:15:10.267,0.69481,0.69491,1.50,3.82
2018.05.22 04:15:10.780,0.69481,0.69491,2.25,2.32
2018.05.22 04:15:11.286,0.69481,0.69491,2.62,2.32
2018.05.22 04:15:12.037,0.69481,0.69491,2.62,2.32
2018.05.22 04:15:12.907,0.69481,0.69491,3.00,2.32
2018.05.22 04:15:13.499,0.69482,0.69491,1.87,1.10
2018.05.22 04:15:13.603,0.69485,0.69493,1.37,1.07
2018.05.22 04:15:13.656,0.69485,0.69494,1.50,1.87
2018.05.22 04:15:14.007,0.69484,0.69493,1.12,1.00
2018.05.22 04:15:16.088,0.69483,0.69492,4.57,1.00
2018.05.22 04:15:17.193,0.69483,0.69491,1.57,1.00
2018.05.22 04:15:17.401,0.69482,0.69491,1.12,1.00
2018.05.22 04:15:17.916,0.69482,0.69491,1.00,1.20
2018.05.22 04:15:18.456,0.69481,0.6949,1.12,1.10
2018.05.22 04:15:22.596,0.69483,0.6949,1.00,1.10
2018.05.22 04:15:23.964,0.69483,0.6949,1.87,1.00
2018.05.22 04:15:24.583,0.69483,0.69492,1.87,2.32
2018.05.22 04:15:31.394,0.69483,0.69492,1.12,3.07
2018.05.22 04:15:36.816,0.69482,0.69491,1.87,1.95
2018.05.22 04:15:37.336,0.69482,0.69491,1.87,1.20
2018.05.22 04:15:37.934,0.69482,0.69491,1.37,1.20
2018.05.22 04:15:38.671,0.69482,0.69491,1.37,1.20
2018.05.22 04:15:39.080,0.69482,0.69491,1.37,1.57
2018.05.22 04:15:39.183,0.69482,0.69491,1.37,1.20
2018.05.22 04:15:39.831,0.69482,0.69491,1.37,1.20
2018.05.22 04:15:41.565,0.69482,0.69491,1.37,3.07
2018.05.22 04:15:42.170,0.69482,0.69491,1.37,2.70
2018.05.22 04:15:43.475,0.69482,0.69491,1.37,2.32
2018.05.22 04:15:44.088,0.69482,0.69491,1.37,2.32
2018.05.22 04:15:45.323,0.69482,0.69491,1.37,2.32
2018.05.22 04:15:45.879,0.69482,0.69491,1.37,1.95
2018.05.22 04:15:46.580,0.69482,0.6949,1.37,1.07
2018.05.22 04:15:47.119,0.69482,0.69491,1.37,2.32
2018.05.22 04:15:47.947,0.69482,0.69491,1.37,2.32
2018.05.22 04:15:48.503,0.69482,0.69491,1.37,2.32
2018.05.22 04:15:49.452,0.69482,0.69491,1.37,2.32
2018.05.22 04:15:50.065,0.69482,0.69491,1.37,1.95
2018.05.22 04:15:51.337,0.69482,0.6949,1.37,1.20
2018.05.22 04:15:52.063,0.69482,0.69491,1.37,2.32
2018.05.22 04:15:52.715,0.69482,0.69491,1.37,3.07
2018.05.22 04:15:52.973,0.69483,0.69491,1.00,1.00
2018.05.22 04:15:53.283,0.69485,0.69494,1.12,2.32
2018.05.22 04:15:55.820,0.69485,0.69495,1.87,2.70
2018.05.22 04:15:57.115,0.69485,0.69493,1.12,1.12
2018.05.22 04:15:57.642,0.69486,0.69495,1.00,2.70
2018.05.22 04:15:59.813,0.69489,0.69496,1.00,1.20
2018.05.22 04:16:00.314,0.69489,0.69496,1.00,1.00
2018.05.22 04:16:01.367,0.69488,0.69497,1.00,1.00
2018.05.22 04:16:01.977,0.69488,0.69497,1.50,1.00
2018.05.22 04:16:10.372,0.69488,0.69498,1.50,1.10
2018.05.22 04:16:24.593,0.69488,0.69497,2.25,1.00
2018.05.22 04:16:25.115,0.69489,0.69498,1.12,1.10
2018.05.22 04:16:29.736,0.69489,0.69498,2.70,1.10
2018.05.22 04:16:32.344,0.6949,0.69499,1.12,2.32
2018.05.22 04:17:08.968,0.69491,0.69498,1.00,1.00
2018.05.22 04:17:12.335,0.69489,0.69498,1.00,1.12
2018.05.22 04:17:12.440,0.69487,0.69495,1.07,3.00
2018.05.22 04:17:12.493,0.69486,0.69495,1.10,2.89
2018.05.22 04:17:12.651,0.69484,0.69493,1.00,1.12
2018.05.22 04:17:12.827,0.69488,0.69495,1.00,1.10
2018.05.22 04:17:12.982,0.69485,0.69494,1.12,2.62
2018.05.22 04:17:13.828,0.69485,0.69495,1.87,3.45
2018.05.22 04:17:14.136,0.69487,0.69496,1.50,1.20
2018.05.22 04:17:14.651,0.69488,0.69497,1.00,1.57
2018.05.22 04:17:17.768,0.69487,0.69497,1.50,1.57
2018.05.22 04:17:28.720,0.69487,0.69497,2.62,1.20
2018.05.22 04:17:50.946,0.69489,0.69496,1.12,1.00
2018.05.22 04:18:04.540,0.69489,0.69498,1.12,1.00
2018.05.22 04:18:06.997,0.69489,0.69498,1.20,1.00
2018.05.22 04:18:07.973,0.69489,0.69498,1.20,1.00
2018.05.22 04:18:10.200,0.69489,0.69498,1.57,1.00
2018.05.22 04:18:10.372,0.69491,0.69498,1.72,1.00
2018.05.22 04:18:10.424,0.69492,0.69501,1.35,2.32
2018.05.22 04:18:10.926,0.69492,0.69501,1.50,1.50
2018.05.22 04:18:12.525,0.69492,0.69501,1.50,1.50
2018.05.22 04:18:14.294,0.69491,0.69499,1.50,1.00
2018.05.22 04:18:14.441,0.6949,0.69498,1.00,1.12
2018.05.22 04:18:29.893,0.6949,0.69499,1.00,1.57
2018.05.22 04:18:33.293,0.6949,0.69499,1.00,1.57
2018.05.22 04:18:33.810,0.6949,0.69499,1.00,1.57
2018.05.22 04:18:34.320,0.6949,0.69499,1.00,1.57
2018.05.22 04:18:34.844,0.69489,0.69498,1.10,1.10
2018.05.22 04:18:43.355,0.6949,0.69499,1.00,1.57
2018.05.22 04:18:43.858,0.6949,0.69499,1.12,1.20
2018.05.22 04:18:47.601,0.69491,0.695,1.00,1.57
2018.05.22 04:18:55.245,0.69491,0.695,1.37,1.20
2018.05.22 04:18:55.928,0.69491,0.695,1.00,1.57
2018.05.22 04:19:00.288,0.69491,0.695,2.62,1.00
2018.05.22 04:19:00.340,0.69493,0.69501,1.12,1.20
2018.05.22 04:19:01.509,0.69491,0.695,1.87,1.00
2018.05.22 04:19:06.599,0.69492,0.69501,1.87,1.00
2018.05.22 04:19:10.932,0.69492,0.69501,2.70,1.00
2018.05.22 04:19:11.476,0.69492,0.69501,1.87,1.00
2018.05.22 04:19:12.035,0.69493,0.69501,1.12,1.00
2018.05.22 04:19:12.142,0.69492,0.69501,1.87,1.00
2018.05.22 04:19:12.693,0.69492,0.69501,2.70,1.10
2018.05.22 04:19:13.427,0.69492,0.69501,1.87,1.00
2018.05.22 04:19:13.964,0.69492,0.695,1.95,1.00
2018.05.22 04:19:19.001,0.69491,0.695,1.50,1.00
2018.05.22 04:19:22.930,0.69491,0.695,1.87,1.00
2018.05.22 04:19:23.954,0.69491,0.695,1.12,1.00
2018.05.22 04:19:30.942,0.69492,0.69501,1.87,1.00
2018.05.22 04:19:31.097,0.69492,0.69501,1.20,1.00
2018.05.22 04:19:39.231,0.69492,0.695,1.12,1.10
2018.05.22 04:19:39.890,0.69492,0.69501,1.12,1.00
2018.05.22 04:20:00.572,0.69492,0.69501,1.00,1.57
2018.05.22 04:20:01.112,0.69492,0.69501,1.00,1.50
2018.05.22 04:20:02.392,0.69492,0.69501,1.00,2.32
2018.05.22 04:20:03.017,0.69492,0.69501,1.00,2.25
2018.05.22 04:20:23.328,0.69492,0.69501,1.00,1.57
2018.05.22 04:20:24.678,0.69492,0.69501,1.00,1.50
2018.05.22 04:20:24.786,0.69495,0.69502,1.00,1.57
2018.05.22 04:20:24.891,0.69493,0.69502,1.00,1.12
2018.05.22 04:20:25.400,0.69494,0.69503,1.00,1.10
2018.05.22 04:20:26.229,0.69495,0.69503,1.50,1.00
2018.05.22 04:20:26.334,0.69493,0.69502,1.10,1.00
2018.05.22 04:20:29.069,0.69493,0.69502,1.32,1.00
2018.05.22 04:20:29.640,0.69493,0.69502,1.25,1.00
2018.05.22 04:20:30.179,0.69494,0.69501,1.00,1.00
2018.05.22 04:20:32.763,0.69492,0.69501,1.20,1.00
2018.05.22 04:20:34.074,0.69491,0.695,1.57,1.00
2018.05.22 04:20:34.608,0.69491,0.695,1.00,1.12
2018.05.22 04:20:38.827,0.69493,0.69502,1.87,3.07
2018.05.22 04:20:39.354,0.69493,0.69502,1.50,1.50
2018.05.22 04:20:40.030,0.69494,0.69503,1.00,1.95
2018.05.22 04:20:41.841,0.69494,0.69503,1.57,1.00
2018.05.22 04:20:42.350,0.69494,0.69503,1.57,1.10
2018.05.22 04:20:44.711,0.69495,0.69504,1.00,1.95
2018.05.22 04:20:46.836,0.69495,0.69504,1.00,1.95
2018.05.22 04:20:47.381,0.69495,0.69505,1.50,2.32
2018.05.22 04:20:50.120,0.69497,0.69506,1.00,1.57
2018.05.22 04:20:50.224,0.69498,0.69507,1.00,1.20
2018.05.22 04:20:50.932,0.69499,0.69507,1.00,1.10
2018.05.22 04:20:52.225,0.69499,0.69508,1.00,1.20
2018.05.22 04:21:00.215,0.695,0.69509,1.00,2.70
2018.05.22 04:21:01.085,0.695,0.69509,1.00,1.10
2018.05.22 04:21:11.487,0.69501,0.6951,1.00,1.20
2018.05.22 04:21:13.029,0.69501,0.6951,1.50,1.20
2018.05.22 04:21:20.810,0.69503,0.6951,1.00,1.20
2018.05.22 04:21:22.883,0.69502,0.69509,1.00,1.00
2018.05.22 04:21:52.617,0.695,0.6951,1.12,1.20
2018.05.22 04:22:12.408,0.695,0.69509,1.00,1.50
2018.05.22 04:22:13.806,0.695,0.69509,1.00,2.32
2018.05.22 04:22:14.348,0.695,0.69509,1.00,1.57
2018.05.22 04:22:15.188,0.695,0.69509,1.00,1.57
2018.05.22 04:22:19.753,0.69499,0.69509,1.57,1.76
2018.05.22 04:22:20.260,0.69499,0.69509,1.50,1.76
2018.05.22 04:22:21.159,0.69499,0.69509,1.57,2.14
2018.05.22 04:22:21.724,0.69499,0.69509,1.50,1.76
2018.05.22 04:22:22.665,0.69499,0.69509,1.57,1.95
2018.05.22 04:22:23.210,0.69499,0.69509,1.50,1.57
2018.05.22 04:22:24.933,0.69499,0.69509,1.57,1.95
2018.05.22 04:22:25.459,0.69499,0.69509,1.50,1.57
2018.05.22 04:22:26.262,0.69499,0.69509,1.57,1.57
2018.05.22 04:22:26.804,0.69499,0.69509,1.50,1.57
2018.05.22 04:22:28.617,0.69499,0.69509,1.57,1.57
2018.05.22 04:22:29.178,0.69499,0.69509,1.50,2.32
2018.05.22 04:22:29.938,0.69499,0.69509,1.57,1.95
2018.05.22 04:22:30.536,0.69499,0.69509,1.50,1.57
2018.05.22 04:22:31.080,0.69499,0.69509,1.57,1.95
2018.05.22 04:22:31.605,0.69499,0.69509,1.50,1.57
2018.05.22 04:22:32.119,0.69499,0.69509,1.57,1.57
2018.05.22 04:22:32.639,0.69499,0.69509,1.50,1.57
2018.05.22 04:22:34.808,0.69499,0.69509,1.57,2.14
2018.05.22 04:22:35.390,0.69499,0.69509,1.50,2.51
2018.05.22 04:22:36.861,0.69499,0.69509,1.57,2.32
2018.05.22 04:22:37.423,0.69499,0.69509,1.50,1.57
2018.05.22 04:22:38.719,0.69499,0.69509,1.57,1.57
2018.05.22 04:22:39.323,0.69499,0.69509,1.50,1.57
2018.05.22 04:22:42.031,0.69499,0.69507,1.00,1.00
2018.05.22 04:22:42.992,0.69499,0.69508,1.00,2.70
2018.05.22 04:22:43.548,0.69499,0.69508,1.50,1.95
2018.05.22 04:23:00.052,0.695,0.69509,1.12,1.00
2018.05.22 04:23:01.275,0.69501,0.6951,1.12,1.00
2018.05.22 04:23:01.717,0.69503,0.69511,1.00,1.12
2018.05.22 04:23:02.741,0.69502,0.69511,1.00,1.20
2018.05.22 04:23:21.846,0.69502,0.69511,1.00,1.20
2018.05.22 04:23:22.444,0.69502,0.69511,1.00,1.20
2018.05.22 04:23:28.317,0.69501,0.69511,1.12,1.95
2018.05.22 04:23:28.675,0.69501,0.69511,1.12,1.95
2018.05.22 04:23:28.971,0.69501,0.69511,1.12,1.20
2018.05.22 04:23:29.860,0.69501,0.69511,1.20,2.51
2018.05.22 04:23:30.948,0.69501,0.69511,1.12,1.20
2018.05.22 04:23:31.495,0.69501,0.69511,1.20,1.57
2018.05.22 04:23:32.111,0.69501,0.69511,1.12,1.95
2018.05.22 04:23:32.903,0.69501,0.69511,1.12,1.20
2018.05.22 04:23:33.452,0.69501,0.69511,1.12,1.39
2018.05.22 04:23:35.332,0.69501,0.69511,1.12,1.39
2018.05.22 04:23:35.841,0.69501,0.69511,1.12,1.39
2018.05.22 04:23:42.082,0.69501,0.6951,1.00,1.00
2018.05.22 04:24:37.075,0.69501,0.69511,1.50,1.95
2018.05.22 04:25:28.274,0.69501,0.6951,1.00,1.00
2018.05.22 04:25:28.482,0.69499,0.69508,1.57,1.00
2018.05.22 04:25:29.180,0.69499,0.69508,1.57,1.10
2018.05.22 04:25:34.073,0.69498,0.69508,1.95,1.12
2018.05.22 04:25:34.421,0.69497,0.69504,1.10,1.00
2018.05.22 04:25:34.525,0.69497,0.69506,1.00,1.12
2018.05.22 04:25:35.883,0.69498,0.69506,1.00,1.12
2018.05.22 04:25:36.409,0.695,0.69507,1.00,1.00
2018.05.22 04:25:36.676,0.69499,0.69509,1.95,1.00
2018.05.22 04:25:37.812,0.69498,0.69508,1.57,1.87
2018.05.22 04:25:38.347,0.69497,0.69507,1.10,1.87
2018.05.22 04:25:41.274,0.69495,0.69504,1.20,1.00
2018.05.22 04:25:41.487,0.69493,0.69502,1.10,1.12
2018.05.22 04:25:42.086,0.69492,0.69502,1.95,1.12
2018.05.22 04:25:43.461,0.69492,0.69502,1.95,1.12
2018.05.22 04:25:43.966,0.69492,0.69502,1.95,1.12
2018.05.22 04:25:46.909,0.69493,0.69502,1.00,1.12
2018.05.22 04:25:48.224,0.69493,0.69502,1.07,1.12
2018.05.22 04:25:48.757,0.69493,0.69502,1.00,1.12
2018.05.22 04:25:51.714,0.69493,0.69502,1.07,1.12
2018.05.22 04:25:52.230,0.69493,0.69502,1.10,1.12
2018.05.22 04:25:54.566,0.69493,0.69502,1.07,1.12
2018.05.22 04:25:55.295,0.69493,0.69502,1.00,1.12
2018.05.22 04:25:55.833,0.69492,0.69501,1.10,1.12
2018.05.22 04:25:56.345,0.69491,0.69501,1.20,1.12
2018.05.22 04:25:56.911,0.69491,0.69501,1.20,1.39
2018.05.22 04:25:57.433,0.69491,0.69501,1.20,1.12
2018.05.22 04:25:59.812,0.69491,0.69501,1.20,1.20
2018.05.22 04:26:00.328,0.69492,0.69499,1.00,1.00
2018.05.22 04:26:15.136,0.69492,0.69501,1.00,1.00
2018.05.22 04:26:15.687,0.69491,0.69501,1.20,1.12
2018.05.22 04:26:16.353,0.69491,0.695,2.70,1.00
2018.05.22 04:26:16.457,0.69492,0.69501,1.07,1.12
2018.05.22 04:26:16.994,0.69492,0.69501,1.10,1.20
2018.05.22 04:26:17.960,0.69492,0.69501,1.07,1.12
2018.05.22 04:26:18.479,0.69492,0.69501,1.00,1.12
2018.05.22 04:26:24.945,0.69492,0.69502,1.07,1.95
2018.05.22 04:26:25.100,0.69491,0.69501,1.20,1.12
2018.05.22 04:26:25.658,0.69492,0.69501,1.12,1.00
2018.05.22 04:26:26.173,0.69492,0.69501,1.20,1.00
2018.05.22 04:26:26.685,0.69492,0.69501,1.12,1.00
2018.05.22 04:26:32.280,0.69492,0.69501,1.00,1.87
2018.05.22 04:26:34.794,0.69491,0.69501,1.10,1.87
2018.05.22 04:26:35.317,0.69492,0.69499,1.00,1.00
2018.05.22 04:26:36.613,0.69491,0.69501,1.10,1.87
2018.05.22 04:26:37.154,0.69491,0.69501,1.07,1.95
2018.05.22 04:26:37.667,0.6949,0.695,1.20,1.12
2018.05.22 04:26:37.978,0.69492,0.69501,1.00,3.26
2018.05.22 04:26:38.152,0.69493,0.69502,1.00,1.12
2018.05.22 04:26:38.610,0.69492,0.69501,1.00,1.87
2018.05.22 04:26:39.260,0.69493,0.695,1.00,1.12
2018.05.22 04:26:39.739,0.69491,0.69501,1.10,1.87
2018.05.22 04:26:43.763,0.69493,0.695,1.00,1.00
2018.05.22 04:26:45.932,0.69492,0.695,1.00,1.00
2018.05.22 04:26:47.856,0.69492,0.69501,1.00,1.00
2018.05.22 04:26:48.371,0.69493,0.69501,1.00,1.00
2018.05.22 04:26:50.556,0.69493,0.69502,1.00,1.87
2018.05.22 04:26:50.713,0.69494,0.69504,1.12,1.95
2018.05.22 04:26:51.252,0.69495,0.69504,1.00,1.12
2018.05.22 04:26:56.139,0.69494,0.69504,1.95,1.12
2018.05.22 04:26:56.690,0.69495,0.69505,1.00,2.32
2018.05.22 04:26:59.953,0.69494,0.69502,1.07,1.00
2018.05.22 04:27:00.005,0.69492,0.69501,2.32,1.87
2018.05.22 04:27:00.162,0.69492,0.69499,1.00,1.00
2018.05.22 04:27:00.690,0.6949,0.695,2.32,1.57
2018.05.22 04:27:01.226,0.6949,0.695,2.32,1.50
2018.05.22 04:27:01.652,0.6949,0.695,2.70,1.50
2018.05.22 04:27:21.476,0.69492,0.695,1.07,1.12
2018.05.22 04:27:21.997,0.69492,0.695,1.20,1.12
2018.05.22 04:27:22.505,0.69492,0.695,1.20,1.12
2018.05.22 04:27:24.041,0.69492,0.695,1.45,1.12
2018.05.22 04:27:26.689,0.69492,0.695,1.45,1.00
2018.05.22 04:27:30.997,0.69491,0.69501,2.92,1.12
2018.05.22 04:27:32.559,0.69491,0.69499,1.57,1.00
2018.05.22 04:27:33.076,0.69491,0.69499,1.57,1.00
2018.05.22 04:27:34.386,0.69491,0.69499,1.57,1.00
2018.05.22 04:27:42.839,0.69491,0.69501,2.32,1.12
2018.05.22 04:27:43.613,0.69491,0.69501,2.32,1.12
2018.05.22 04:27:44.263,0.69491,0.69501,2.32,1.12
2018.05.22 04:27:45.155,0.69491,0.69501,2.32,1.12
2018.05.22 04:27:45.309,0.69491,0.69501,2.32,1.12
2018.05.22 04:27:45.927,0.69491,0.69501,3.82,1.12
2018.05.22 04:27:45.978,0.69491,0.69501,2.32,1.12
2018.05.22 04:27:46.479,0.69491,0.69501,2.32,1.12
2018.05.22 04:27:46.689,0.69491,0.69501,2.32,1.12
2018.05.22 04:27:47.162,0.69491,0.69501,2.32,1.12
2018.05.22 04:27:47.362,0.69491,0.69501,2.32,1.12
2018.05.22 04:27:47.911,0.69491,0.69501,3.82,1.12
2018.05.22 04:27:48.711,0.69491,0.69501,2.32,1.12
2018.05.22 04:27:49.141,0.69491,0.69501,2.32,1.12
2018.05.22 04:27:55.041,0.69491,0.69501,3.07,1.12
2018.05.22 04:28:21.145,0.69491,0.69501,3.07,1.12
2018.05.22 04:28:30.485,0.69491,0.69501,2.32,1.12
2018.05.22 04:28:31.061,0.69491,0.69501,2.32,1.12
2018.05.22 04:28:31.601,0.69491,0.69501,2.32,1.12
2018.05.22 04:28:32.499,0.69491,0.69501,2.32,1.12
2018.05.22 04:28:37.684,0.69492,0.69501,1.20,1.12
2018.05.22 04:28:38.515,0.69492,0.69501,1.07,1.12
2018.05.22 04:28:39.044,0.69492,0.69501,1.45,1.12
2018.05.22 04:28:39.641,0.69492,0.69501,3.07,1.00
2018.05.22 04:28:40.630,0.69492,0.69501,1.95,1.12
2018.05.22 04:28:41.222,0.69492,0.69501,1.95,1.12
2018.05.22 04:28:49.221,0.69492,0.69501,3.30,1.12
2018.05.22 04:28:49.735,0.69493,0.69501,1.10,1.12
2018.05.22 04:28:50.311,0.69492,0.69501,3.30,1.12
2018.05.22 04:28:52.881,0.69493,0.69501,1.07,1.12
2018.05.22 04:28:55.106,0.69493,0.69502,1.07,1.50
2018.05.22 04:28:55.622,0.69496,0.69505,1.10,1.87
2018.05.22 04:28:55.727,0.69496,0.69506,1.57,1.87
2018.05.22 04:29:00.691,0.69496,0.69506,2.32,1.87
2018.05.22 04:29:02.827,0.69496,0.69506,2.32,1.87
2018.05.22 04:29:04.824,0.69496,0.69506,2.32,1.87
2018.05.22 04:29:05.168,0.69493,0.69503,3.82,1.12
2018.05.22 04:29:05.220,0.69493,0.69503,2.32,1.12
2018.05.22 04:29:07.282,0.69493,0.69503,1.95,2.81
2018.05.22 04:29:07.440,0.69493,0.69501,1.20,1.00
2018.05.22 04:29:08.006,0.69493,0.69501,1.20,1.00
2018.05.22 04:29:08.595,0.69493,0.69501,1.20,1.00
2018.05.22 04:29:09.422,0.69493,0.69501,1.20,1.00
2018.05.22 04:29:09.989,0.69493,0.69501,1.20,1.00
2018.05.22 04:29:10.176,0.69493,0.69501,1.45,1.00
2018.05.22 04:29:10.371,0.69493,0.69501,1.20,1.00
2018.05.22 04:29:10.922,0.69493,0.69501,1.20,1.00
2018.05.22 04:29:11.691,0.69493,0.69501,1.20,1.00
2018.05.22 04:29:12.321,0.69493,0.69501,1.20,1.00
2018.05.22 04:29:12.669,0.69493,0.69503,2.32,1.12
2018.05.22 04:29:24.141,0.69493,0.69503,2.32,1.12
2018.05.22 04:29:24.307,0.69493,0.69502,1.57,1.69
2018.05.22 04:29:37.789,0.69493,0.69502,1.07,1.50
2018.05.22 04:29:38.127,0.6949,0.69499,1.45,1.00
2018.05.22 04:29:38.542,0.69492,0.69501,1.20,1.12
2018.05.22 04:29:50.545,0.69495,0.69504,1.12,1.00
2018.05.22 04:29:50.648,0.69497,0.69506,1.12,1.50
2018.05.22 04:29:51.162,0.69497,0.69506,1.57,1.50
2018.05.22 04:29:53.737,0.69496,0.69505,1.45,1.12
2018.05.22 04:29:54.467,0.69497,0.69505,1.07,1.12
2018.05.22 04:29:54.969,0.69495,0.69505,3.07,1.12
2018.05.22 04:29:57.849,0.69496,0.69505,1.45,1.12
2018.05.22 04:29:58.366,0.69496,0.69505,1.45,1.12
2018.05.22 04:30:00.322,0.69497,0.69505,1.07,1.12
2018.05.22 04:30:00.953,0.69495,0.69505,3.07,1.12
2018.05.22 04:30:01.845,0.69496,0.69505,1.45,1.12
2018.05.22 04:30:02.384,0.69495,0.69505,3.07,1.12
2018.05.22 04:30:02.705,0.69495,0.69502,1.82,1.00
2018.05.22 04:30:02.860,0.69494,0.69502,1.45,1.25
2018.05.22 04:30:03.271,0.69492,0.69502,1.95,1.25
2018.05.22 04:30:03.777,0.69492,0.69502,1.20,1.19
2018.05.22 04:30:04.278,0.69494,0.69502,1.10,1.25
2018.05.22 04:30:13.919,0.69494,0.69502,1.20,1.12
2018.05.22 04:30:14.022,0.69494,0.69502,1.10,1.12
2018.05.22 04:30:14.567,0.69494,0.69503,1.07,3.56
2018.05.22 04:30:20.466,0.69494,0.69503,1.10,2.25
2018.05.22 04:30:20.599,0.69494,0.69503,1.20,3.00
2018.05.22 04:30:20.752,0.69494,0.69503,1.10,2.44
2018.05.22 04:30:21.418,0.69492,0.69501,2.32,1.00
2018.05.22 04:30:24.165,0.69492,0.69501,1.20,1.12
2018.05.22 04:30:24.679,0.69492,0.695,1.07,1.12
2018.05.22 04:30:25.444,0.69492,0.695,1.10,1.12
2018.05.22 04:30:25.981,0.69492,0.695,1.07,1.12
2018.05.22 04:30:26.491,0.69492,0.695,1.10,1.12
2018.05.22 04:30:27.060,0.69492,0.695,1.07,1.12
2018.05.22 04:30:27.608,0.69492,0.695,1.00,1.12
2018.05.22 04:30:29.133,0.69492,0.69498,1.00,1.00
2018.05.22 04:30:29.290,0.6949,0.69498,1.00,1.25
2018.05.22 04:30:33.558,0.69489,0.69498,1.87,1.50
2018.05.22 04:30:37.475,0.69489,0.69497,1.00,1.37
2018.05.22 04:30:44.623,0.69489,0.69497,1.00,1.12
2018.05.22 04:31:04.537,0.69489,0.69495,1.00,3.00
2018.05.22 04:31:04.875,0.69483,0.6949,1.75,1.00
2018.05.22 04:31:05.080,0.69483,0.6949,1.00,1.10
2018.05.22 04:31:16.358,0.69483,0.69489,1.00,1.00
2018.05.22 04:31:22.294,0.69483,0.69488,1.00,1.00
2018.05.22 04:31:30.044,0.69482,0.69488,1.00,1.00
2018.05.22 04:31:30.595,0.69482,0.69487,1.00,1.00
2018.05.22 04:31:48.742,0.69482,0.69488,1.00,1.00
2018.05.22 04:31:52.270,0.69482,0.69487,1.00,1.00
2018.05.22 04:32:00.275,0.69482,0.69488,1.00,1.00
2018.05.22 04:32:16.690,0.69482,0.69489,1.00,1.00
2018.05.22 04:32:18.778,0.69482,0.69488,1.10,1.00
2018.05.22 04:32:20.812,0.69487,0.69493,1.00,1.07
2018.05.22 04:32:20.866,0.69487,0.69494,1.00,1.00
2018.05.22 04:32:21.368,0.69488,0.69495,1.00,1.00
2018.05.22 04:32:22.578,0.69487,0.69493,1.10,1.00
2018.05.22 04:32:23.090,0.69487,0.69492,1.00,1.00
2018.05.22 04:32:23.613,0.69487,0.69493,1.00,1.00
2018.05.22 04:32:25.061,0.69487,0.69494,1.00,1.00
2018.05.22 04:32:25.662,0.69488,0.69494,1.10,1.00
2018.05.22 04:32:26.866,0.69489,0.69495,1.00,1.00
2018.05.22 04:32:28.580,0.69491,0.69497,1.00,1.50
2018.05.22 04:32:29.143,0.6949,0.69497,1.00,1.00
2018.05.22 04:32:31.720,0.6949,0.69498,1.50,1.00
2018.05.22 04:32:32.028,0.6949,0.69495,1.10,1.00
2018.05.22 04:32:35.418,0.6949,0.69497,1.10,1.00
2018.05.22 04:32:36.756,0.69491,0.69497,1.50,1.00
2018.05.22 04:32:36.933,0.69493,0.69497,1.00,1.00
2018.05.22 04:32:37.468,0.69493,0.69498,1.00,1.00
2018.05.22 04:32:38.830,0.69493,0.69497,1.00,1.00
2018.05.22 04:32:41.017,0.69493,0.69499,1.00,1.00
2018.05.22 04:32:41.622,0.69493,0.695,1.00,1.50
2018.05.22 04:32:42.143,0.69493,0.69499,1.00,1.00
2018.05.22 04:32:42.699,0.69493,0.695,1.00,1.50
2018.05.22 04:32:43.224,0.69493,0.69499,1.00,1.00
2018.05.22 04:32:46.883,0.69493,0.695,1.00,1.50
2018.05.22 04:32:47.395,0.69493,0.69499,1.00,1.00
2018.05.22 04:32:53.854,0.69493,0.695,1.00,1.00
2018.05.22 04:32:54.400,0.69493,0.69499,1.00,1.00
2018.05.22 04:32:55.069,0.69493,0.695,1.00,1.00
2018.05.22 04:32:55.608,0.69493,0.69498,1.00,1.00
2018.05.22 04:33:39.129,0.69491,0.69498,1.00,1.00
2018.05.22 04:33:39.182,0.6949,0.69495,1.10,1.00
2018.05.22 04:33:39.340,0.69487,0.69494,1.10,1.00
2018.05.22 04:33:39.465,0.69487,0.69491,1.00,1.00
2018.05.22 04:33:39.579,0.69483,0.69489,1.57,1.00
2018.05.22 04:33:40.108,0.69483,0.69488,1.00,1.00
2018.05.22 04:33:40.652,0.69483,0.69487,1.00,1.00
2018.05.22 04:33:43.075,0.69482,0.69487,1.00,1.00
2018.05.22 04:33:50.377,0.69482,0.69488,1.00,1.00
2018.05.22 04:34:03.347,0.69482,0.69487,1.00,1.00
2018.05.22 04:34:17.586,0.69481,0.69487,1.00,1.00
2018.05.22 04:34:18.141,0.6948,0.69486,1.12,1.00
2018.05.22 04:34:33.795,0.6948,0.69487,1.12,1.00
2018.05.22 04:34:41.667,0.6948,0.69485,1.12,1.00
2018.05.22 04:34:41.872,0.6948,0.69487,1.12,1.00
2018.05.22 04:35:00.021,0.6948,0.69487,1.20,1.00
2018.05.22 04:35:02.317,0.6948,0.69487,1.12,1.00
2018.05.22 04:35:15.791,0.6948,0.69489,1.10,1.12
2018.05.22 04:35:22.496,0.6948,0.69489,1.95,1.50
2018.05.22 04:35:27.640,0.69481,0.69488,1.10,1.00
2018.05.22 04:35:36.073,0.69483,0.6949,1.00,1.20
2018.05.22 04:35:36.125,0.69484,0.69492,1.50,1.00
2018.05.22 04:35:36.177,0.69485,0.69494,1.00,1.57
2018.05.22 04:35:36.235,0.69487,0.69495,1.00,1.10
2018.05.22 04:35:36.537,0.69488,0.69495,1.20,1.00
2018.05.22 04:35:36.691,0.69488,0.69497,1.20,1.12
2018.05.22 04:35:41.316,0.69489,0.69498,1.57,1.50
2018.05.22 04:35:41.863,0.69489,0.69498,1.57,1.50
2018.05.22 04:35:43.163,0.69489,0.69498,1.57,1.50
2018.05.22 04:35:43.715,0.6949,0.69499,1.57,1.50
2018.05.22 04:35:44.802,0.6949,0.69499,1.57,1.69
2018.05.22 04:35:47.967,0.69492,0.695,1.07,1.87
2018.05.22 04:35:48.122,0.69492,0.695,1.10,1.12
2018.05.22 04:35:48.638,0.6949,0.69497,1.20,1.00
2018.05.22 04:35:49.524,0.6949,0.69497,1.20,1.00
2018.05.22 04:35:56.587,0.6949,0.69497,1.45,1.00
2018.05.22 04:35:56.857,0.69489,0.69498,1.57,1.00
2018.05.22 04:36:00.350,0.6949,0.69499,1.07,1.12
2018.05.22 04:36:01.804,0.6949,0.69497,1.20,1.00
2018.05.22 04:36:04.823,0.6949,0.69497,1.45,1.00
2018.05.22 04:36:05.384,0.6949,0.69497,1.07,1.00
2018.05.22 04:36:05.907,0.6949,0.69497,1.45,1.00
2018.05.22 04:36:07.744,0.6949,0.69497,1.20,1.00
2018.05.22 04:36:08.423,0.6949,0.69497,1.45,1.00
2018.05.22 04:36:08.936,0.69489,0.69497,1.57,1.00
2018.05.22 04:36:09.941,0.69489,0.69497,1.57,1.00
2018.05.22 04:36:10.662,0.69489,0.69497,1.57,1.00
2018.05.22 04:36:11.262,0.69489,0.69498,1.57,1.00
2018.05.22 04:36:11.845,0.6949,0.69499,1.20,1.87
2018.05.22 04:36:12.348,0.6949,0.69499,1.45,1.87
2018.05.22 04:36:15.265,0.6949,0.69499,1.07,1.87
2018.05.22 04:36:15.800,0.6949,0.69499,1.20,1.87
2018.05.22 04:36:16.960,0.6949,0.69499,1.20,1.87
2018.05.22 04:36:17.469,0.6949,0.69499,1.20,1.87
2018.05.22 04:36:19.580,0.6949,0.69499,1.20,1.87
2018.05.22 04:36:20.089,0.6949,0.69499,1.20,1.87
2018.05.22 04:36:22.533,0.6949,0.69497,1.20,1.00
2018.05.22 04:36:23.313,0.69489,0.69497,1.07,1.00
2018.05.22 04:36:23.822,0.69489,0.69497,1.07,1.00
2018.05.22 04:36:24.528,0.69488,0.69497,3.82,1.00
2018.05.22 04:36:24.580,0.69489,0.69497,1.07,1.00
2018.05.22 04:36:25.113,0.69489,0.69497,1.07,1.00
2018.05.22 04:36:25.673,0.69489,0.69497,1.07,1.00
2018.05.22 04:36:26.492,0.69488,0.69497,3.07,1.00
2018.05.22 04:36:27.118,0.6949,0.69499,1.20,2.62
2018.05.22 04:36:27.990,0.6949,0.69499,1.20,1.12
2018.05.22 04:36:30.990,0.6949,0.69499,1.20,1.12
2018.05.22 04:36:32.945,0.6949,0.69498,1.20,1.00
2018.05.22 04:36:33.488,0.69489,0.69499,2.32,1.00
2018.05.22 04:36:50.044,0.69495,0.695,1.00,1.00
2018.05.22 04:36:50.150,0.69497,0.69504,2.25,1.00
2018.05.22 04:36:50.203,0.69499,0.69508,1.87,1.95
2018.05.22 04:36:50.257,0.69499,0.69506,1.45,1.00
2018.05.22 04:36:50.310,0.69499,0.69508,1.07,1.00
2018.05.22 04:36:50.416,0.69501,0.69509,3.07,1.00
2018.05.22 04:36:51.037,0.69501,0.69509,2.70,1.00
2018.05.22 04:36:51.552,0.69501,0.6951,5.55,1.00
2018.05.22 04:36:57.987,0.69502,0.6951,1.57,1.00
2018.05.22 04:36:58.304,0.69503,0.69512,2.32,1.00
2018.05.22 04:36:58.831,0.69503,0.69512,3.07,1.12
2018.05.22 04:37:00.223,0.69503,0.69511,1.07,1.00
2018.05.22 04:37:00.744,0.69502,0.69511,1.57,1.00
2018.05.22 04:37:01.968,0.69502,0.6951,1.07,1.00
2018.05.22 04:37:02.511,0.69501,0.6951,4.95,1.00
2018.05.22 04:37:04.250,0.69502,0.6951,1.07,1.00
2018.05.22 04:37:05.903,0.69501,0.6951,3.07,1.00
2018.05.22 04:37:06.061,0.695,0.69507,1.07,1.50
2018.05.22 04:37:06.165,0.69499,0.69508,1.00,3.56
2018.05.22 04:37:06.431,0.695,0.69509,1.00,1.12
2018.05.22 04:37:06.535,0.695,0.69509,4.20,1.00
2018.05.22 04:37:07.303,0.69501,0.6951,1.50,1.12
2018.05.22 04:37:08.157,0.69501,0.6951,1.00,1.12
2018.05.22 04:37:46.227,0.69502,0.69509,1.00,1.00
2018.05.22 04:37:57.375,0.69501,0.69511,5.32,1.12
2018.05.22 04:37:57.912,0.69501,0.69511,3.45,1.12
2018.05.22 04:37:59.044,0.69501,0.69511,3.07,1.12
2018.05.22 04:38:01.143,0.69501,0.69511,1.95,1.20
2018.05.22 04:38:01.649,0.69501,0.69511,1.95,1.12
2018.05.22 04:38:11.819,0.69501,0.69511,2.70,1.12
2018.05.22 04:38:12.553,0.695,0.6951,1.95,2.62
2018.05.22 04:38:13.068,0.695,0.6951,2.70,2.62
2018.05.22 04:38:23.470,0.695,0.6951,1.80,1.95
2018.05.22 04:38:36.261,0.69501,0.69509,1.00,1.00
2018.05.22 04:38:45.110,0.69503,0.69509,1.00,1.00
2018.05.22 04:38:45.657,0.69502,0.69509,1.95,1.00
2018.05.22 04:38:47.857,0.69501,0.69511,2.32,1.50
2018.05.22 04:39:02.730,0.69501,0.69511,1.50,3.07
2018.05.22 04:39:05.446,0.69496,0.69505,4.20,1.12
2018.05.22 04:39:05.498,0.69496,0.69505,1.00,1.87
2018.05.22 04:39:05.550,0.69494,0.69502,1.07,1.00
2018.05.22 04:39:05.602,0.69493,0.69502,1.00,1.50
2018.05.22 04:39:06.118,0.69492,0.69501,2.25,1.10
2018.05.22 04:39:06.672,0.69492,0.69501,1.00,2.32
2018.05.22 04:39:07.510,0.69491,0.69501,1.57,2.32
2018.05.22 04:39:09.945,0.69493,0.69501,1.87,1.20
2018.05.22 04:39:10.255,0.69496,0.69505,1.00,1.57
2018.05.22 04:39:12.017,0.69496,0.69505,1.20,1.20
2018.05.22 04:39:12.331,0.69498,0.69505,1.00,1.00
2018.05.22 04:39:13.781,0.69495,0.69504,3.45,1.00
2018.05.22 04:39:13.833,0.69493,0.695,1.57,1.00
2018.05.22 04:39:14.482,0.69493,0.69502,1.00,1.87
2018.05.22 04:39:15.100,0.69492,0.69502,1.35,1.95
2018.05.22 04:39:22.086,0.69492,0.695,1.00,1.12
2018.05.22 04:39:22.614,0.69492,0.69499,1.00,1.00
2018.05.22 04:39:27.110,0.6949,0.69499,1.20,1.20
2018.05.22 04:39:27.620,0.69489,0.69499,1.20,2.32
2018.05.22 04:39:28.161,0.69489,0.69499,1.12,1.57
2018.05.22 04:39:28.418,0.69488,0.69497,1.20,1.00
2018.05.22 04:39:43.336,0.69487,0.69497,1.95,1.95
2018.05.22 04:39:43.875,0.69487,0.69497,1.87,1.10
2018.05.22 04:39:44.603,0.69487,0.69497,1.95,1.95
2018.05.22 04:39:45.119,0.69487,0.69497,1.87,1.10
2018.05.22 04:39:46.497,0.69487,0.69497,1.95,1.20
2018.05.22 04:39:47.485,0.69487,0.69497,1.87,1.10
2018.05.22 04:39:47.990,0.69488,0.69498,1.12,1.20
2018.05.22 04:39:49.126,0.69488,0.69498,1.20,2.32
2018.05.22 04:39:49.687,0.69488,0.69498,1.12,1.20
2018.05.22 04:39:50.395,0.69488,0.69498,1.20,2.32
2018.05.22 04:39:50.901,0.69488,0.69498,1.12,1.20
2018.05.22 04:39:51.431,0.69488,0.69497,1.12,1.10
2018.05.22 04:39:52.054,0.69488,0.69497,1.12,1.95
2018.05.22 04:39:52.692,0.69488,0.69497,1.12,1.20
2018.05.22 04:39:53.667,0.69488,0.69497,1.12,1.20
2018.05.22 04:39:54.187,0.69488,0.69497,1.12,1.10
2018.05.22 04:39:54.722,0.69488,0.69497,1.12,1.20
2018.05.22 04:39:55.232,0.69488,0.69497,1.12,1.95
2018.05.22 04:39:55.284,0.69488,0.69497,1.12,1.20
2018.05.22 04:39:55.802,0.69488,0.69497,1.12,1.95
2018.05.22 04:39:57.168,0.69488,0.69497,1.12,1.10
2018.05.22 04:39:57.704,0.69488,0.69497,1.00,2.32
2018.05.22 04:39:57.756,0.69487,0.69494,1.00,1.00
2018.05.22 04:39:57.859,0.69482,0.69492,1.12,2.32
2018.05.22 04:39:58.417,0.69482,0.69491,1.00,2.32
2018.05.22 04:40:00.174,0.69482,0.6949,2.47,1.10
2018.05.22 04:40:00.277,0.69485,0.69492,2.25,1.95
2018.05.22 04:40:00.330,0.69485,0.69494,1.00,2.32
2018.05.22 04:40:00.851,0.69484,0.69494,3.07,2.32
2018.05.22 04:40:01.004,0.69483,0.69492,1.00,1.57
2018.05.22 04:40:01.793,0.69483,0.69492,1.00,1.57
2018.05.22 04:40:02.421,0.69483,0.69492,1.00,1.57
2018.05.22 04:40:03.102,0.69483,0.69492,1.00,1.57
2018.05.22 04:40:03.633,0.69483,0.69492,1.00,1.57
2018.05.22 04:40:04.574,0.69483,0.69492,1.00,1.57
2018.05.22 04:40:05.077,0.69483,0.69492,1.00,1.57
2018.05.22 04:40:05.230,0.69481,0.69491,1.87,1.57
2018.05.22 04:40:05.738,0.69481,0.6949,1.00,1.47
2018.05.22 04:40:08.292,0.69481,0.69489,1.00,1.07
2018.05.22 04:40:08.848,0.69481,0.6949,1.00,1.47
2018.05.22 04:40:10.676,0.69481,0.6949,1.37,2.32
2018.05.22 04:40:11.212,0.69481,0.6949,1.00,2.32
2018.05.22 04:40:12.387,0.69481,0.69489,1.00,1.45
2018.05.22 04:40:13.053,0.69481,0.6949,1.00,2.32
2018.05.22 04:40:13.826,0.69482,0.69491,1.50,2.32
2018.05.22 04:40:14.343,0.69483,0.69491,1.87,1.10
2018.05.22 04:40:15.993,0.69483,0.69492,1.50,1.20
2018.05.22 04:40:16.045,0.69486,0.69493,1.00,1.95
2018.05.22 04:40:16.200,0.69486,0.69495,1.12,1.10
2018.05.22 04:40:16.510,0.69486,0.69494,1.12,1.20
2018.05.22 04:40:17.313,0.69487,0.69495,1.00,1.10
2018.05.22 04:40:17.677,0.69487,0.69494,1.00,1.37
2018.05.22 04:40:17.857,0.69487,0.69495,1.00,1.10
2018.05.22 04:40:20.243,0.69485,0.69494,3.00,1.87
2018.05.22 04:40:20.556,0.69483,0.6949,1.00,1.12
2018.05.22 04:40:21.373,0.69481,0.6949,1.50,1.37
2018.05.22 04:40:23.533,0.69482,0.6949,1.00,1.57
2018.05.22 04:40:23.682,0.69479,0.69484,1.07,1.00
2018.05.22 04:40:23.735,0.69475,0.69484,1.10,1.12
2018.05.22 04:40:23.997,0.69477,0.69486,1.00,3.07
2018.05.22 04:40:24.514,0.69477,0.69486,1.00,1.20
2018.05.22 04:40:25.143,0.69477,0.69484,1.00,1.37
2018.05.22 04:40:25.494,0.69476,0.69482,1.00,1.20
2018.05.22 04:40:27.644,0.69472,0.69481,1.00,1.37
2018.05.22 04:40:28.172,0.69472,0.69479,1.00,1.20
2018.05.22 04:40:29.230,0.6947,0.69478,1.00,1.20
2018.05.22 04:40:31.145,0.6947,0.69479,1.00,1.95
2018.05.22 04:40:31.769,0.6947,0.69478,1.00,1.20
2018.05.22 04:40:33.399,0.6947,0.69477,1.00,1.20
2018.05.22 04:40:33.920,0.69469,0.69478,1.50,1.95
2018.05.22 04:40:37.105,0.69469,0.69478,1.50,1.10
2018.05.22 04:40:37.611,0.69469,0.69479,1.50,1.57
2018.05.22 04:40:38.109,0.69471,0.6948,1.00,1.57
2018.05.22 04:40:38.648,0.69471,0.6948,1.00,1.20
2018.05.22 04:40:39.157,0.69471,0.6948,1.00,2.32
2018.05.22 04:40:39.694,0.69471,0.6948,1.00,1.57
2018.05.22 04:40:40.206,0.69472,0.6948,1.00,2.32
2018.05.22 04:40:40.714,0.69472,0.6948,1.00,1.57
2018.05.22 04:40:41.533,0.69472,0.6948,1.00,2.32
2018.05.22 04:40:42.049,0.69472,0.6948,1.00,1.20
2018.05.22 04:40:43.483,0.69472,0.6948,1.00,2.32
2018.05.22 04:40:44.915,0.69472,0.6948,1.00,1.20
2018.05.22 04:40:51.218,0.69474,0.69484,1.12,1.57
2018.05.22 04:40:51.272,0.69476,0.69483,1.00,1.00
2018.05.22 04:40:51.325,0.69477,0.69486,1.50,1.10
2018.05.22 04:40:51.677,0.69477,0.69486,1.57,1.00
2018.05.22 04:40:54.293,0.69478,0.69487,1.57,1.00
2018.05.22 04:40:56.701,0.69478,0.69487,1.57,1.19
2018.05.22 04:40:57.279,0.69478,0.69487,1.57,1.00
2018.05.22 04:41:11.896,0.69477,0.69487,1.95,1.00
2018.05.22 04:41:12.793,0.69477,0.69487,1.95,1.20
2018.05.22 04:41:13.642,0.69477,0.69487,1.95,1.00
2018.05.22 04:41:14.672,0.69477,0.69487,1.95,1.10
2018.05.22 04:41:15.232,0.69477,0.69487,1.95,1.00
2018.05.22 04:41:16.526,0.69477,0.69487,1.95,1.95
2018.05.22 04:41:17.076,0.69477,0.69487,1.87,1.10
2018.05.22 04:41:18.780,0.69477,0.69487,1.95,1.95
2018.05.22 04:41:19.385,0.69477,0.69487,1.87,1.10
2018.05.22 04:41:23.077,0.69477,0.69487,1.95,1.20
2018.05.22 04:41:23.600,0.69477,0.69487,1.95,1.00
2018.05.22 04:41:24.070,0.69478,0.69487,1.20,1.10
2018.05.22 04:41:24.619,0.69478,0.69488,1.87,1.20
2018.05.22 04:41:25.588,0.69476,0.69484,4.20,1.00
2018.05.22 04:41:25.690,0.69477,0.69486,1.10,1.57
2018.05.22 04:41:26.223,0.69476,0.69486,1.12,1.20
2018.05.22 04:41:26.942,0.69476,0.69486,1.20,2.32
2018.05.22 04:41:27.445,0.69476,0.69486,1.12,1.20
2018.05.22 04:41:30.144,0.69476,0.69486,1.20,1.57
2018.05.22 04:41:30.678,0.69476,0.69486,1.20,1.12
2018.05.22 04:41:31.262,0.69476,0.69486,1.20,1.57
2018.05.22 04:41:31.471,0.69476,0.69485,1.12,1.87
2018.05.22 04:41:31.852,0.69472,0.6948,1.10,1.12
2018.05.22 04:41:32.466,0.69472,0.6948,1.00,1.57
2018.05.22 04:41:33.138,0.69472,0.6948,1.00,1.20
2018.05.22 04:41:33.670,0.69472,0.69479,1.00,1.00
2018.05.22 04:41:39.775,0.6947,0.69479,1.12,1.00
2018.05.22 04:41:42.168,0.69469,0.69479,1.95,1.12
2018.05.22 04:41:43.546,0.6947,0.69479,1.00,1.12
2018.05.22 04:41:53.762,0.6947,0.69477,1.00,1.00
2018.05.22 04:42:10.366,0.69467,0.69477,3.37,1.95
2018.05.22 04:42:10.884,0.69467,0.69477,1.95,1.12
2018.05.22 04:42:11.435,0.69467,0.69477,1.12,2.32
2018.05.22 04:42:11.945,0.69467,0.69477,1.12,1.57
2018.05.22 04:42:12.363,0.69469,0.69476,1.00,1.00
2018.05.22 04:42:37.238,0.69468,0.69477,1.50,1.12
2018.05.22 04:42:46.761,0.6947,0.69479,1.50,1.95
2018.05.22 04:42:46.914,0.6947,0.69479,1.50,1.00
2018.05.22 04:42:48.568,0.6947,0.6948,1.57,1.95
2018.05.22 04:42:48.828,0.69471,0.69481,4.80,1.00
2018.05.22 04:42:49.198,0.69471,0.69481,3.07,1.00
2018.05.22 04:42:49.251,0.69474,0.69483,1.87,1.00
2018.05.22 04:42:49.462,0.69476,0.69486,1.20,1.12
2018.05.22 04:42:50.121,0.69476,0.69486,1.20,1.57
2018.05.22 04:42:50.645,0.69476,0.69486,1.20,1.12
2018.05.22 04:42:51.180,0.69476,0.69486,1.20,1.12
2018.05.22 04:42:52.757,0.69476,0.69486,1.20,1.57
2018.05.22 04:42:53.274,0.69476,0.69486,1.20,1.12
2018.05.22 04:42:54.287,0.69476,0.69486,1.20,1.20
2018.05.22 04:42:54.847,0.69476,0.69486,1.20,1.12
2018.05.22 04:42:56.519,0.69476,0.69486,1.20,1.20
2018.05.22 04:42:57.055,0.69476,0.69485,1.20,1.00
2018.05.22 04:42:57.645,0.69476,0.69485,1.20,1.00
2018.05.22 04:42:58.010,0.69477,0.69487,1.57,1.95
2018.05.22 04:42:58.677,0.69478,0.69487,1.20,1.00
2018.05.22 04:42:59.804,0.69477,0.69486,1.57,1.00
2018.05.22 04:43:00.183,0.69477,0.69486,1.57,1.10
2018.05.22 04:43:26.134,0.69476,0.69483,1.47,1.00
2018.05.22 04:43:26.256,0.69474,0.69483,1.20,1.00
2018.05.22 04:43:29.107,0.69472,0.69481,1.10,1.50
2018.05.22 04:43:29.726,0.69471,0.69481,1.50,1.57
2018.05.22 04:43:30.268,0.69471,0.6948,1.00,1.00
2018.05.22 04:43:31.201,0.6947,0.69479,1.57,1.00
2018.05.22 04:43:31.539,0.6947,0.69477,1.00,1.00
2018.05.22 04:43:31.846,0.69472,0.69481,1.87,1.50
2018.05.22 04:43:32.279,0.6947,0.6948,1.95,1.12
2018.05.22 04:43:32.790,0.69471,0.69481,1.12,1.57
2018.05.22 04:43:34.744,0.6947,0.6948,3.45,1.00
2018.05.22 04:43:35.364,0.6947,0.6948,1.50,2.32
2018.05.22 04:43:38.752,0.69469,0.69479,1.20,1.12
2018.05.22 04:43:39.450,0.6947,0.6948,1.50,1.95
2018.05.22 04:43:44.108,0.6947,0.69479,1.50,2.32
2018.05.22 04:43:44.314,0.6947,0.6948,1.87,1.57
2018.05.22 04:43:44.868,0.6947,0.6948,1.95,2.32
2018.05.22 04:43:45.373,0.6947,0.6948,1.87,1.57
2018.05.22 04:43:47.867,0.6947,0.69479,1.50,1.00
2018.05.22 04:43:48.392,0.69469,0.69479,1.00,3.07
2018.05.22 04:44:00.632,0.69471,0.69478,1.00,1.12
2018.05.22 04:44:05.188,0.69469,0.69478,1.57,1.10
2018.05.22 04:44:05.854,0.6947,0.69479,1.00,1.10
2018.05.22 04:44:07.531,0.69469,0.69479,4.01,1.00
2018.05.22 04:44:08.199,0.69469,0.69479,3.82,1.00
2018.05.22 04:44:10.657,0.69469,0.69479,4.57,1.00
2018.05.22 04:44:11.171,0.69469,0.69479,3.82,1.00
2018.05.22 04:44:11.796,0.69469,0.69479,4.95,1.00
2018.05.22 04:44:12.489,0.69469,0.69479,4.01,1.00
2018.05.22 04:44:13.317,0.69469,0.69479,4.39,1.00
2018.05.22 04:44:13.861,0.69469,0.69479,4.39,1.00
2018.05.22 04:44:14.521,0.69474,0.6948,2.85,1.00
2018.05.22 04:44:14.574,0.69476,0.69484,3.30,1.00
2018.05.22 04:44:14.627,0.69477,0.69486,2.32,1.20
2018.05.22 04:44:16.214,0.69477,0.69487,2.70,1.00
2018.05.22 04:44:18.630,0.69477,0.69487,2.32,1.00
2018.05.22 04:44:19.422,0.69477,0.69487,1.95,1.00
2018.05.22 04:44:20.081,0.69477,0.69486,1.20,1.00
2018.05.22 04:44:24.939,0.69476,0.69484,1.07,1.00
2018.05.22 04:44:25.095,0.69475,0.69484,1.57,1.10
2018.05.22 04:44:25.796,0.69477,0.69484,1.00,1.12
2018.05.22 04:44:26.229,0.69477,0.69487,1.57,1.50
2018.05.22 04:44:26.758,0.69477,0.69487,1.57,1.50
2018.05.22 04:44:29.709,0.69478,0.69487,1.07,1.00
2018.05.22 04:44:30.421,0.69478,0.69487,1.10,1.00
2018.05.22 04:44:31.523,0.69478,0.69487,1.07,1.00
2018.05.22 04:44:32.049,0.69478,0.69487,1.10,1.00
2018.05.22 04:44:32.633,0.69478,0.69487,1.07,1.00
2018.05.22 04:44:33.138,0.69478,0.69487,1.10,1.00
2018.05.22 04:44:33.780,0.69478,0.69487,1.07,1.00
2018.05.22 04:44:41.429,0.69478,0.69487,1.10,1.00
2018.05.22 04:44:44.659,0.69478,0.69488,1.57,1.00
2018.05.22 04:44:44.833,0.69479,0.69488,3.37,1.00
2018.05.22 04:45:00.023,0.69479,0.69488,1.87,1.00
2018.05.22 04:45:02.473,0.69478,0.69488,1.00,2.51
2018.05.22 04:45:03.023,0.69478,0.69488,1.00,2.51
2018.05.22 04:45:03.568,0.69478,0.69487,1.00,1.37
2018.05.22 04:45:05.188,0.69477,0.69486,1.10,1.37
2018.05.22 04:45:05.523,0.69475,0.69483,1.00,1.87
2018.05.22 04:45:06.304,0.69475,0.69483,1.00,1.00
2018.05.22 04:45:07.007,0.69475,0.69485,1.95,2.25
2018.05.22 04:45:15.482,0.69475,0.69485,2.70,1.00
2018.05.22 04:45:23.349,0.69476,0.69486,1.10,1.12
2018.05.22 04:45:23.860,0.69476,0.69486,1.57,1.12
2018.05.22 04:45:24.393,0.69477,0.69486,1.20,1.12
2018.05.22 04:45:24.897,0.69477,0.69486,1.20,1.12
2018.05.22 04:45:26.132,0.69477,0.69486,1.20,1.12
2018.05.22 04:45:26.760,0.69477,0.69486,1.20,1.12
2018.05.22 04:45:27.789,0.69477,0.69487,1.95,1.50
2018.05.22 04:45:28.843,0.69477,0.69487,1.95,1.57
2018.05.22 04:45:29.758,0.69477,0.69487,2.70,1.00
2018.05.22 04:46:14.427,0.69475,0.69485,1.20,1.00
2018.05.22 04:46:14.941,0.69475,0.69485,1.20,1.00
2018.05.22 04:46:26.762,0.69472,0.69482,3.07,1.12
2018.05.22 04:46:27.072,0.69472,0.6948,1.37,1.12
2018.05.22 04:46:27.582,0.69471,0.6948,1.47,1.12
2018.05.22 04:46:28.088,0.6947,0.6948,1.57,1.50
2018.05.22 04:46:34.179,0.69471,0.6948,1.37,1.50
2018.05.22 04:46:34.712,0.6947,0.6948,1.57,1.50
2018.05.22 04:46:35.225,0.69471,0.69481,1.57,1.50
2018.05.22 04:46:37.202,0.69472,0.69482,1.20,1.57
2018.05.22 04:46:37.963,0.69472,0.69482,1.20,1.12
2018.05.22 04:46:44.028,0.69472,0.69482,1.20,2.32
2018.05.22 04:46:44.538,0.69472,0.69482,1.12,1.20
2018.05.22 04:46:44.874,0.6947,0.69479,1.87,1.00
2018.05.22 04:46:45.388,0.69471,0.69479,1.00,1.00
2018.05.22 04:46:45.920,0.6947,0.69479,1.00,1.00
2018.05.22 04:46:47.873,0.6947,0.69479,1.75,1.00
2018.05.22 04:46:47.924,0.6947,0.69479,1.00,1.00
2018.05.22 04:46:51.066,0.6947,0.6948,4.50,1.20
2018.05.22 04:46:53.221,0.6947,0.69479,1.00,1.00
2018.05.22 04:46:54.056,0.69469,0.69479,1.95,1.12
2018.05.22 04:46:54.656,0.69469,0.69479,1.95,2.32
2018.05.22 04:47:01.311,0.69469,0.69479,1.12,1.76
2018.05.22 04:47:04.960,0.69469,0.69479,2.32,1.87
2018.05.22 04:47:09.644,0.69469,0.69479,1.87,2.14
2018.05.22 04:47:09.695,0.6947,0.69477,1.00,1.00
2018.05.22 04:47:22.776,0.69468,0.69478,1.95,1.57
2018.05.22 04:47:23.340,0.69468,0.69478,1.12,1.80
2018.05.22 04:47:24.050,0.69468,0.69478,1.20,2.32
2018.05.22 04:47:28.062,0.69468,0.69478,1.12,2.32
2018.05.22 04:47:28.621,0.69468,0.69477,1.12,1.00
2018.05.22 04:47:29.172,0.69468,0.69478,1.12,1.57
2018.05.22 04:47:29.714,0.69468,0.69477,1.12,1.00
2018.05.22 04:47:37.409,0.69468,0.69476,1.00,1.00
2018.05.22 04:47:44.075,0.69468,0.69477,1.00,1.12
2018.05.22 04:48:11.509,0.69468,0.69477,1.07,1.12
2018.05.22 04:48:19.849,0.69469,0.69478,1.20,1.87
2018.05.22 04:48:24.773,0.69469,0.69478,1.20,1.12
2018.05.22 04:49:22.397,0.69469,0.69478,1.57,1.12
2018.05.22 04:49:31.463,0.69469,0.69478,1.95,1.00
2018.05.22 04:49:36.064,0.69469,0.69478,1.95,1.00
2018.05.22 04:49:45.634,0.69469,0.69479,1.95,1.12
2018.05.22 04:49:47.595,0.69469,0.69479,1.95,1.72
2018.05.22 04:49:54.874,0.69469,0.69476,1.20,1.67
2018.05.22 04:49:55.131,0.69468,0.69477,1.45,1.35
2018.05.22 04:49:55.798,0.69468,0.69477,1.07,1.35
2018.05.22 04:49:58.448,0.69468,0.69477,1.10,1.35
2018.05.22 04:50:01.127,0.69468,0.69477,1.10,1.60
2018.05.22 04:50:01.435,0.6947,0.69477,1.00,1.00
2018.05.22 04:50:02.134,0.6947,0.69479,1.20,1.00
2018.05.22 04:50:02.394,0.6947,0.6948,1.57,1.12
2018.05.22 04:50:07.678,0.6947,0.6948,1.20,1.12
2018.05.22 04:50:08.008,0.6947,0.69478,1.57,1.00
2018.05.22 04:50:12.681,0.6947,0.69478,1.20,1.00
2018.05.22 04:50:13.309,0.6947,0.69478,1.20,1.00
2018.05.22 04:50:13.850,0.6947,0.69478,1.20,1.00
2018.05.22 04:50:23.068,0.6947,0.69478,1.20,1.00
2018.05.22 04:50:30.108,0.6947,0.69478,1.20,1.00
2018.05.22 04:50:33.311,0.69471,0.69478,1.00,1.00
2018.05.22 04:50:40.513,0.6947,0.6948,1.20,1.12
2018.05.22 04:50:49.548,0.69471,0.6948,1.00,1.12
2018.05.22 04:50:52.747,0.69471,0.6948,1.57,1.00
2018.05.22 04:50:54.913,0.69471,0.69481,1.57,1.57
2018.05.22 04:50:55.255,0.69476,0.69484,1.50,1.00
2018.05.22 04:50:55.561,0.69474,0.69484,1.20,2.70
2018.05.22 04:50:56.160,0.69474,0.69484,1.20,3.45
2018.05.22 04:51:18.715,0.69476,0.69485,1.87,2.32
2018.05.22 04:51:19.061,0.69478,0.69485,1.00,1.00
2018.05.22 04:51:21.435,0.69476,0.69486,1.12,1.57
2018.05.22 04:51:22.134,0.69476,0.69485,1.12,1.20
2018.05.22 04:51:22.796,0.69476,0.69486,1.12,1.57
2018.05.22 04:51:28.029,0.69475,0.69484,1.00,1.00
2018.05.22 04:51:28.083,0.69473,0.69483,1.95,3.00
2018.05.22 04:51:28.415,0.69475,0.69485,1.50,2.70
2018.05.22 04:51:29.933,0.69477,0.69485,1.00,1.20
2018.05.22 04:51:30.451,0.69478,0.69485,1.00,1.00
2018.05.22 04:51:31.066,0.69478,0.69485,1.00,1.87
2018.05.22 04:51:31.119,0.69476,0.69485,1.00,1.37
2018.05.22 04:51:31.664,0.69475,0.69484,1.00,1.47
2018.05.22 04:51:40.455,0.69475,0.69484,1.00,1.10
2018.05.22 04:51:41.024,0.69476,0.69486,1.00,2.32
2018.05.22 04:51:44.897,0.69477,0.69486,1.00,1.07
2018.05.22 04:51:44.949,0.69477,0.69487,1.00,1.95
2018.05.22 04:51:45.458,0.69477,0.69487,1.00,2.70
2018.05.22 04:51:47.196,0.69477,0.69487,1.00,2.70
2018.05.22 04:51:47.300,0.69477,0.69487,1.00,1.95
2018.05.22 04:51:48.213,0.69477,0.69487,1.00,1.95
2018.05.22 04:51:55.556,0.69477,0.69487,1.00,1.95
2018.05.22 04:52:08.654,0.69478,0.69487,1.00,1.57
2018.05.22 04:52:09.979,0.69478,0.69487,1.00,1.20
2018.05.22 04:52:10.740,0.69478,0.69488,1.00,3.82
2018.05.22 04:52:13.675,0.69478,0.69487,1.87,1.10
2018.05.22 04:52:14.540,0.69478,0.69487,1.87,1.57
2018.05.22 04:52:46.412,0.69476,0.69486,1.20,1.20
2018.05.22 04:52:46.669,0.69476,0.69485,1.00,1.57
2018.05.22 04:52:54.465,0.69476,0.69485,1.00,1.10
2018.05.22 04:52:56.981,0.69477,0.69486,1.00,1.95
2018.05.22 04:52:58.169,0.69477,0.69486,1.50,2.70
2018.05.22 04:53:00.770,0.69475,0.69485,2.62,1.20
2018.05.22 04:53:01.286,0.69475,0.69485,2.62,1.57
2018.05.22 04:53:01.890,0.69475,0.69485,2.62,1.57
2018.05.22 04:53:09.495,0.69475,0.69485,2.62,2.32
2018.05.22 04:53:09.598,0.69475,0.69485,2.62,1.57
2018.05.22 04:53:15.277,0.69475,0.69485,2.62,1.57
2018.05.22 04:53:31.665,0.69475,0.69485,1.87,1.57
2018.05.22 04:53:36.366,0.69475,0.69485,1.87,2.32
2018.05.22 04:53:42.511,0.69475,0.69484,1.00,2.32
2018.05.22 04:53:43.663,0.69473,0.69481,1.00,1.00
2018.05.22 04:53:44.326,0.69472,0.69481,1.50,1.20
2018.05.22 04:53:47.531,0.69471,0.69481,1.57,3.07
2018.05.22 04:53:52.214,0.6947,0.6948,2.32,1.12
2018.05.22 04:53:52.600,0.6947,0.69477,1.00,1.00
2018.05.22 04:53:53.193,0.69469,0.69476,1.00,1.10
2018.05.22 04:54:00.373,0.6947,0.69478,1.00,1.20
2018.05.22 04:54:00.638,0.6947,0.69479,1.00,1.57
2018.05.22 04:54:03.039,0.69469,0.69478,1.12,1.20
2018.05.22 04:54:04.360,0.6947,0.69479,1.00,1.10
2018.05.22 04:54:04.872,0.69471,0.6948,1.00,1.57
2018.05.22 04:54:05.423,0.69472,0.6948,1.00,1.45
2018.05.22 04:54:05.628,0.69472,0.69481,1.00,1.07
2018.05.22 04:54:06.297,0.69472,0.69481,1.50,1.10
2018.05.22 04:54:08.748,0.69473,0.69481,1.00,1.10
2018.05.22 04:54:22.486,0.69474,0.69482,1.00,2.32
2018.05.22 04:54:22.592,0.69476,0.69484,1.12,1.20
2018.05.22 04:54:22.697,0.69476,0.69485,1.12,1.20
2018.05.22 04:54:38.905,0.69476,0.69486,2.62,2.32
2018.05.22 04:54:39.659,0.69478,0.69486,1.00,1.57
2018.05.22 04:54:40.180,0.69478,0.69486,1.00,1.57
2018.05.22 04:55:00.114,0.69478,0.69486,1.00,2.32
2018.05.22 04:55:01.556,0.69478,0.69486,1.00,2.32
2018.05.22 04:55:03.003,0.69478,0.69486,1.00,1.57
2018.05.22 04:55:09.905,0.69477,0.69486,1.87,1.20
2018.05.22 04:55:21.790,0.69477,0.69486,1.12,2.32
2018.05.22 04:55:22.122,0.69474,0.69482,1.00,1.00
2018.05.22 04:55:27.672,0.69474,0.69482,1.00,1.95
2018.05.22 04:55:28.208,0.69473,0.69482,1.50,3.07
2018.05.22 04:55:28.517,0.6947,0.6948,3.75,1.57
2018.05.22 04:55:29.590,0.69469,0.69479,2.32,1.00
2018.05.22 04:55:30.130,0.69469,0.69478,1.00,1.10
2018.05.22 04:55:30.647,0.69469,0.69478,1.00,1.57
2018.05.22 04:55:42.526,0.6947,0.69478,1.12,1.57
2018.05.22 04:55:43.041,0.6947,0.6948,1.87,2.32
2018.05.22 04:55:48.968,0.69471,0.6948,1.00,2.70
2018.05.22 04:55:49.643,0.69471,0.6948,2.25,1.57
2018.05.22 04:55:57.062,0.69473,0.6948,1.00,1.50
2018.05.22 04:55:57.954,0.69471,0.69479,1.50,1.00
2018.05.22 04:55:58.461,0.6947,0.69479,1.00,1.95
2018.05.22 04:56:04.901,0.6947,0.69479,1.00,1.10
2018.05.22 04:56:05.508,0.69471,0.69478,1.00,1.00
2018.05.22 04:56:08.462,0.6947,0.6948,1.50,2.70
2018.05.22 04:56:12.082,0.6947,0.69478,1.50,1.00
2018.05.22 04:56:31.062,0.69471,0.69478,1.00,1.10
2018.05.22 04:56:35.856,0.69469,0.69478,1.00,2.32
2018.05.22 04:56:35.908,0.69468,0.69477,1.00,1.87
2018.05.22 04:56:36.433,0.69468,0.69476,1.00,1.07
2018.05.22 04:56:36.940,0.69468,0.69477,1.00,2.32
2018.05.22 04:56:52.914,0.69469,0.69476,1.00,1.12
2018.05.22 04:57:07.236,0.69468,0.69477,1.00,2.32
2018.05.22 04:57:07.578,0.6947,0.69477,1.00,1.10
2018.05.22 04:57:38.051,0.69469,0.69479,1.57,1.12
2018.05.22 04:58:07.722,0.69469,0.69479,1.07,1.10
2018.05.22 04:58:09.083,0.69469,0.69479,1.07,1.95
2018.05.22 04:58:09.594,0.69469,0.69479,1.57,1.87
2018.05.22 04:58:09.646,0.69474,0.69483,1.00,1.95
2018.05.22 04:58:09.700,0.69474,0.69483,2.25,2.32
2018.05.22 04:58:09.753,0.69472,0.69482,1.57,1.87
2018.05.22 04:58:18.882,0.69472,0.6948,1.07,1.00
2018.05.22 04:58:18.985,0.69471,0.6948,1.10,1.87
2018.05.22 04:58:26.020,0.69471,0.6948,1.10,1.12
2018.05.22 04:58:26.551,0.6947,0.6948,1.95,1.87
2018.05.22 04:58:29.419,0.69471,0.6948,1.57,1.00
2018.05.22 04:58:29.994,0.69472,0.69482,1.10,1.87
2018.05.22 04:58:42.022,0.6947,0.6948,2.32,1.87
2018.05.22 04:58:42.722,0.6947,0.6948,1.57,1.95
2018.05.22 04:58:44.952,0.6947,0.69478,1.10,1.12
2018.05.22 04:58:45.317,0.6947,0.6948,1.10,1.12
2018.05.22 04:58:45.835,0.69471,0.69481,1.10,1.87
2018.05.22 04:59:00.240,0.69471,0.69481,1.20,1.87
2018.05.22 04:59:03.382,0.69471,0.6948,1.00,1.50
2018.05.22 04:59:06.882,0.69471,0.69478,1.00,1.00
2018.05.22 04:59:07.424,0.6947,0.69478,1.10,1.00
2018.05.22 04:59:29.442,0.6947,0.69478,1.07,1.00
2018.05.22 04:59:30.872,0.6947,0.69478,1.10,1.00
2018.05.22 04:59:35.010,0.6947,0.69479,1.10,1.00
2018.05.22 04:59:35.565,0.6947,0.6948,1.20,1.12
2018.05.22 04:59:37.722,0.69469,0.69479,4.20,1.00
2018.05.22 04:59:38.032,0.69469,0.69475,3.82,1.00
2018.05.22 04:59:49.335,0.69469,0.69475,2.32,1.00
