2018.05.02 08:00:00.100,0.7026,0.70271,2.70,1.10
2018.05.02 08:00:00.218,0.70261,0.70272,2.32,1.12
2018.05.02 08:00:05.021,0.70264,0.70274,1.50,1.57
2018.05.02 08:00:05.335,0.70266,0.70275,1.07,1.50
2018.05.02 08:00:05.846,0.70264,0.70275,3.45,1.00
2018.05.02 08:00:06.357,0.70264,0.70274,1.95,1.37
2018.05.02 08:00:06.509,0.70264,0.70274,2.32,1.87
2018.05.02 08:00:07.014,0.70264,0.70275,1.07,4.12
2018.05.02 08:00:07.731,0.70264,0.70275,2.70,3.07
2018.05.02 08:00:07.900,0.70267,0.70277,1.00,1.20
2018.05.02 08:00:07.952,0.7027,0.7028,1.00,1.10
2018.05.02 08:00:08.259,0.70272,0.70281,1.07,1.00
2018.05.02 08:00:10.544,0.70272,0.70282,1.07,2.25
2018.05.02 08:00:11.338,0.70272,0.70282,1.57,2.25
2018.05.02 08:00:16.799,0.70273,0.70282,1.00,2.25
2018.05.02 08:00:17.317,0.70272,0.70282,1.10,1.50
2018.05.02 08:00:18.218,0.70272,0.70281,1.57,1.00
2018.05.02 08:00:19.974,0.70272,0.70282,2.32,1.50
2018.05.02 08:00:30.177,0.7027,0.70279,1.20,1.00
2018.05.02 08:00:30.230,0.70269,0.70278,1.10,1.00
2018.05.02 08:00:30.742,0.70267,0.70277,1.33,1.10
2018.05.02 08:00:30.846,0.70271,0.7028,1.50,1.57
2018.05.02 08:00:31.156,0.70272,0.70281,1.07,1.00
2018.05.02 08:00:31.999,0.70272,0.70282,1.07,1.50
2018.05.02 08:00:34.157,0.70271,0.70282,3.07,1.50
2018.05.02 08:00:35.556,0.7027,0.70279,1.00,1.00
2018.05.02 08:00:35.866,0.70267,0.70277,1.10,1.57
2018.05.02 08:00:36.417,0.70267,0.70275,1.10,1.00
2018.05.02 08:00:40.325,0.7027,0.70277,1.50,1.07
2018.05.02 08:00:40.430,0.70269,0.70279,1.57,1.00
2018.05.02 08:00:40.981,0.7027,0.7028,1.00,1.57
2018.05.02 08:00:44.258,0.7027,0.70279,1.57,1.00
2018.05.02 08:00:46.537,0.70268,0.70279,2.32,1.57
2018.05.02 08:00:47.068,0.70269,0.70279,1.00,1.57
2018.05.02 08:00:47.950,0.70269,0.70278,1.00,1.00
2018.05.02 08:00:48.474,0.70268,0.70278,2.32,1.00
2018.05.02 08:00:49.645,0.70268,0.70278,1.07,1.57
2018.05.02 08:00:50.160,0.70268,0.70278,1.00,1.57
2018.05.02 08:00:52.922,0.70268,0.70277,1.50,1.00
2018.05.02 08:00:56.015,0.70271,0.70277,1.00,1.00
2018.05.02 08:00:56.067,0.70275,0.70282,2.25,1.00
2018.05.02 08:00:56.119,0.70275,0.70284,1.50,1.95
2018.05.02 08:00:56.654,0.70274,0.70283,3.07,1.00
2018.05.02 08:00:57.188,0.70274,0.70283,3.07,1.00
2018.05.02 08:00:58.160,0.70274,0.70284,1.57,1.12
2018.05.02 08:01:00.621,0.70274,0.70283,1.57,1.00
2018.05.02 08:01:01.139,0.70274,0.70284,1.10,1.12
2018.05.02 08:01:04.216,0.70273,0.70283,1.10,1.50
2018.05.02 08:01:04.268,0.70273,0.70281,1.10,1.00
2018.05.02 08:01:04.730,0.70271,0.7028,1.00,1.57
2018.05.02 08:01:04.833,0.70268,0.70278,1.10,2.25
2018.05.02 08:01:05.390,0.70267,0.70277,2.32,1.00
2018.05.02 08:01:13.319,0.70267,0.70277,1.00,3.45
2018.05.02 08:01:13.562,0.70265,0.70276,2.32,2.70
2018.05.02 08:01:13.665,0.70264,0.70274,1.10,1.12
2018.05.02 08:01:14.176,0.70264,0.70274,1.10,1.20
2018.05.02 08:01:14.778,0.70263,0.70274,1.57,1.95
2018.05.02 08:01:15.288,0.70263,0.70273,1.10,1.00
2018.05.02 08:01:15.790,0.70263,0.70272,1.10,1.12
2018.05.02 08:01:17.828,0.70262,0.70271,1.10,1.00
2018.05.02 08:01:18.484,0.70261,0.70271,3.45,1.00
2018.05.02 08:01:24.437,0.70261,0.70271,3.07,1.00
2018.05.02 08:01:24.541,0.70259,0.70269,1.57,3.37
2018.05.02 08:01:24.842,0.70258,0.70264,1.00,1.00
2018.05.02 08:01:25.100,0.70253,0.70264,2.32,1.20
2018.05.02 08:01:25.152,0.70255,0.70264,1.00,1.20
2018.05.02 08:01:25.358,0.70253,0.70264,2.32,1.95
2018.05.02 08:01:26.465,0.70253,0.70263,1.57,1.12
2018.05.02 08:01:26.569,0.70253,0.70263,1.57,1.00
2018.05.02 08:01:28.073,0.70253,0.70263,1.57,1.12
2018.05.02 08:01:28.577,0.70252,0.70261,1.50,1.12
2018.05.02 08:01:29.131,0.70251,0.70261,1.57,1.12
2018.05.02 08:01:29.768,0.70251,0.70261,1.07,1.10
2018.05.02 08:01:30.287,0.70253,0.70262,1.00,1.50
2018.05.02 08:01:33.439,0.70252,0.70261,1.00,2.62
2018.05.02 08:01:33.752,0.70248,0.70257,1.00,1.87
2018.05.02 08:01:34.061,0.70248,0.70255,1.00,1.00
2018.05.02 08:01:34.607,0.70248,0.70256,1.00,1.57
2018.05.02 08:01:35.074,0.70246,0.70255,1.00,1.07
2018.05.02 08:01:37.186,0.70245,0.70255,1.10,1.57
2018.05.02 08:01:38.146,0.70244,0.70253,1.50,1.50
2018.05.02 08:01:46.511,0.70243,0.70253,1.00,1.20
2018.05.02 08:01:47.022,0.70243,0.70253,1.10,1.20
2018.05.02 08:01:47.557,0.70244,0.70252,1.00,1.20
2018.05.02 08:01:48.070,0.70244,0.70253,1.00,1.50
2018.05.02 08:01:48.975,0.70244,0.70254,1.00,1.95
2018.05.02 08:01:50.247,0.70245,0.70254,1.00,1.20
2018.05.02 08:01:51.448,0.70246,0.70254,1.00,1.12
2018.05.02 08:01:52.889,0.70246,0.70255,1.00,1.20
2018.05.02 08:01:53.401,0.70245,0.70255,1.00,1.20
2018.05.02 08:01:53.452,0.70246,0.70255,1.00,1.95
2018.05.02 08:01:53.862,0.70246,0.70255,1.00,1.20
2018.05.02 08:01:56.385,0.70246,0.70255,1.00,1.95
2018.05.02 08:02:02.859,0.70246,0.70255,1.00,1.10
2018.05.02 08:02:03.752,0.70246,0.70256,1.00,1.10
2018.05.02 08:02:05.324,0.70247,0.70254,1.00,1.00
2018.05.02 08:02:12.741,0.70245,0.70254,1.00,1.12
2018.05.02 08:02:17.634,0.70245,0.70256,1.10,4.20
2018.05.02 08:02:18.168,0.70246,0.70256,1.00,1.95
2018.05.02 08:02:19.608,0.70246,0.70256,1.10,1.20
2018.05.02 08:02:20.215,0.70247,0.70257,2.25,2.70
2018.05.02 08:02:20.267,0.70253,0.70262,1.00,4.20
2018.05.02 08:02:20.780,0.70254,0.70262,1.00,1.00
2018.05.02 08:02:21.371,0.70254,0.70263,1.00,3.37
2018.05.02 08:02:29.379,0.70253,0.70263,1.10,4.12
2018.05.02 08:02:32.064,0.70253,0.70262,1.00,1.00
2018.05.02 08:02:34.125,0.70254,0.70262,1.00,1.10
2018.05.02 08:02:42.245,0.70254,0.70263,1.00,2.25
2018.05.02 08:02:42.526,0.70248,0.70259,1.10,4.20
2018.05.02 08:02:42.851,0.70247,0.70257,1.57,1.87
2018.05.02 08:02:43.361,0.70246,0.70256,1.00,1.95
2018.05.02 08:02:43.909,0.70246,0.70256,1.07,1.20
2018.05.02 08:02:44.456,0.70248,0.70257,1.00,1.12
2018.05.02 08:02:45.283,0.70246,0.70258,3.07,7.20
2018.05.02 08:02:45.821,0.70247,0.70257,1.00,1.95
2018.05.02 08:02:46.341,0.70245,0.70256,1.57,1.87
2018.05.02 08:02:46.862,0.70245,0.70256,1.10,3.45
2018.05.02 08:02:50.613,0.70246,0.70256,1.00,2.70
2018.05.02 08:02:58.500,0.70245,0.70255,1.57,1.12
2018.05.02 08:03:00.020,0.70247,0.70257,1.00,1.10
2018.05.02 08:03:00.563,0.70247,0.70258,2.32,2.70
2018.05.02 08:03:01.241,0.70247,0.70257,2.32,1.00
2018.05.02 08:03:07.550,0.70248,0.70257,1.00,1.00
2018.05.02 08:03:08.112,0.70252,0.70262,1.00,3.82
2018.05.02 08:03:08.565,0.70253,0.70262,1.57,1.00
2018.05.02 08:03:10.173,0.70256,0.70265,1.50,2.32
2018.05.02 08:03:10.226,0.7026,0.70267,1.00,1.00
2018.05.02 08:03:10.278,0.70261,0.7027,1.10,1.00
2018.05.02 08:03:14.132,0.70263,0.7027,1.00,1.00
2018.05.02 08:03:14.353,0.70265,0.70273,1.00,1.10
2018.05.02 08:03:15.312,0.70264,0.70273,1.00,1.20
2018.05.02 08:03:15.828,0.70264,0.70273,1.00,1.10
2018.05.02 08:03:21.534,0.70264,0.70272,1.00,1.00
2018.05.02 08:03:22.169,0.70264,0.70273,1.00,1.20
2018.05.02 08:03:22.358,0.70264,0.70272,1.00,1.20
2018.05.02 08:03:22.515,0.70261,0.70272,2.32,2.32
2018.05.02 08:03:22.567,0.70261,0.70271,2.25,1.45
2018.05.02 08:03:22.674,0.70261,0.70271,2.25,1.20
2018.05.02 08:03:23.120,0.70263,0.70272,1.00,1.20
2018.05.02 08:03:23.326,0.70263,0.70273,1.50,2.32
2018.05.02 08:03:25.293,0.70264,0.70273,1.00,1.57
2018.05.02 08:03:25.842,0.70264,0.70275,1.10,2.70
2018.05.02 08:03:26.349,0.70264,0.70275,1.07,2.32
2018.05.02 08:03:32.349,0.70264,0.70273,1.00,1.00
2018.05.02 08:03:32.682,0.70265,0.70275,1.00,2.14
2018.05.02 08:03:33.093,0.70265,0.70274,1.00,1.87
2018.05.02 08:03:33.653,0.70265,0.70274,1.00,1.00
2018.05.02 08:03:34.478,0.70265,0.70275,1.00,2.14
2018.05.02 08:03:35.881,0.70265,0.70274,1.00,1.00
2018.05.02 08:03:36.390,0.70265,0.70274,1.00,1.95
2018.05.02 08:03:42.841,0.70264,0.70273,1.50,1.95
2018.05.02 08:03:43.359,0.70264,0.70272,1.00,1.20
2018.05.02 08:03:46.232,0.70264,0.70273,1.00,1.57
2018.05.02 08:03:46.763,0.70265,0.70273,1.00,1.45
2018.05.02 08:03:47.559,0.70265,0.70273,1.00,1.20
2018.05.02 08:03:47.663,0.70263,0.70273,1.50,2.51
2018.05.02 08:03:47.865,0.70262,0.7027,1.00,1.57
2018.05.02 08:03:47.917,0.7026,0.7027,2.25,3.07
2018.05.02 08:03:48.072,0.70258,0.70268,1.50,2.32
2018.05.02 08:03:48.380,0.70257,0.70264,1.00,1.20
2018.05.02 08:03:49.038,0.70257,0.70264,1.00,1.45
2018.05.02 08:03:49.544,0.70256,0.70264,1.00,1.20
2018.05.02 08:03:49.851,0.70256,0.70263,1.00,1.20
2018.05.02 08:03:51.192,0.70256,0.70264,1.00,1.20
2018.05.02 08:03:51.746,0.70256,0.70265,1.00,1.00
2018.05.02 08:03:53.591,0.70256,0.70266,1.00,1.10
2018.05.02 08:03:54.940,0.70256,0.70265,1.00,1.00
2018.05.02 08:03:59.489,0.70255,0.70265,2.32,1.00
2018.05.02 08:04:00.047,0.70255,0.70265,2.32,1.50
2018.05.02 08:04:01.571,0.70256,0.70265,1.00,1.50
2018.05.02 08:04:01.677,0.70256,0.70267,1.10,2.70
2018.05.02 08:04:02.218,0.70257,0.70267,1.10,1.50
2018.05.02 08:04:04.474,0.70257,0.70268,1.10,3.45
2018.05.02 08:04:04.833,0.70257,0.70268,1.10,3.45
2018.05.02 08:04:06.674,0.70257,0.70266,1.00,3.45
2018.05.02 08:04:07.055,0.70257,0.70267,1.57,1.00
2018.05.02 08:04:07.606,0.70258,0.70268,1.50,2.32
2018.05.02 08:04:08.127,0.70257,0.70268,2.32,1.57
2018.05.02 08:04:08.659,0.70257,0.70268,2.32,1.57
2018.05.02 08:04:09.196,0.70258,0.70266,1.00,1.20
2018.05.02 08:04:10.856,0.70258,0.70265,1.00,1.20
2018.05.02 08:04:10.961,0.70256,0.70265,1.50,1.20
2018.05.02 08:04:12.032,0.70256,0.70265,1.00,1.20
2018.05.02 08:04:12.506,0.70254,0.70264,2.25,1.20
2018.05.02 08:04:12.559,0.70256,0.70264,1.00,1.45
2018.05.02 08:04:13.072,0.70254,0.70263,1.50,1.45
2018.05.02 08:04:14.791,0.70255,0.70262,1.00,1.20
2018.05.02 08:04:14.948,0.70255,0.70265,1.50,1.95
2018.05.02 08:04:15.154,0.70255,0.70263,1.50,1.45
2018.05.02 08:04:15.921,0.70254,0.70263,2.25,1.45
2018.05.02 08:04:16.472,0.70254,0.70263,1.50,1.95
2018.05.02 08:04:17.571,0.70254,0.70262,1.50,1.20
2018.05.02 08:04:20.599,0.70253,0.70262,1.50,1.45
2018.05.02 08:04:21.122,0.70252,0.70262,1.50,1.95
2018.05.02 08:04:21.617,0.7025,0.70259,3.00,1.20
2018.05.02 08:04:22.132,0.70249,0.70258,1.00,1.20
2018.05.02 08:04:22.307,0.70247,0.70257,2.25,1.95
2018.05.02 08:04:22.358,0.70247,0.70256,2.25,1.95
2018.05.02 08:04:22.882,0.70247,0.70254,1.50,1.20
2018.05.02 08:04:23.440,0.70247,0.70255,1.00,1.95
2018.05.02 08:04:23.957,0.70247,0.70255,1.00,1.20
2018.05.02 08:04:26.661,0.70247,0.70255,1.00,1.95
2018.05.02 08:04:27.013,0.70249,0.70255,1.00,1.20
2018.05.02 08:04:27.065,0.7025,0.70257,1.00,1.20
2018.05.02 08:04:28.841,0.70248,0.70258,1.50,1.95
2018.05.02 08:04:29.356,0.70248,0.70256,1.00,1.20
2018.05.02 08:04:29.858,0.7025,0.70257,1.00,1.95
2018.05.02 08:04:31.005,0.70249,0.70257,1.00,1.45
2018.05.02 08:04:31.514,0.70248,0.70256,1.50,1.20
2018.05.02 08:04:32.034,0.70248,0.70257,1.50,1.20
2018.05.02 08:04:32.391,0.70247,0.70256,1.50,1.20
2018.05.02 08:04:32.903,0.70247,0.70255,1.00,1.20
2018.05.02 08:04:34.181,0.70246,0.70255,1.50,1.45
2018.05.02 08:04:34.693,0.70246,0.70255,1.00,1.20
2018.05.02 08:04:35.223,0.70246,0.70255,1.00,1.20
2018.05.02 08:04:39.616,0.70248,0.70255,1.00,1.95
2018.05.02 08:04:40.028,0.70245,0.70254,1.57,1.20
2018.05.02 08:04:40.079,0.70247,0.70254,1.00,1.20
2018.05.02 08:04:40.285,0.70247,0.70256,1.00,1.95
2018.05.02 08:04:42.368,0.70248,0.70256,1.00,1.45
2018.05.02 08:04:42.472,0.70246,0.70255,1.00,1.20
2018.05.02 08:04:42.575,0.70249,0.70254,1.00,1.20
2018.05.02 08:04:42.627,0.70246,0.70254,1.00,1.20
2018.05.02 08:04:43.243,0.70247,0.70255,1.00,1.20
2018.05.02 08:04:44.706,0.70246,0.70255,1.00,1.20
2018.05.02 08:04:44.999,0.70248,0.70257,1.50,1.20
2018.05.02 08:04:45.073,0.7025,0.70259,1.50,1.57
2018.05.02 08:04:45.126,0.70252,0.70259,1.00,1.20
2018.05.02 08:04:45.436,0.70254,0.70262,1.00,1.20
2018.05.02 08:04:45.715,0.70255,0.70263,1.00,1.20
2018.05.02 08:04:46.235,0.70256,0.70263,1.00,1.20
2018.05.02 08:04:47.694,0.70255,0.70264,2.25,1.20
2018.05.02 08:04:49.715,0.70254,0.70264,1.50,1.95
2018.05.02 08:04:50.812,0.70254,0.70263,1.50,1.20
2018.05.02 08:04:52.497,0.70255,0.70264,1.00,1.95
2018.05.02 08:04:53.046,0.70254,0.70264,1.50,1.45
2018.05.02 08:04:55.097,0.70256,0.70264,1.00,1.20
2018.05.02 08:04:55.616,0.70256,0.70263,1.00,1.20
2018.05.02 08:04:56.161,0.70256,0.70264,1.00,1.20
2018.05.02 08:04:56.727,0.70255,0.70264,1.50,1.95
2018.05.02 08:04:59.211,0.70255,0.70263,1.50,1.45
2018.05.02 08:04:59.773,0.70255,0.70263,1.50,1.20
2018.05.02 08:05:00.313,0.70254,0.70263,1.00,1.20
2018.05.02 08:05:04.301,0.70254,0.70263,1.00,1.95
2018.05.02 08:05:05.130,0.70256,0.70264,1.00,1.95
2018.05.02 08:05:05.643,0.70256,0.70264,1.00,1.45
2018.05.02 08:05:06.625,0.70256,0.70265,1.00,1.20
2018.05.02 08:05:06.957,0.70258,0.70267,1.00,3.45
2018.05.02 08:05:07.491,0.70258,0.70267,1.00,2.70
2018.05.02 08:05:10.345,0.70259,0.70267,1.00,2.70
2018.05.02 08:05:11.166,0.70258,0.70267,1.00,3.45
2018.05.02 08:05:12.738,0.70258,0.70267,1.00,3.45
2018.05.02 08:05:20.758,0.70258,0.70267,1.12,1.20
2018.05.02 08:05:21.278,0.70258,0.70267,1.12,1.20
2018.05.02 08:05:21.627,0.70261,0.70269,1.00,1.45
2018.05.02 08:05:21.679,0.70262,0.70271,1.00,1.45
2018.05.02 08:05:21.989,0.70263,0.70273,1.00,1.45
2018.05.02 08:05:23.194,0.70265,0.70274,2.25,1.95
2018.05.02 08:05:23.508,0.7027,0.70278,1.00,1.20
2018.05.02 08:05:24.020,0.70269,0.70279,1.87,1.45
2018.05.02 08:05:24.073,0.70266,0.70276,3.00,1.20
2018.05.02 08:05:24.572,0.70267,0.70275,1.00,1.20
2018.05.02 08:05:26.241,0.70267,0.70274,1.00,1.20
2018.05.02 08:05:27.155,0.70265,0.70274,1.12,1.20
2018.05.02 08:05:27.786,0.70266,0.70273,2.25,1.20
2018.05.02 08:05:27.838,0.70266,0.70276,3.75,1.20
2018.05.02 08:05:28.094,0.70265,0.70275,1.50,1.20
2018.05.02 08:05:28.620,0.70264,0.70274,1.12,1.20
2018.05.02 08:05:30.869,0.70265,0.70274,1.00,1.20
2018.05.02 08:05:31.650,0.70265,0.70275,1.50,1.10
2018.05.02 08:05:32.164,0.70265,0.70276,1.57,1.20
2018.05.02 08:05:33.104,0.70265,0.70275,1.50,1.10
2018.05.02 08:05:36.108,0.70265,0.70274,1.00,1.45
2018.05.02 08:05:36.641,0.70265,0.70272,1.00,1.20
2018.05.02 08:05:37.223,0.70264,0.70272,1.00,1.20
2018.05.02 08:05:38.094,0.70264,0.70274,1.10,1.07
2018.05.02 08:05:38.681,0.70264,0.70274,1.07,1.10
2018.05.02 08:05:40.384,0.70264,0.70275,1.57,1.95
2018.05.02 08:05:40.486,0.70265,0.70275,1.00,1.10
2018.05.02 08:05:40.992,0.70264,0.70274,1.10,1.00
2018.05.02 08:05:41.448,0.70264,0.70272,1.00,1.20
2018.05.02 08:05:44.345,0.70264,0.70272,1.00,1.20
2018.05.02 08:05:45.649,0.70265,0.70273,1.00,1.20
2018.05.02 08:05:51.334,0.70264,0.70274,1.00,1.45
2018.05.02 08:05:51.871,0.70265,0.70274,1.00,1.45
2018.05.02 08:05:52.834,0.70265,0.70273,1.00,1.20
2018.05.02 08:05:54.453,0.70265,0.70273,1.00,1.20
2018.05.02 08:05:54.994,0.70265,0.70273,1.00,1.20
2018.05.02 08:05:55.503,0.70265,0.70273,1.00,1.95
2018.05.02 08:05:56.870,0.70263,0.70273,1.50,1.95
2018.05.02 08:05:56.974,0.70263,0.7027,1.50,1.20
2018.05.02 08:05:57.507,0.70262,0.70271,1.00,1.95
2018.05.02 08:05:57.763,0.70264,0.70273,1.50,1.95
2018.05.02 08:06:07.037,0.70266,0.70274,1.00,1.20
2018.05.02 08:06:07.565,0.70266,0.70275,1.50,1.45
2018.05.02 08:06:09.437,0.70267,0.70275,1.00,1.20
2018.05.02 08:06:10.005,0.70268,0.70275,1.00,1.20
2018.05.02 08:06:10.110,0.70268,0.70276,1.50,1.20
2018.05.02 08:06:10.216,0.70268,0.70275,1.50,1.20
2018.05.02 08:06:11.902,0.70267,0.70276,1.00,1.45
2018.05.02 08:06:12.420,0.70266,0.70275,1.00,1.20
2018.05.02 08:06:14.066,0.70267,0.70274,1.00,1.20
2018.05.02 08:06:14.775,0.70267,0.70276,1.00,1.45
2018.05.02 08:06:15.084,0.7027,0.70278,1.50,1.20
2018.05.02 08:06:15.413,0.70272,0.7028,1.50,1.45
2018.05.02 08:06:16.485,0.70272,0.70278,1.00,1.20
2018.05.02 08:06:16.538,0.70269,0.70278,1.00,1.20
2018.05.02 08:06:16.643,0.70269,0.70277,1.00,1.20
2018.05.02 08:06:16.695,0.70267,0.70277,3.00,1.95
2018.05.02 08:06:17.105,0.70268,0.70275,1.00,1.20
2018.05.02 08:06:17.705,0.70267,0.70275,1.00,1.20
2018.05.02 08:06:17.807,0.70265,0.70275,3.37,1.95
2018.05.02 08:06:17.858,0.70265,0.70274,1.87,1.20
2018.05.02 08:06:19.610,0.70266,0.70274,1.00,1.20
2018.05.02 08:06:20.715,0.70266,0.70275,1.50,1.95
2018.05.02 08:06:21.021,0.70269,0.70278,1.12,1.20
2018.05.02 08:06:21.586,0.70269,0.70278,1.12,1.20
2018.05.02 08:06:21.894,0.70267,0.70274,1.12,1.20
2018.05.02 08:06:23.029,0.70267,0.70276,1.00,1.45
2018.05.02 08:06:23.352,0.70269,0.70278,1.00,1.95
2018.05.02 08:06:23.867,0.7027,0.70278,1.00,1.20
2018.05.02 08:06:24.379,0.7027,0.70278,1.50,1.20
2018.05.02 08:06:26.769,0.70272,0.70281,2.25,1.95
2018.05.02 08:06:26.977,0.70274,0.70283,1.00,1.20
2018.05.02 08:06:27.489,0.70275,0.70284,1.50,1.20
2018.05.02 08:06:28.006,0.70275,0.70284,1.50,1.20
2018.05.02 08:06:31.765,0.70275,0.70283,1.00,1.45
2018.05.02 08:06:31.920,0.70273,0.70283,1.50,1.20
2018.05.02 08:06:33.529,0.70273,0.70283,1.50,1.20
2018.05.02 08:06:33.581,0.70273,0.70282,1.50,1.95
2018.05.02 08:06:34.106,0.70273,0.70282,2.51,1.20
2018.05.02 08:06:34.712,0.70273,0.70282,2.44,1.20
2018.05.02 08:06:34.973,0.70273,0.70283,1.50,1.95
2018.05.02 08:06:35.486,0.70273,0.70283,1.50,1.95
2018.05.02 08:06:35.990,0.70273,0.70283,1.50,1.95
2018.05.02 08:06:36.503,0.70273,0.70283,1.50,1.20
2018.05.02 08:06:37.961,0.70273,0.70282,1.00,1.20
2018.05.02 08:06:39.561,0.70274,0.70282,1.00,1.20
2018.05.02 08:06:39.942,0.70274,0.70283,1.00,1.20
2018.05.02 08:06:40.472,0.70274,0.70282,1.00,1.20
2018.05.02 08:06:41.192,0.70274,0.70283,1.00,1.20
2018.05.02 08:06:43.473,0.70274,0.70283,1.00,1.20
2018.05.02 08:06:44.029,0.70273,0.70283,2.25,2.70
2018.05.02 08:06:45.541,0.70273,0.70283,1.87,1.95
2018.05.02 08:06:46.291,0.70276,0.70283,1.00,1.20
2018.05.02 08:06:47.924,0.70276,0.70284,1.00,1.95
2018.05.02 08:06:48.803,0.70273,0.70282,1.50,1.00
2018.05.02 08:06:49.347,0.70273,0.70284,1.50,3.45
2018.05.02 08:06:49.884,0.70274,0.70283,1.00,1.45
2018.05.02 08:06:50.401,0.70273,0.70282,1.20,1.20
2018.05.02 08:06:52.582,0.70274,0.70283,1.00,1.45
2018.05.02 08:06:53.094,0.70275,0.70283,1.00,1.45
2018.05.02 08:06:53.610,0.70275,0.70284,1.00,1.20
2018.05.02 08:06:54.580,0.70274,0.70284,1.50,1.20
2018.05.02 08:06:58.493,0.70275,0.70284,1.00,1.95
2018.05.02 08:06:59.076,0.70275,0.70284,1.00,1.20
2018.05.02 08:06:59.613,0.70274,0.70284,3.00,1.45
2018.05.02 08:07:00.121,0.70275,0.70284,1.00,1.20
2018.05.02 08:07:04.745,0.70275,0.70283,1.00,1.20
2018.05.02 08:07:05.272,0.70276,0.70284,1.00,1.45
2018.05.02 08:07:06.640,0.70275,0.70284,1.50,1.45
2018.05.02 08:07:07.372,0.70275,0.70284,1.50,1.20
2018.05.02 08:07:07.891,0.70275,0.70284,1.00,1.20
2018.05.02 08:07:08.653,0.70275,0.70283,1.00,1.20
2018.05.02 08:07:09.549,0.70276,0.70283,1.00,1.20
2018.05.02 08:07:10.535,0.70276,0.70284,1.00,1.20
2018.05.02 08:07:11.099,0.70276,0.70283,1.00,1.20
2018.05.02 08:07:11.778,0.70276,0.70284,1.00,1.20
2018.05.02 08:07:12.307,0.70276,0.70284,1.00,1.20
2018.05.02 08:07:12.561,0.70274,0.70284,3.56,1.20
2018.05.02 08:07:12.663,0.70276,0.70284,1.00,1.45
2018.05.02 08:07:12.816,0.70274,0.70284,3.37,1.20
2018.05.02 08:07:13.200,0.70276,0.70284,1.00,1.20
2018.05.02 08:07:13.712,0.70275,0.70284,1.12,1.20
2018.05.02 08:07:14.235,0.70275,0.70284,1.12,1.20
2018.05.02 08:07:15.717,0.70275,0.70284,1.87,1.20
2018.05.02 08:07:16.028,0.70275,0.70283,1.87,1.20
2018.05.02 08:07:16.447,0.70275,0.70284,1.87,1.20
2018.05.02 08:07:16.714,0.70275,0.70283,1.87,1.20
2018.05.02 08:07:18.395,0.70275,0.70283,1.87,1.20
2018.05.02 08:07:19.937,0.70275,0.70284,1.87,1.20
2018.05.02 08:07:20.575,0.70275,0.70284,1.87,1.20
2018.05.02 08:07:21.438,0.70275,0.70284,1.50,1.20
2018.05.02 08:07:22.000,0.70277,0.70284,1.00,1.45
2018.05.02 08:07:22.515,0.70276,0.70285,2.25,1.45
2018.05.02 08:07:23.043,0.70276,0.70284,1.50,1.45
2018.05.02 08:07:23.765,0.70276,0.70284,1.50,1.20
2018.05.02 08:07:25.358,0.70276,0.70283,1.00,1.20
2018.05.02 08:07:25.751,0.70276,0.70286,1.69,2.70
2018.05.02 08:07:26.276,0.70277,0.70285,1.00,1.20
2018.05.02 08:07:26.894,0.70275,0.70285,3.37,1.20
2018.05.02 08:07:27.410,0.70276,0.70285,1.00,1.45
2018.05.02 08:07:27.999,0.70276,0.70284,1.00,1.20
2018.05.02 08:07:30.357,0.70275,0.70284,2.62,1.20
2018.05.02 08:07:30.460,0.70275,0.70285,2.62,1.10
2018.05.02 08:07:30.980,0.70276,0.70286,1.00,1.95
2018.05.02 08:07:31.834,0.70276,0.70286,1.00,1.10
2018.05.02 08:07:32.805,0.70276,0.70287,2.32,2.32
2018.05.02 08:07:33.010,0.70276,0.70287,4.20,1.10
2018.05.02 08:07:33.549,0.70276,0.70287,3.82,1.00
2018.05.02 08:07:33.857,0.70276,0.70285,3.00,1.20
2018.05.02 08:07:34.397,0.70277,0.70287,1.50,1.95
2018.05.02 08:07:34.933,0.70277,0.70286,1.50,1.20
2018.05.02 08:07:37.721,0.70277,0.70287,1.00,2.70
2018.05.02 08:07:38.231,0.70278,0.70286,1.12,1.20
2018.05.02 08:07:38.282,0.70278,0.70289,1.12,3.45
2018.05.02 08:07:40.652,0.70278,0.70287,1.00,1.45
2018.05.02 08:07:40.864,0.70277,0.70286,1.50,1.95
2018.05.02 08:07:41.245,0.70277,0.70286,1.00,1.00
2018.05.02 08:07:42.187,0.70278,0.70287,1.00,1.10
2018.05.02 08:07:42.698,0.70277,0.70287,1.00,1.10
2018.05.02 08:07:43.200,0.70277,0.70286,1.00,1.50
2018.05.02 08:07:43.561,0.70278,0.70288,1.10,1.00
2018.05.02 08:07:44.092,0.70278,0.70288,1.00,4.20
2018.05.02 08:07:45.439,0.70278,0.70287,1.00,1.95
2018.05.02 08:07:46.050,0.70278,0.70286,1.00,1.20
2018.05.02 08:07:46.101,0.70276,0.70287,2.25,1.45
2018.05.02 08:07:46.288,0.70278,0.70287,1.00,1.95
2018.05.02 08:07:46.634,0.70278,0.70286,1.00,1.45
2018.05.02 08:07:48.192,0.70278,0.70285,1.00,1.20
2018.05.02 08:07:48.703,0.70278,0.70285,1.00,1.20
2018.05.02 08:07:49.483,0.70276,0.70285,1.00,1.45
2018.05.02 08:07:50.518,0.70275,0.70285,2.62,1.45
2018.05.02 08:07:54.776,0.70277,0.70286,1.00,1.95
2018.05.02 08:07:55.361,0.70277,0.70286,1.00,1.95
2018.05.02 08:07:55.686,0.70277,0.70285,1.00,1.20
2018.05.02 08:07:55.894,0.70276,0.70286,3.75,1.20
2018.05.02 08:07:55.996,0.70278,0.70287,1.00,1.20
2018.05.02 08:07:57.543,0.70279,0.70288,1.00,1.20
2018.05.02 08:08:00.059,0.70276,0.70287,1.20,1.20
2018.05.02 08:08:00.162,0.70275,0.70287,2.62,2.70
2018.05.02 08:08:00.672,0.70275,0.70286,1.50,1.95
2018.05.02 08:08:01.006,0.70275,0.70285,1.50,1.45
2018.05.02 08:08:01.728,0.70275,0.70285,1.10,1.45
2018.05.02 08:08:02.253,0.70275,0.70286,1.07,1.57
2018.05.02 08:08:03.959,0.70274,0.70286,3.82,2.32
2018.05.02 08:08:04.546,0.70276,0.70286,1.00,2.32
2018.05.02 08:08:06.300,0.70276,0.70286,1.00,4.76
2018.05.02 08:08:07.184,0.70276,0.70286,1.00,5.89
2018.05.02 08:08:09.179,0.70277,0.70287,1.00,1.45
2018.05.02 08:08:09.283,0.70278,0.70288,1.87,1.95
2018.05.02 08:08:09.847,0.70278,0.70289,1.95,1.57
2018.05.02 08:08:10.703,0.70279,0.70289,1.87,1.10
2018.05.02 08:08:13.870,0.7028,0.70291,1.57,3.75
2018.05.02 08:08:13.923,0.70282,0.70293,3.37,1.57
2018.05.02 08:08:14.080,0.70284,0.70295,1.12,2.32
2018.05.02 08:08:14.592,0.70285,0.70295,1.20,2.25
2018.05.02 08:08:15.521,0.70284,0.70296,3.45,2.51
2018.05.02 08:08:17.253,0.70284,0.70296,2.70,2.70
2018.05.02 08:08:17.445,0.70285,0.70297,1.95,2.32
2018.05.02 08:08:18.880,0.70285,0.70297,1.95,2.70
2018.05.02 08:08:19.393,0.70285,0.70297,1.95,2.51
2018.05.02 08:08:20.170,0.70286,0.70297,1.00,1.57
2018.05.02 08:08:20.582,0.70288,0.70297,1.00,1.10
2018.05.02 08:08:21.099,0.70288,0.70297,1.00,1.07
2018.05.02 08:08:22.921,0.70287,0.70298,1.95,1.20
2018.05.02 08:08:24.901,0.70288,0.70298,1.00,1.20
2018.05.02 08:08:25.002,0.70288,0.70298,1.00,1.10
2018.05.02 08:08:25.544,0.70289,0.70299,2.25,1.57
2018.05.02 08:08:27.112,0.70289,0.70299,1.50,1.45
2018.05.02 08:08:27.821,0.70289,0.70299,3.26,1.32
2018.05.02 08:08:28.349,0.7029,0.703,1.00,2.89
2018.05.02 08:08:28.740,0.7029,0.703,1.50,3.07
2018.05.02 08:08:32.748,0.70294,0.70303,1.00,1.57
2018.05.02 08:08:32.852,0.70296,0.70307,1.50,1.57
2018.05.02 08:08:33.040,0.70294,0.70304,1.10,1.50
2018.05.02 08:08:33.348,0.70298,0.70307,1.00,2.32
2018.05.02 08:08:33.399,0.70296,0.70306,1.10,1.57
2018.05.02 08:08:33.452,0.70295,0.70303,1.95,1.00
2018.05.02 08:08:33.658,0.70293,0.70303,3.00,1.10
2018.05.02 08:08:34.371,0.70293,0.70303,2.32,2.32
2018.05.02 08:08:35.016,0.70293,0.70303,2.25,1.76
2018.05.02 08:08:35.984,0.70293,0.70303,1.00,2.14
2018.05.02 08:08:36.037,0.70293,0.70303,1.00,1.76
2018.05.02 08:08:36.795,0.70293,0.70302,1.00,1.10
2018.05.02 08:08:37.500,0.70292,0.70303,1.50,1.76
2018.05.02 08:08:37.705,0.70294,0.70303,1.00,1.76
2018.05.02 08:08:38.439,0.70293,0.70303,1.00,2.51
2018.05.02 08:08:40.085,0.70292,0.70301,1.00,2.25
2018.05.02 08:08:40.395,0.70291,0.70301,1.00,2.51
2018.05.02 08:08:40.901,0.7029,0.703,2.25,1.32
2018.05.02 08:08:45.888,0.7029,0.70298,1.50,1.00
2018.05.02 08:08:48.236,0.7029,0.70298,2.44,1.07
2018.05.02 08:08:49.295,0.7029,0.70298,1.50,1.00
2018.05.02 08:08:54.382,0.70289,0.70298,1.50,1.00
2018.05.02 08:08:57.696,0.70289,0.70299,1.50,1.10
2018.05.02 08:08:58.022,0.70291,0.70299,1.00,1.00
2018.05.02 08:08:58.202,0.70289,0.70299,3.82,1.32
2018.05.02 08:08:58.711,0.70289,0.70299,3.00,1.57
2018.05.02 08:09:03.613,0.70289,0.70298,2.25,1.00
2018.05.02 08:09:04.429,0.70289,0.70299,2.25,3.07
2018.05.02 08:09:05.090,0.70289,0.70299,2.25,2.51
2018.05.02 08:09:19.730,0.70289,0.70297,1.50,1.00
2018.05.02 08:09:22.924,0.70289,0.70299,1.50,2.32
2018.05.02 08:09:26.056,0.70289,0.70298,1.00,1.07
2018.05.02 08:09:26.644,0.70288,0.70298,1.57,1.07
2018.05.02 08:09:28.451,0.70289,0.70298,1.00,1.57
2018.05.02 08:09:29.958,0.70289,0.70298,1.00,1.57
2018.05.02 08:09:30.010,0.70291,0.70298,1.00,1.10
2018.05.02 08:09:30.575,0.70291,0.70298,1.00,1.07
2018.05.02 08:09:32.481,0.70291,0.70299,1.00,3.07
2018.05.02 08:09:36.285,0.70291,0.70299,1.00,2.89
2018.05.02 08:09:36.879,0.70291,0.70299,1.00,2.51
2018.05.02 08:10:04.069,0.70293,0.70301,1.00,1.95
2018.05.02 08:10:04.121,0.70294,0.70302,1.00,3.82
2018.05.02 08:10:04.429,0.70293,0.70299,1.00,1.10
2018.05.02 08:10:04.534,0.70294,0.70302,1.00,1.57
2018.05.02 08:10:05.071,0.70295,0.70303,1.00,2.32
2018.05.02 08:10:05.703,0.70296,0.70303,1.00,1.57
2018.05.02 08:10:06.487,0.70294,0.70301,1.00,1.50
2018.05.02 08:10:06.539,0.70293,0.70299,1.00,1.57
2018.05.02 08:10:10.555,0.70293,0.70299,1.00,1.95
2018.05.02 08:10:11.579,0.70293,0.70299,1.00,2.32
2018.05.02 08:10:13.410,0.70291,0.703,1.00,3.45
2018.05.02 08:10:14.578,0.70291,0.703,1.00,4.76
2018.05.02 08:10:15.117,0.70291,0.703,1.00,5.14
2018.05.02 08:10:15.445,0.70291,0.703,1.00,4.76
2018.05.02 08:10:15.989,0.70291,0.703,1.00,5.14
2018.05.02 08:10:16.571,0.70291,0.703,1.00,4.76
2018.05.02 08:10:17.271,0.70291,0.703,1.00,5.70
2018.05.02 08:10:21.294,0.7029,0.70299,1.00,3.26
2018.05.02 08:10:22.907,0.70292,0.70298,1.00,1.10
2018.05.02 08:10:31.771,0.70293,0.70299,1.00,2.32
2018.05.02 08:10:32.289,0.70294,0.703,1.00,2.32
2018.05.02 08:10:32.783,0.70292,0.703,1.00,3.26
2018.05.02 08:10:37.916,0.70291,0.70299,1.00,1.10
2018.05.02 08:10:40.439,0.70291,0.703,1.00,3.45
2018.05.02 08:10:40.491,0.70294,0.70301,1.00,1.00
2018.05.02 08:10:40.544,0.70296,0.70305,1.00,1.57
2018.05.02 08:10:40.597,0.70298,0.70306,1.00,3.45
2018.05.02 08:10:40.753,0.70299,0.70306,1.00,1.10
2018.05.02 08:10:40.959,0.70301,0.70306,1.00,1.10
2018.05.02 08:10:41.113,0.70297,0.70306,2.25,1.00
2018.05.02 08:10:41.974,0.70297,0.70308,1.57,3.07
2018.05.02 08:10:42.076,0.70297,0.70308,1.57,3.45
2018.05.02 08:10:42.670,0.70297,0.70307,1.57,1.00
2018.05.02 08:10:46.501,0.70297,0.70308,2.32,2.32
2018.05.02 08:10:57.567,0.70297,0.70308,2.32,1.20
2018.05.02 08:10:57.825,0.70294,0.70304,2.32,2.25
2018.05.02 08:10:58.024,0.70294,0.70302,1.00,2.32
2018.05.02 08:10:58.537,0.70294,0.703,1.00,1.76
2018.05.02 08:10:58.743,0.70289,0.70299,1.00,2.51
2018.05.02 08:10:59.341,0.70288,0.70299,1.57,2.51
2018.05.02 08:10:59.842,0.70288,0.70298,1.57,1.00
2018.05.02 08:11:01.234,0.70288,0.70299,1.57,2.32
2018.05.02 08:11:05.110,0.70288,0.70298,1.00,1.10
2018.05.02 08:11:05.883,0.70288,0.70298,1.07,1.57
2018.05.02 08:11:07.889,0.70291,0.70299,1.50,1.20
2018.05.02 08:11:08.066,0.70291,0.70301,3.07,1.50
2018.05.02 08:11:12.939,0.70296,0.70303,1.00,1.00
2018.05.02 08:11:13.043,0.70297,0.70307,1.50,2.70
2018.05.02 08:11:17.187,0.70297,0.70306,1.00,1.50
2018.05.02 08:11:17.341,0.70295,0.70306,2.32,3.26
2018.05.02 08:11:18.020,0.70295,0.70305,3.07,1.00
2018.05.02 08:11:18.883,0.70295,0.70305,1.57,1.10
2018.05.02 08:11:19.399,0.70295,0.70306,1.50,3.26
2018.05.02 08:11:21.213,0.70295,0.70304,1.00,1.00
2018.05.02 08:11:21.322,0.70293,0.70303,1.57,1.87
2018.05.02 08:11:21.481,0.70292,0.70301,1.00,1.95
2018.05.02 08:11:21.638,0.7029,0.703,1.57,1.25
2018.05.02 08:11:21.691,0.70288,0.70298,1.50,1.57
2018.05.02 08:11:22.005,0.70287,0.70296,1.50,1.00
2018.05.02 08:11:22.977,0.70287,0.70296,1.00,1.57
2018.05.02 08:11:23.132,0.70287,0.70297,2.32,1.00
2018.05.02 08:11:23.184,0.70293,0.70299,1.00,1.57
2018.05.02 08:11:23.695,0.70294,0.703,1.00,1.57
2018.05.02 08:11:24.223,0.70294,0.70299,1.00,1.00
2018.05.02 08:11:26.100,0.70294,0.703,1.00,2.32
2018.05.02 08:11:26.640,0.70292,0.703,1.00,2.32
2018.05.02 08:11:27.203,0.70292,0.70299,1.00,1.00
2018.05.02 08:11:28.188,0.70292,0.70298,1.00,1.10
2018.05.02 08:11:32.379,0.70296,0.70301,1.00,1.10
2018.05.02 08:11:32.764,0.70298,0.70306,1.00,2.32
2018.05.02 08:11:33.270,0.70299,0.70306,1.00,1.57
2018.05.02 08:11:34.110,0.70299,0.70305,1.00,1.00
2018.05.02 08:11:34.646,0.70299,0.70306,1.00,3.26
2018.05.02 08:11:37.900,0.70299,0.70305,1.00,1.00
2018.05.02 08:11:38.468,0.70299,0.70306,1.00,1.10
2018.05.02 08:11:39.688,0.70299,0.70305,1.00,1.00
2018.05.02 08:11:40.220,0.70299,0.70304,1.00,1.00
2018.05.02 08:11:41.940,0.70298,0.70304,1.00,1.00
2018.05.02 08:11:42.052,0.70298,0.70306,1.00,1.95
2018.05.02 08:11:43.024,0.70298,0.70305,1.00,1.00
2018.05.02 08:11:43.527,0.70299,0.70306,1.00,1.95
2018.05.02 08:11:45.195,0.70299,0.70305,1.00,1.00
2018.05.02 08:11:45.737,0.70299,0.70306,1.00,2.14
2018.05.02 08:11:46.120,0.70299,0.70306,1.00,3.26
2018.05.02 08:11:46.441,0.70299,0.70306,1.00,2.89
2018.05.02 08:11:46.737,0.70299,0.70306,1.00,3.07
2018.05.02 08:11:49.309,0.70299,0.70305,1.00,1.01
2018.05.02 08:11:49.361,0.70297,0.70304,1.00,1.25
2018.05.02 08:11:49.535,0.70297,0.70303,1.00,1.07
2018.05.02 08:11:50.052,0.70298,0.70303,1.00,1.10
2018.05.02 08:11:50.387,0.70295,0.70301,1.00,1.00
2018.05.02 08:11:51.098,0.70296,0.70301,1.00,1.00
2018.05.02 08:11:51.505,0.70296,0.70304,1.00,1.07
2018.05.02 08:11:51.558,0.70299,0.70306,1.00,1.57
2018.05.02 08:11:51.865,0.70301,0.70306,1.00,1.00
2018.05.02 08:11:52.387,0.70301,0.70307,1.00,2.70
2018.05.02 08:11:52.904,0.703,0.70306,1.00,1.00
2018.05.02 08:11:53.174,0.70298,0.70305,1.00,1.01
2018.05.02 08:11:53.692,0.70299,0.70305,1.00,1.10
2018.05.02 08:11:54.355,0.70298,0.70305,1.00,1.10
2018.05.02 08:11:55.845,0.70298,0.70306,1.00,2.32
2018.05.02 08:11:55.897,0.70301,0.70306,1.00,1.00
2018.05.02 08:11:56.421,0.70301,0.70307,1.00,1.57
2018.05.02 08:12:05.444,0.70302,0.70308,1.00,1.07
2018.05.02 08:12:05.600,0.70303,0.70311,1.00,1.57
2018.05.02 08:12:06.112,0.70304,0.70312,1.00,2.32
2018.05.02 08:12:07.397,0.70304,0.7031,1.00,1.00
2018.05.02 08:12:08.506,0.70304,0.7031,1.00,2.70
2018.05.02 08:12:10.406,0.70302,0.70309,1.00,1.57
2018.05.02 08:12:10.510,0.70299,0.70305,1.00,1.12
2018.05.02 08:12:10.818,0.70297,0.70302,1.00,1.37
2018.05.02 08:12:11.077,0.70299,0.70303,1.00,1.20
2018.05.02 08:12:11.597,0.70298,0.70304,1.00,1.82
2018.05.02 08:12:13.461,0.70298,0.70304,1.00,1.82
2018.05.02 08:12:14.662,0.70298,0.70305,1.00,2.32
2018.05.02 08:12:14.715,0.70301,0.70306,1.00,1.07
2018.05.02 08:12:16.744,0.70301,0.70307,1.00,2.70
2018.05.02 08:12:25.564,0.703,0.70306,1.00,1.12
2018.05.02 08:12:27.186,0.703,0.70305,1.00,1.50
2018.05.02 08:12:27.692,0.70299,0.70305,1.00,1.50
2018.05.02 08:12:28.237,0.70299,0.70303,1.00,1.00
2018.05.02 08:12:28.289,0.70297,0.70303,1.00,1.12
2018.05.02 08:12:28.567,0.70299,0.70305,1.00,1.95
2018.05.02 08:12:30.472,0.70297,0.70305,1.00,1.95
2018.05.02 08:12:31.259,0.70296,0.70305,1.57,1.95
2018.05.02 08:12:33.275,0.70296,0.70304,1.50,1.67
2018.05.02 08:12:33.327,0.70294,0.70301,1.07,2.25
2018.05.02 08:12:33.380,0.70292,0.703,1.00,1.37
2018.05.02 08:12:33.432,0.7029,0.70298,1.00,1.50
2018.05.02 08:12:33.484,0.70288,0.70297,2.32,1.37
2018.05.02 08:12:33.536,0.70286,0.70295,1.00,1.12
2018.05.02 08:12:33.826,0.70283,0.70292,1.50,1.12
2018.05.02 08:12:34.257,0.70283,0.70291,1.10,1.37
2018.05.02 08:12:34.309,0.70281,0.70291,1.50,1.47
2018.05.02 08:12:34.600,0.70279,0.7029,2.32,2.70
2018.05.02 08:12:34.653,0.70279,0.70289,2.70,1.00
2018.05.02 08:12:35.284,0.70279,0.70289,2.32,1.00
2018.05.02 08:12:35.603,0.70285,0.70294,1.50,1.20
2018.05.02 08:12:36.147,0.70285,0.70294,1.00,1.12
2018.05.02 08:12:36.486,0.70282,0.7029,1.00,1.10
2018.05.02 08:12:36.762,0.7028,0.7029,1.10,1.50
2018.05.02 08:12:37.275,0.70279,0.70289,1.10,1.12
2018.05.02 08:12:37.662,0.70281,0.70289,1.00,1.20
2018.05.02 08:12:37.764,0.70282,0.70291,1.00,1.20
2018.05.02 08:12:37.968,0.70282,0.70291,1.00,1.87
2018.05.02 08:12:38.445,0.70285,0.70293,1.00,1.07
2018.05.02 08:12:38.550,0.70286,0.70295,1.00,1.57
2018.05.02 08:12:38.602,0.70286,0.70295,1.00,1.87
2018.05.02 08:12:39.139,0.70287,0.70295,1.00,1.20
2018.05.02 08:12:39.671,0.70286,0.70295,2.32,1.12
2018.05.02 08:12:40.798,0.70287,0.70297,1.00,3.45
2018.05.02 08:12:41.589,0.70286,0.70297,3.82,2.70
2018.05.02 08:12:42.443,0.70286,0.70297,4.57,2.62
2018.05.02 08:12:45.286,0.70287,0.70297,3.07,1.00
2018.05.02 08:12:47.262,0.70287,0.70297,2.25,1.20
2018.05.02 08:12:47.856,0.70287,0.70296,3.00,1.45
2018.05.02 08:12:49.905,0.70287,0.70298,3.07,3.82
2018.05.02 08:12:51.745,0.70287,0.70298,2.25,4.20
2018.05.02 08:12:53.017,0.70287,0.70296,3.00,1.00
2018.05.02 08:12:53.538,0.70287,0.70298,3.00,4.95
2018.05.02 08:12:59.033,0.70284,0.70291,1.10,1.00
2018.05.02 08:12:59.115,0.70282,0.7029,1.00,2.32
2018.05.02 08:12:59.168,0.70279,0.70289,1.57,1.00
2018.05.02 08:12:59.220,0.70277,0.70287,1.95,1.50
2018.05.02 08:12:59.375,0.70276,0.70285,1.57,1.00
2018.05.02 08:13:00.150,0.70276,0.70285,1.76,1.00
2018.05.02 08:13:00.950,0.70277,0.70286,1.00,1.10
2018.05.02 08:13:04.085,0.70277,0.70286,1.00,3.82
2018.05.02 08:13:04.605,0.70277,0.70284,1.00,1.20
2018.05.02 08:13:05.195,0.70277,0.70285,1.00,1.45
2018.05.02 08:13:05.936,0.70276,0.70285,1.50,2.70
2018.05.02 08:13:07.577,0.70276,0.70284,2.25,1.20
2018.05.02 08:13:08.321,0.70276,0.70284,1.50,1.20
2018.05.02 08:13:10.401,0.70277,0.70285,1.00,2.70
2018.05.02 08:13:10.933,0.70277,0.70285,1.00,1.45
2018.05.02 08:13:10.985,0.70277,0.70286,1.00,1.95
2018.05.02 08:13:11.658,0.70277,0.70285,1.00,1.45
2018.05.02 08:13:12.293,0.70277,0.70286,1.00,1.20
2018.05.02 08:13:12.805,0.70276,0.70285,1.50,1.45
2018.05.02 08:13:13.345,0.70276,0.70285,1.50,1.20
2018.05.02 08:13:14.924,0.70275,0.70285,2.25,1.45
2018.05.02 08:13:15.449,0.70275,0.70284,2.25,1.45
2018.05.02 08:13:16.877,0.70276,0.70284,1.00,1.20
2018.05.02 08:13:17.809,0.70276,0.70285,1.00,1.57
2018.05.02 08:13:19.300,0.70276,0.70285,1.00,1.76
2018.05.02 08:13:19.910,0.70275,0.70283,1.50,1.20
2018.05.02 08:13:21.521,0.70275,0.70285,1.00,2.32
2018.05.02 08:13:23.709,0.70274,0.70284,2.25,1.20
2018.05.02 08:13:25.094,0.70274,0.70283,1.50,1.07
2018.05.02 08:13:25.884,0.70274,0.70283,1.00,1.00
2018.05.02 08:13:26.458,0.70275,0.70284,1.50,1.20
2018.05.02 08:13:29.142,0.70275,0.70284,1.00,1.20
2018.05.02 08:13:29.218,0.70273,0.70283,1.00,2.32
2018.05.02 08:13:29.507,0.70272,0.70282,1.00,3.07
2018.05.02 08:13:30.022,0.70271,0.70282,1.50,2.89
2018.05.02 08:13:33.351,0.70274,0.70283,1.00,2.32
2018.05.02 08:13:33.559,0.70274,0.70285,2.32,1.20
2018.05.02 08:13:33.613,0.70275,0.70285,1.57,1.20
2018.05.02 08:13:34.240,0.70275,0.70285,2.25,1.20
2018.05.02 08:13:34.773,0.70275,0.70285,2.25,1.95
2018.05.02 08:13:35.282,0.70276,0.70285,1.00,1.95
2018.05.02 08:13:36.670,0.70276,0.70286,1.00,2.32
2018.05.02 08:13:37.180,0.70276,0.70286,1.00,2.32
2018.05.02 08:13:39.610,0.70276,0.70285,1.00,1.10
2018.05.02 08:13:40.900,0.70277,0.70287,1.00,3.45
2018.05.02 08:13:41.422,0.70277,0.70286,1.00,1.20
2018.05.02 08:13:41.993,0.70278,0.70286,1.00,1.45
2018.05.02 08:13:42.793,0.70278,0.70287,1.00,1.95
2018.05.02 08:13:43.941,0.70276,0.70287,2.25,3.45
2018.05.02 08:13:44.771,0.70277,0.70286,1.00,1.20
2018.05.02 08:13:45.378,0.70278,0.70287,1.00,3.45
2018.05.02 08:13:45.920,0.70278,0.70287,1.00,2.70
2018.05.02 08:13:46.201,0.70276,0.70287,2.25,3.45
2018.05.02 08:13:46.759,0.70277,0.70287,1.00,4.20
2018.05.02 08:13:49.105,0.70276,0.70286,2.25,1.45
2018.05.02 08:13:51.181,0.70276,0.70285,1.50,1.20
2018.05.02 08:13:52.202,0.70277,0.70285,1.00,1.45
2018.05.02 08:13:52.862,0.70278,0.70286,1.00,1.20
2018.05.02 08:13:53.457,0.70279,0.70287,1.00,1.20
2018.05.02 08:13:54.320,0.70278,0.70287,1.50,1.20
2018.05.02 08:13:55.157,0.70279,0.70287,1.00,1.20
2018.05.02 08:13:55.705,0.70278,0.70287,1.00,1.20
2018.05.02 08:13:58.458,0.70279,0.70287,1.00,1.20
2018.05.02 08:14:01.227,0.70279,0.70285,1.00,1.20
2018.05.02 08:14:01.743,0.70279,0.70287,1.00,1.45
2018.05.02 08:14:06.869,0.70279,0.70286,1.00,1.20
2018.05.02 08:14:07.918,0.70278,0.70286,1.00,1.20
2018.05.02 08:14:10.080,0.70278,0.70287,1.00,1.20
2018.05.02 08:14:12.742,0.70278,0.70287,1.50,1.20
2018.05.02 08:14:12.848,0.7028,0.70289,1.50,1.45
2018.05.02 08:14:13.363,0.7028,0.70289,1.00,1.45
2018.05.02 08:14:13.904,0.70281,0.7029,1.00,1.95
2018.05.02 08:14:14.421,0.70281,0.7029,1.00,1.20
2018.05.02 08:14:14.940,0.70281,0.7029,1.00,1.20
2018.05.02 08:14:18.230,0.70281,0.7029,1.00,1.20
2018.05.02 08:14:20.499,0.70281,0.7029,1.00,1.20
2018.05.02 08:14:21.677,0.70281,0.7029,1.00,1.20
2018.05.02 08:14:24.140,0.70281,0.7029,1.00,1.20
2018.05.02 08:14:24.671,0.70281,0.70289,1.00,1.20
2018.05.02 08:14:25.755,0.70281,0.7029,1.00,1.95
2018.05.02 08:14:26.672,0.70279,0.70289,2.25,1.20
2018.05.02 08:14:26.776,0.70279,0.70288,1.50,2.70
2018.05.02 08:14:27.299,0.70279,0.70287,1.50,1.20
2018.05.02 08:14:29.315,0.70279,0.70288,1.50,2.32
2018.05.02 08:14:40.938,0.70279,0.70287,1.50,1.45
2018.05.02 08:14:44.030,0.70278,0.70288,1.00,3.64
2018.05.02 08:14:44.533,0.70278,0.70288,1.00,2.70
2018.05.02 08:14:46.977,0.70278,0.70288,1.00,1.20
2018.05.02 08:14:47.590,0.70278,0.70288,1.00,1.95
2018.05.02 08:14:50.657,0.70278,0.70286,1.00,1.45
2018.05.02 08:14:51.820,0.70278,0.70287,1.00,1.45
2018.05.02 08:15:02.543,0.70278,0.70286,1.50,1.20
2018.05.02 08:15:03.124,0.70278,0.70287,1.00,1.45
2018.05.02 08:15:04.651,0.70279,0.70286,1.00,1.20
2018.05.02 08:15:07.384,0.70279,0.70286,1.00,1.20
2018.05.02 08:15:07.487,0.70277,0.70286,1.50,2.70
2018.05.02 08:15:07.539,0.70275,0.70284,2.25,1.00
2018.05.02 08:15:07.591,0.7027,0.7028,2.25,1.10
2018.05.02 08:15:07.736,0.7027,0.70279,1.00,1.20
2018.05.02 08:15:07.850,0.70267,0.70277,1.50,1.95
2018.05.02 08:15:08.207,0.70266,0.70275,1.00,1.20
2018.05.02 08:15:09.084,0.70265,0.70275,2.25,1.20
2018.05.02 08:15:09.630,0.70265,0.70274,2.25,1.20
2018.05.02 08:15:10.137,0.70266,0.70274,1.50,1.45
2018.05.02 08:15:13.657,0.70266,0.70275,1.00,1.45
2018.05.02 08:15:17.147,0.70266,0.70274,1.50,1.20
2018.05.02 08:15:18.843,0.70265,0.70274,1.50,1.20
2018.05.02 08:15:19.382,0.70264,0.70273,2.25,1.20
2018.05.02 08:15:19.717,0.70258,0.70266,1.00,1.20
2018.05.02 08:15:20.263,0.70257,0.70265,1.00,1.20
2018.05.02 08:15:20.811,0.70256,0.70265,1.00,1.45
2018.05.02 08:15:21.122,0.70255,0.70263,2.25,1.20
2018.05.02 08:15:22.033,0.70255,0.70264,2.25,1.20
2018.05.02 08:15:22.583,0.70255,0.70264,2.25,1.20
2018.05.02 08:15:26.993,0.70255,0.70263,1.00,1.20
2018.05.02 08:15:27.859,0.70255,0.70264,1.00,1.45
2018.05.02 08:15:28.413,0.70255,0.70264,1.00,1.45
2018.05.02 08:15:29.018,0.70255,0.70264,1.00,1.20
2018.05.02 08:15:30.016,0.70254,0.70264,2.25,1.20
2018.05.02 08:15:30.715,0.70255,0.70265,1.10,1.07
2018.05.02 08:15:34.211,0.70256,0.70267,3.00,1.95
2018.05.02 08:15:34.347,0.70257,0.70267,1.50,1.10
2018.05.02 08:15:34.858,0.70258,0.70269,1.00,3.82
2018.05.02 08:15:35.360,0.70258,0.70269,1.00,3.82
2018.05.02 08:15:36.061,0.70257,0.70268,1.50,2.32
2018.05.02 08:15:46.758,0.70257,0.70267,1.50,1.57
2018.05.02 08:15:52.976,0.70256,0.70266,1.10,1.07
2018.05.02 08:16:09.136,0.70263,0.70268,1.00,1.00
2018.05.02 08:16:09.189,0.70264,0.70274,1.50,1.95
2018.05.02 08:16:09.240,0.70264,0.70274,2.62,1.10
2018.05.02 08:16:09.624,0.70266,0.70276,1.10,2.70
2018.05.02 08:16:09.834,0.70268,0.70278,3.07,1.00
2018.05.02 08:16:10.432,0.70268,0.70279,2.32,1.57
2018.05.02 08:16:10.969,0.70269,0.70279,1.00,1.10
2018.05.02 08:16:12.709,0.70269,0.70279,1.10,1.07
2018.05.02 08:16:13.278,0.70269,0.70279,1.00,1.10
2018.05.02 08:16:14.556,0.70269,0.7028,1.10,1.57
2018.05.02 08:16:14.660,0.70273,0.70283,2.32,1.95
2018.05.02 08:16:14.763,0.70274,0.70285,2.32,1.10
2018.05.02 08:16:14.968,0.70276,0.70286,1.00,1.20
2018.05.02 08:16:15.643,0.70277,0.70286,1.00,1.07
2018.05.02 08:16:16.791,0.70277,0.70286,1.00,1.00
2018.05.02 08:16:17.391,0.70278,0.70286,1.00,1.00
2018.05.02 08:16:17.547,0.70278,0.70289,1.50,3.07
2018.05.02 08:16:18.011,0.70279,0.7029,2.32,1.95
2018.05.02 08:16:18.372,0.70279,0.7029,2.32,2.32
2018.05.02 08:16:18.891,0.70279,0.7029,2.25,1.95
2018.05.02 08:16:20.392,0.70282,0.70292,1.57,1.95
2018.05.02 08:16:20.688,0.70283,0.70293,1.00,2.32
2018.05.02 08:16:20.823,0.70281,0.70291,1.07,2.32
2018.05.02 08:16:21.345,0.70279,0.70291,3.45,4.69
2018.05.02 08:16:21.665,0.7028,0.70289,1.50,1.00
2018.05.02 08:16:22.097,0.70281,0.70291,1.00,1.20
2018.05.02 08:16:22.758,0.70282,0.70291,1.00,1.95
2018.05.02 08:16:23.735,0.70281,0.70291,3.07,1.12
2018.05.02 08:16:24.264,0.7028,0.7029,1.00,2.32
2018.05.02 08:16:24.912,0.7028,0.7029,1.00,1.07
2018.05.02 08:16:25.566,0.70279,0.7029,1.00,4.01
2018.05.02 08:16:26.980,0.70279,0.7029,1.10,2.32
2018.05.02 08:16:27.485,0.70279,0.7029,1.00,2.51
2018.05.02 08:16:28.353,0.70279,0.7029,2.32,1.10
2018.05.02 08:16:29.081,0.7028,0.70291,1.10,1.76
2018.05.02 08:16:30.191,0.70281,0.70291,1.57,1.00
2018.05.02 08:16:30.698,0.70282,0.70292,1.10,1.00
2018.05.02 08:16:31.223,0.70281,0.70293,2.32,1.95
2018.05.02 08:16:32.031,0.70287,0.70293,1.00,1.50
2018.05.02 08:16:32.083,0.70288,0.70295,1.50,1.00
2018.05.02 08:16:32.855,0.70288,0.70297,1.50,1.57
2018.05.02 08:16:34.290,0.70288,0.70297,1.57,1.00
2018.05.02 08:16:35.279,0.70288,0.70298,1.57,1.10
2018.05.02 08:16:36.422,0.70288,0.70299,2.32,1.20
2018.05.02 08:16:37.521,0.70288,0.70299,2.32,1.12
2018.05.02 08:16:38.570,0.70288,0.70299,2.32,2.70
2018.05.02 08:16:39.226,0.70288,0.70299,2.32,1.12
2018.05.02 08:16:39.830,0.70288,0.70299,2.32,2.70
2018.05.02 08:16:40.414,0.70288,0.70299,2.32,1.87
2018.05.02 08:16:41.950,0.70288,0.70299,2.32,1.20
2018.05.02 08:16:43.038,0.70288,0.70299,2.32,1.07
2018.05.02 08:16:44.296,0.70288,0.70298,1.50,1.10
2018.05.02 08:16:46.527,0.70288,0.70296,1.00,1.00
2018.05.02 08:16:46.738,0.70286,0.70296,1.00,1.10
2018.05.02 08:16:50.032,0.70286,0.70296,1.00,1.07
2018.05.02 08:16:50.258,0.70284,0.70295,1.57,1.10
2018.05.02 08:16:52.090,0.70284,0.70292,1.10,1.00
2018.05.02 08:16:52.145,0.7028,0.7029,1.07,1.12
2018.05.02 08:16:52.696,0.70279,0.7029,1.57,3.64
2018.05.02 08:16:53.221,0.7028,0.7029,1.57,1.00
2018.05.02 08:16:54.005,0.7028,0.7029,2.70,1.00
2018.05.02 08:16:54.212,0.70282,0.70291,1.57,1.00
2018.05.02 08:16:55.082,0.70286,0.70296,1.00,3.26
2018.05.02 08:16:55.135,0.70286,0.70296,1.00,1.95
2018.05.02 08:16:58.387,0.70289,0.70297,1.00,1.01
2018.05.02 08:16:58.921,0.70289,0.70298,1.00,1.00
2018.05.02 08:16:59.740,0.70288,0.70298,2.32,1.00
2018.05.02 08:17:04.733,0.70288,0.70299,2.32,2.70
2018.05.02 08:17:05.325,0.70288,0.70297,2.32,1.00
2018.05.02 08:17:07.920,0.70288,0.70297,1.57,1.00
2018.05.02 08:17:14.771,0.70289,0.70299,1.00,4.20
2018.05.02 08:17:15.301,0.70289,0.70299,2.32,1.57
2018.05.02 08:17:16.013,0.70289,0.70299,2.32,1.50
2018.05.02 08:17:16.674,0.70289,0.70298,2.32,1.00
2018.05.02 08:17:20.942,0.70288,0.70297,2.32,1.00
2018.05.02 08:17:21.044,0.70285,0.70292,1.00,1.37
2018.05.02 08:17:21.096,0.70282,0.7029,1.00,1.00
2018.05.02 08:17:21.299,0.7028,0.7029,1.00,1.76
2018.05.02 08:17:21.523,0.7028,0.70288,1.10,1.00
2018.05.02 08:17:22.006,0.70278,0.70289,1.10,2.70
2018.05.02 08:17:22.889,0.70278,0.70287,1.00,1.20
2018.05.02 08:17:23.475,0.70277,0.70287,1.10,1.57
2018.05.02 08:17:24.385,0.70279,0.70287,1.00,1.00
2018.05.02 08:17:24.926,0.70278,0.70288,1.57,1.00
2018.05.02 08:17:25.277,0.7028,0.70289,1.00,2.32
2018.05.02 08:17:26.508,0.70278,0.70289,2.32,1.57
2018.05.02 08:17:27.239,0.70279,0.70289,1.00,1.10
2018.05.02 08:17:29.924,0.70278,0.70289,2.32,1.76
2018.05.02 08:17:35.418,0.70279,0.70289,1.00,1.57
2018.05.02 08:17:35.652,0.70278,0.70287,1.50,1.00
2018.05.02 08:17:36.202,0.70278,0.70286,1.00,1.00
2018.05.02 08:17:37.948,0.70278,0.70285,1.00,1.00
2018.05.02 08:17:38.002,0.70276,0.70286,2.32,1.50
2018.05.02 08:17:38.054,0.70276,0.7028,1.00,1.50
2018.05.02 08:17:38.280,0.70269,0.7028,1.57,1.57
2018.05.02 08:17:38.331,0.70269,0.7028,1.95,1.57
2018.05.02 08:17:38.639,0.70276,0.70285,2.25,1.00
2018.05.02 08:17:38.949,0.70277,0.70287,1.00,1.10
2018.05.02 08:17:39.454,0.70277,0.70288,2.32,3.82
2018.05.02 08:17:44.817,0.70278,0.70288,1.57,1.50
2018.05.02 08:17:47.631,0.70278,0.70288,3.07,1.00
2018.05.02 08:17:47.683,0.70281,0.70292,3.45,1.10
2018.05.02 08:17:47.889,0.70282,0.70292,1.07,2.62
2018.05.02 08:17:47.991,0.7028,0.7029,1.10,3.00
2018.05.02 08:17:48.094,0.70279,0.70288,1.57,1.00
2018.05.02 08:17:51.328,0.70278,0.70288,3.75,1.10
2018.05.02 08:17:57.394,0.70278,0.70286,1.00,1.00
2018.05.02 08:17:57.721,0.7027,0.70278,1.50,1.69
2018.05.02 08:17:58.511,0.7027,0.70278,1.00,1.57
2018.05.02 08:17:59.047,0.70269,0.70278,1.00,1.57
2018.05.02 08:17:59.634,0.70269,0.70278,1.00,1.10
2018.05.02 08:17:59.940,0.70269,0.70278,1.00,1.20
2018.05.02 08:18:00.906,0.70269,0.70278,1.00,1.10
2018.05.02 08:18:01.012,0.70268,0.70278,2.25,1.20
2018.05.02 08:18:01.158,0.70268,0.70278,2.25,1.10
2018.05.02 08:18:02.099,0.70269,0.70278,1.00,1.07
2018.05.02 08:18:03.822,0.70269,0.70278,1.00,1.57
2018.05.02 08:18:03.984,0.70269,0.70277,1.00,1.07
2018.05.02 08:18:04.629,0.70268,0.70276,1.00,1.10
2018.05.02 08:18:18.670,0.70268,0.70278,1.00,1.10
2018.05.02 08:18:19.341,0.70268,0.70278,3.07,1.07
2018.05.02 08:18:19.877,0.70268,0.70278,3.07,1.00
2018.05.02 08:18:21.077,0.70268,0.70278,3.07,1.07
2018.05.02 08:18:21.810,0.70268,0.70278,3.00,1.10
2018.05.02 08:18:22.469,0.70268,0.70278,3.00,1.32
2018.05.02 08:18:24.351,0.70267,0.70277,2.25,3.07
2018.05.02 08:18:25.512,0.70268,0.70277,1.00,1.57
2018.05.02 08:18:30.713,0.70267,0.70277,3.00,1.57
2018.05.02 08:18:31.687,0.70267,0.70277,3.82,1.57
2018.05.02 08:18:32.315,0.70268,0.70277,1.00,1.57
2018.05.02 08:18:36.250,0.70269,0.70277,1.00,1.57
2018.05.02 08:18:37.376,0.70268,0.70277,1.00,1.57
2018.05.02 08:18:37.987,0.70269,0.70277,1.00,1.57
2018.05.02 08:18:43.411,0.70268,0.70277,1.00,1.57
2018.05.02 08:18:46.269,0.70268,0.70276,1.00,1.00
2018.05.02 08:18:47.333,0.70267,0.70276,1.50,1.10
2018.05.02 08:18:47.385,0.70266,0.70274,1.50,1.00
2018.05.02 08:18:47.437,0.70262,0.70272,1.57,3.00
2018.05.02 08:18:47.540,0.7026,0.7027,2.32,1.50
2018.05.02 08:18:51.716,0.7026,0.70269,1.00,1.50
2018.05.02 08:18:51.871,0.70258,0.70268,2.32,1.00
2018.05.02 08:18:52.621,0.70258,0.70267,2.25,1.00
2018.05.02 08:18:53.338,0.70261,0.70268,2.25,1.10
2018.05.02 08:18:53.484,0.70262,0.70272,1.50,1.20
2018.05.02 08:18:53.640,0.7026,0.70268,1.10,1.00
2018.05.02 08:18:54.280,0.70259,0.70268,1.00,1.10
2018.05.02 08:18:54.815,0.70259,0.70268,1.00,1.07
2018.05.02 08:18:55.637,0.70257,0.70267,2.25,1.10
2018.05.02 08:18:56.171,0.70257,0.70267,1.00,3.07
2018.05.02 08:18:56.426,0.70255,0.70266,2.70,1.57
2018.05.02 08:18:57.026,0.70256,0.70266,1.50,1.10
2018.05.02 08:19:00.025,0.70257,0.70266,1.00,1.10
2018.05.02 08:19:00.681,0.70256,0.70266,1.50,1.10
2018.05.02 08:19:01.217,0.70257,0.70266,1.00,1.07
2018.05.02 08:19:01.722,0.70256,0.70267,2.32,1.07
2018.05.02 08:19:04.952,0.70257,0.70267,1.00,1.57
2018.05.02 08:19:05.018,0.70257,0.70267,1.00,1.95
2018.05.02 08:19:05.562,0.70256,0.70266,1.50,1.10
2018.05.02 08:19:06.268,0.70256,0.70266,1.50,1.20
2018.05.02 08:19:06.775,0.70256,0.70266,1.50,1.10
2018.05.02 08:19:07.294,0.70256,0.70266,1.00,1.07
2018.05.02 08:19:08.399,0.70256,0.70264,1.50,1.00
2018.05.02 08:19:11.597,0.70256,0.70266,1.00,1.57
2018.05.02 08:19:13.012,0.70257,0.70266,1.00,1.00
2018.05.02 08:19:13.216,0.70259,0.70267,1.00,1.50
2018.05.02 08:19:21.035,0.70259,0.70269,1.00,3.07
2018.05.02 08:19:24.574,0.70259,0.70269,1.00,2.70
2018.05.02 08:19:26.444,0.70259,0.70269,1.00,4.57
2018.05.02 08:19:26.598,0.70259,0.70269,1.00,2.70
2018.05.02 08:19:27.136,0.70259,0.70269,1.50,2.89
2018.05.02 08:19:28.381,0.70259,0.70268,1.00,1.07
2018.05.02 08:19:28.768,0.70257,0.70267,3.37,1.10
2018.05.02 08:19:31.027,0.70257,0.70267,3.45,1.07
2018.05.02 08:19:31.845,0.70257,0.70267,3.37,1.10
2018.05.02 08:19:32.354,0.70258,0.70268,1.50,1.07
2018.05.02 08:19:33.048,0.70258,0.70268,1.50,1.10
2018.05.02 08:19:34.657,0.70258,0.70268,1.50,1.07
2018.05.02 08:19:35.184,0.70258,0.70268,1.00,1.20
2018.05.02 08:19:36.079,0.70259,0.70267,1.00,1.07
2018.05.02 08:19:36.387,0.70257,0.70267,1.50,2.32
2018.05.02 08:19:36.919,0.70257,0.70267,1.00,1.57
2018.05.02 08:19:37.443,0.70257,0.70267,1.50,1.10
2018.05.02 08:19:39.414,0.70257,0.70267,1.50,1.07
2018.05.02 08:19:40.079,0.70258,0.70267,1.00,1.10
2018.05.02 08:19:41.749,0.70259,0.70267,1.00,1.00
2018.05.02 08:19:41.998,0.70261,0.7027,3.00,1.07
2018.05.02 08:19:42.582,0.7026,0.7027,2.25,1.57
2018.05.02 08:19:43.108,0.7026,0.70268,1.50,1.00
2018.05.02 08:19:46.877,0.70259,0.70267,1.00,1.00
2018.05.02 08:19:50.115,0.70258,0.70268,1.50,1.20
2018.05.02 08:19:50.785,0.70258,0.70266,1.50,1.00
2018.05.02 08:19:51.329,0.70258,0.70267,1.00,1.10
2018.05.02 08:19:51.382,0.70256,0.70267,2.32,1.57
2018.05.02 08:19:51.434,0.70256,0.70267,2.32,3.45
2018.05.02 08:19:52.459,0.70257,0.70266,1.00,1.57
2018.05.02 08:19:52.962,0.70257,0.70266,1.50,1.10
2018.05.02 08:20:01.377,0.70257,0.70266,1.00,1.57
2018.05.02 08:20:03.605,0.70257,0.70266,1.00,1.50
2018.05.02 08:20:19.499,0.70256,0.70267,3.75,1.57
2018.05.02 08:20:23.714,0.70258,0.70267,2.25,1.10
2018.05.02 08:20:24.985,0.70258,0.70267,1.50,1.07
2018.05.02 08:20:25.415,0.70256,0.70265,2.25,1.00
2018.05.02 08:20:26.368,0.70256,0.70264,2.25,1.00
2018.05.02 08:20:26.908,0.70256,0.70265,1.50,1.00
2018.05.02 08:20:31.237,0.70252,0.70261,1.57,1.10
2018.05.02 08:20:34.404,0.70253,0.70262,1.50,1.20
2018.05.02 08:20:36.445,0.70255,0.70263,1.00,1.10
2018.05.02 08:20:36.553,0.70256,0.70265,1.50,1.10
2018.05.02 08:20:38.358,0.70256,0.70265,1.00,1.07
2018.05.02 08:20:38.872,0.70256,0.70265,2.25,1.00
2018.05.02 08:20:48.451,0.70257,0.70266,1.00,1.07
2018.05.02 08:20:48.963,0.70256,0.70267,1.10,4.01
2018.05.02 08:20:49.774,0.70257,0.70267,1.00,3.07
2018.05.02 08:20:50.265,0.70255,0.70266,3.07,1.57
2018.05.02 08:20:51.089,0.70255,0.70264,1.00,1.12
2018.05.02 08:20:51.396,0.70254,0.70262,1.50,1.00
2018.05.02 08:20:54.348,0.70253,0.70262,1.50,1.00
2018.05.02 08:20:55.115,0.70253,0.70262,1.00,1.39
2018.05.02 08:20:56.130,0.70252,0.70262,3.07,1.20
2018.05.02 08:20:56.679,0.70252,0.70261,1.50,1.57
2018.05.02 08:20:57.036,0.7025,0.70259,1.57,1.00
2018.05.02 08:20:57.215,0.70248,0.70259,1.00,4.39
2018.05.02 08:20:57.781,0.70248,0.70257,1.00,1.95
2018.05.02 08:20:58.333,0.70248,0.70257,1.00,1.95
2018.05.02 08:20:58.888,0.70246,0.70257,2.62,1.95
2018.05.02 08:20:59.430,0.70246,0.70257,2.25,1.95
2018.05.02 08:21:00.057,0.70246,0.70257,1.50,2.32
2018.05.02 08:21:02.300,0.70246,0.70257,2.25,2.70
2018.05.02 08:21:04.641,0.70248,0.70257,1.00,1.57
2018.05.02 08:21:05.159,0.70248,0.70257,1.00,1.57
2018.05.02 08:21:07.135,0.70248,0.70257,1.00,2.32
2018.05.02 08:21:07.187,0.70246,0.70257,2.25,2.32
2018.05.02 08:21:07.912,0.70247,0.70257,1.00,2.32
2018.05.02 08:21:08.439,0.70248,0.70259,1.50,1.95
2018.05.02 08:21:09.123,0.70249,0.70259,1.00,3.45
2018.05.02 08:21:11.240,0.70253,0.70262,1.00,2.32
2018.05.02 08:21:13.471,0.70253,0.70264,1.50,2.51
2018.05.02 08:21:13.645,0.70255,0.70264,1.00,1.57
2018.05.02 08:21:14.149,0.70254,0.70264,1.50,1.57
2018.05.02 08:21:15.126,0.70254,0.70264,2.32,1.57
2018.05.02 08:21:15.662,0.70254,0.70264,1.50,1.57
2018.05.02 08:21:16.164,0.70255,0.70264,1.50,1.57
2018.05.02 08:21:16.668,0.70255,0.70264,1.00,1.57
2018.05.02 08:21:18.264,0.70254,0.70263,1.50,1.25
2018.05.02 08:21:18.578,0.70254,0.70262,1.00,1.32
2018.05.02 08:21:19.419,0.70253,0.70262,1.00,1.07
2018.05.02 08:21:19.932,0.70252,0.70262,1.50,1.57
2018.05.02 08:21:21.813,0.70252,0.70263,2.25,1.57
2018.05.02 08:21:22.123,0.70255,0.70265,1.50,1.07
2018.05.02 08:21:24.343,0.70256,0.70265,1.00,1.57
2018.05.02 08:21:26.545,0.70255,0.70264,2.25,1.10
2018.05.02 08:21:26.853,0.70253,0.70263,1.10,1.00
2018.05.02 08:21:26.977,0.70252,0.70262,1.50,2.70
2018.05.02 08:21:27.523,0.70251,0.70261,1.50,2.32
2018.05.02 08:21:28.071,0.70251,0.70261,1.50,1.57
2018.05.02 08:21:28.597,0.70251,0.70261,1.50,1.57
2018.05.02 08:21:31.540,0.70251,0.70261,1.50,3.07
2018.05.02 08:21:33.108,0.70251,0.70261,2.32,1.57
2018.05.02 08:21:33.705,0.70251,0.70262,2.32,1.57
2018.05.02 08:21:33.758,0.70255,0.70264,1.00,1.10
2018.05.02 08:21:34.070,0.70257,0.70266,1.00,1.00
2018.05.02 08:21:34.578,0.70256,0.70265,2.32,1.10
2018.05.02 08:21:35.131,0.70257,0.70266,1.00,1.07
2018.05.02 08:21:35.690,0.70257,0.70266,1.10,1.10
2018.05.02 08:21:46.946,0.70257,0.70266,1.00,1.07
2018.05.02 08:21:47.971,0.70257,0.70266,1.00,1.00
2018.05.02 08:21:58.518,0.70257,0.70266,1.50,1.07
2018.05.02 08:22:00.026,0.70258,0.70268,1.00,2.70
2018.05.02 08:22:00.132,0.70259,0.7027,1.00,1.57
2018.05.02 08:22:00.336,0.70262,0.70271,1.00,1.57
2018.05.02 08:22:00.387,0.7026,0.70271,2.32,1.57
2018.05.02 08:22:05.003,0.70259,0.7027,3.07,1.20
2018.05.02 08:22:06.661,0.7026,0.70271,1.00,3.45
2018.05.02 08:22:08.693,0.70262,0.70272,1.50,1.20
2018.05.02 08:22:08.798,0.70263,0.70273,3.00,1.10
2018.05.02 08:22:09.385,0.70264,0.70273,1.10,1.10
2018.05.02 08:22:12.537,0.70263,0.70274,3.07,1.25
2018.05.02 08:22:12.641,0.70262,0.70273,2.32,1.10
2018.05.02 08:22:14.051,0.70263,0.70273,1.00,1.10
2018.05.02 08:22:14.583,0.70262,0.70273,2.32,1.10
2018.05.02 08:22:15.242,0.70262,0.70273,2.32,1.07
2018.05.02 08:22:17.286,0.70262,0.70273,2.25,2.51
2018.05.02 08:22:17.338,0.70261,0.7027,1.10,2.14
2018.05.02 08:22:17.492,0.70258,0.70268,1.10,1.00
2018.05.02 08:22:17.999,0.70257,0.70267,2.32,1.00
2018.05.02 08:22:18.500,0.70257,0.70267,2.32,1.10
2018.05.02 08:22:19.120,0.70258,0.70269,1.00,4.20
2018.05.02 08:22:19.676,0.70258,0.70267,1.00,1.10
2018.05.02 08:22:20.226,0.70257,0.70267,2.32,1.07
2018.05.02 08:22:24.096,0.70257,0.70267,2.25,1.10
2018.05.02 08:22:24.816,0.70257,0.70266,1.50,1.10
2018.05.02 08:22:38.097,0.70257,0.70266,1.00,1.95
2018.05.02 08:22:38.999,0.70255,0.70266,1.50,3.64
2018.05.02 08:22:41.141,0.70256,0.70266,1.00,2.70
2018.05.02 08:22:41.655,0.70257,0.70266,1.00,1.10
2018.05.02 08:22:53.526,0.70256,0.70265,1.50,1.00
2018.05.02 08:22:54.895,0.70255,0.70265,3.82,1.00
2018.05.02 08:22:56.714,0.70256,0.70265,1.00,1.10
2018.05.02 08:22:57.932,0.70255,0.70265,3.75,1.10
2018.05.02 08:22:58.463,0.70256,0.70265,1.00,1.00
2018.05.02 08:22:59.077,0.70256,0.70266,1.50,1.10
2018.05.02 08:23:03.172,0.70256,0.70265,1.00,1.00
2018.05.02 08:23:03.482,0.70258,0.70267,1.00,1.57
2018.05.02 08:23:04.032,0.70261,0.7027,2.25,1.50
2018.05.02 08:23:04.347,0.70266,0.70274,1.00,1.10
2018.05.02 08:23:04.796,0.70264,0.70274,1.00,2.32
2018.05.02 08:23:04.900,0.70264,0.70272,1.00,1.00
2018.05.02 08:23:05.475,0.70263,0.70272,1.00,1.00
2018.05.02 08:23:05.993,0.70263,0.70271,1.00,1.00
2018.05.02 08:23:06.572,0.70262,0.70271,1.50,1.00
2018.05.02 08:23:08.108,0.70263,0.70273,3.00,1.10
2018.05.02 08:23:08.160,0.70266,0.70276,1.00,1.20
2018.05.02 08:23:08.775,0.70266,0.70276,1.00,1.20
2018.05.02 08:23:21.486,0.70266,0.70276,1.57,1.20
2018.05.02 08:23:21.803,0.70263,0.7027,1.00,1.00
2018.05.02 08:23:21.906,0.70259,0.70269,1.07,1.10
2018.05.02 08:23:22.318,0.70258,0.70267,1.57,1.00
2018.05.02 08:23:22.829,0.7026,0.7027,1.07,1.10
2018.05.02 08:23:23.460,0.70261,0.70271,1.00,1.57
2018.05.02 08:23:27.438,0.70263,0.70273,1.00,1.95
2018.05.02 08:23:27.552,0.70264,0.70273,3.00,1.00
2018.05.02 08:23:27.604,0.70266,0.70273,1.00,1.00
2018.05.02 08:23:27.657,0.70266,0.70275,1.00,1.10
2018.05.02 08:23:32.224,0.70266,0.70275,1.00,1.57
2018.05.02 08:23:32.727,0.70266,0.70275,1.50,1.00
2018.05.02 08:23:37.990,0.70266,0.70276,1.50,2.70
2018.05.02 08:23:38.670,0.70267,0.70276,1.00,1.87
2018.05.02 08:23:41.761,0.70267,0.70274,1.00,1.00
2018.05.02 08:23:41.973,0.70264,0.70274,3.07,1.00
2018.05.02 08:23:42.620,0.70264,0.70274,2.32,2.51
2018.05.02 08:23:43.290,0.70264,0.70274,2.25,2.32
2018.05.02 08:23:43.671,0.70266,0.70275,1.10,1.10
2018.05.02 08:23:44.198,0.70266,0.70276,1.50,1.20
2018.05.02 08:23:47.870,0.70266,0.70275,1.00,1.00
2018.05.02 08:23:48.449,0.70266,0.70274,1.00,1.00
2018.05.02 08:23:48.502,0.70266,0.70276,2.25,1.57
2018.05.02 08:23:49.057,0.70267,0.70276,1.00,1.50
2018.05.02 08:23:50.035,0.70266,0.70276,2.32,1.50
2018.05.02 08:23:51.621,0.70267,0.70276,1.00,1.50
2018.05.02 08:23:57.132,0.70265,0.70276,1.57,2.14
2018.05.02 08:23:57.185,0.70265,0.70274,2.32,1.00
2018.05.02 08:23:58.050,0.70265,0.70274,1.00,1.07
2018.05.02 08:23:58.862,0.70264,0.70274,2.32,1.07
2018.05.02 08:24:00.422,0.70266,0.70275,1.00,1.10
2018.05.02 08:24:00.939,0.70266,0.70276,1.50,1.10
2018.05.02 08:24:01.503,0.70267,0.70276,1.00,1.10
2018.05.02 08:24:08.053,0.70267,0.70277,1.50,1.20
2018.05.02 08:24:08.362,0.70271,0.70277,1.00,1.57
2018.05.02 08:24:13.449,0.7027,0.70277,1.00,2.32
2018.05.02 08:24:13.985,0.7027,0.70276,1.00,1.57
2018.05.02 08:24:14.336,0.70268,0.70276,1.00,2.70
2018.05.02 08:24:14.643,0.70271,0.70275,1.00,1.00
2018.05.02 08:24:16.438,0.70269,0.70276,1.00,1.57
2018.05.02 08:24:18.149,0.70269,0.70275,1.00,1.25
2018.05.02 08:24:21.533,0.70269,0.70276,1.00,1.57
2018.05.02 08:24:22.125,0.7027,0.70277,1.00,1.10
2018.05.02 08:24:32.198,0.70269,0.70277,1.00,1.10
2018.05.02 08:24:32.786,0.70269,0.70276,1.00,1.57
2018.05.02 08:24:35.423,0.70269,0.70276,1.00,1.57
2018.05.02 08:24:37.716,0.70269,0.70277,1.00,1.10
2018.05.02 08:24:38.233,0.7027,0.70278,1.00,1.10
2018.05.02 08:24:39.190,0.70271,0.70278,1.00,1.10
2018.05.02 08:24:48.699,0.7027,0.70278,1.00,1.07
2018.05.02 08:24:49.200,0.70269,0.70277,1.00,1.07
2018.05.02 08:24:49.846,0.70268,0.70277,1.00,2.14
2018.05.02 08:24:51.059,0.70269,0.70277,1.00,1.57
2018.05.02 08:24:52.896,0.7027,0.70277,1.00,1.20
2018.05.02 08:24:55.259,0.7027,0.70277,1.00,1.10
2018.05.02 08:25:02.380,0.7027,0.70278,1.00,1.95
2018.05.02 08:25:03.349,0.70269,0.70276,1.00,1.10
2018.05.02 08:25:03.790,0.70269,0.70276,1.00,1.39
2018.05.02 08:25:04.371,0.70269,0.70276,1.00,1.10
2018.05.02 08:25:07.496,0.7027,0.70276,1.00,1.10
2018.05.02 08:25:09.587,0.7027,0.70276,1.00,1.07
2018.05.02 08:25:10.116,0.7027,0.70276,1.00,1.00
2018.05.02 08:25:10.783,0.70269,0.70276,1.00,1.10
2018.05.02 08:25:11.375,0.70271,0.70276,1.00,1.10
2018.05.02 08:25:11.922,0.7027,0.70276,1.00,1.10
2018.05.02 08:25:12.435,0.70271,0.70276,1.00,1.10
2018.05.02 08:25:15.014,0.70271,0.70279,1.00,4.01
2018.05.02 08:25:15.544,0.70271,0.70278,1.00,1.10
2018.05.02 08:25:16.514,0.70271,0.70278,1.00,1.07
2018.05.02 08:25:18.990,0.70265,0.70272,1.00,2.32
2018.05.02 08:25:19.044,0.70263,0.7027,1.00,1.69
2018.05.02 08:25:19.095,0.70266,0.70271,1.00,1.10
2018.05.02 08:25:19.402,0.70269,0.70275,1.00,2.51
2018.05.02 08:25:19.927,0.70269,0.70275,1.00,2.32
2018.05.02 08:25:20.471,0.70269,0.70274,1.00,1.00
2018.05.02 08:25:20.641,0.70264,0.70272,1.50,1.12
2018.05.02 08:25:21.350,0.70264,0.70271,1.00,1.10
2018.05.02 08:25:21.565,0.70263,0.70269,1.00,1.00
2018.05.02 08:25:22.067,0.70262,0.70269,1.00,1.07
2018.05.02 08:25:22.184,0.7026,0.70268,1.00,1.07
2018.05.02 08:25:22.708,0.7026,0.70268,1.00,1.10
2018.05.02 08:25:23.263,0.70258,0.70267,1.00,1.57
2018.05.02 08:25:23.988,0.70259,0.70267,1.00,1.57
2018.05.02 08:25:24.607,0.7026,0.70267,1.00,1.07
2018.05.02 08:25:26.249,0.7026,0.70267,1.00,1.10
2018.05.02 08:25:26.789,0.70259,0.70268,1.00,4.39
2018.05.02 08:25:28.574,0.70258,0.70268,1.00,5.51
2018.05.02 08:25:29.212,0.70258,0.70268,1.00,5.51
2018.05.02 08:25:35.446,0.70258,0.70265,1.00,1.01
2018.05.02 08:25:35.499,0.70256,0.70265,1.00,1.01
2018.05.02 08:25:35.708,0.70258,0.70265,1.00,1.39
2018.05.02 08:25:35.811,0.70256,0.70265,1.00,1.39
2018.05.02 08:25:35.977,0.70258,0.70265,1.00,1.39
2018.05.02 08:25:36.527,0.70257,0.70264,1.00,1.07
2018.05.02 08:25:37.689,0.70257,0.70265,1.00,1.76
2018.05.02 08:25:38.298,0.70256,0.70265,1.00,1.76
2018.05.02 08:25:38.854,0.70257,0.70265,1.00,1.57
2018.05.02 08:25:39.616,0.70257,0.70265,1.00,1.07
2018.05.02 08:25:40.328,0.70259,0.70265,1.00,1.57
2018.05.02 08:25:40.379,0.70257,0.70265,1.00,1.07
2018.05.02 08:25:43.894,0.70259,0.70267,1.00,3.26
2018.05.02 08:25:43.945,0.70259,0.70267,1.50,1.32
2018.05.02 08:25:44.471,0.70259,0.70268,1.50,3.45
2018.05.02 08:25:46.668,0.70259,0.70266,1.00,1.10
2018.05.02 08:25:50.048,0.70259,0.70266,1.00,1.07
2018.05.02 08:25:53.809,0.70267,0.70272,1.00,1.10
2018.05.02 08:25:53.862,0.70268,0.70276,1.57,1.00
2018.05.02 08:25:53.915,0.70272,0.70281,1.10,1.10
2018.05.02 08:25:53.968,0.70273,0.70279,1.00,1.07
2018.05.02 08:25:54.184,0.70281,0.70289,1.00,1.57
2018.05.02 08:25:54.315,0.7028,0.70284,1.00,1.00
2018.05.02 08:25:54.366,0.7028,0.70288,1.00,1.07
2018.05.02 08:25:54.469,0.70282,0.70289,1.50,1.25
2018.05.02 08:25:54.574,0.70283,0.70293,1.00,1.57
2018.05.02 08:25:54.626,0.70286,0.70293,1.00,1.07
2018.05.02 08:25:54.732,0.70282,0.70291,1.00,1.20
2018.05.02 08:25:54.785,0.70281,0.70288,1.00,1.00
2018.05.02 08:25:55.324,0.7028,0.70288,1.00,1.10
2018.05.02 08:25:55.878,0.7028,0.70288,1.00,1.57
2018.05.02 08:25:56.549,0.7028,0.70288,1.00,1.10
2018.05.02 08:25:57.085,0.7028,0.70288,1.00,1.07
2018.05.02 08:25:58.411,0.70281,0.70288,1.00,1.07
2018.05.02 08:25:59.437,0.7028,0.70288,1.00,1.07
2018.05.02 08:25:59.746,0.70278,0.70283,1.00,1.00
2018.05.02 08:26:00.155,0.70279,0.70286,1.00,1.95
2018.05.02 08:26:00.312,0.7028,0.70288,1.00,3.07
2018.05.02 08:26:00.467,0.7028,0.70289,1.00,1.95
2018.05.02 08:26:01.021,0.7028,0.70289,1.00,2.70
2018.05.02 08:26:01.471,0.7028,0.70285,1.00,1.00
2018.05.02 08:26:01.522,0.70278,0.70284,1.00,1.00
2018.05.02 08:26:02.037,0.70278,0.70287,1.00,1.95
2018.05.02 08:26:02.587,0.70278,0.70287,1.50,1.00
2018.05.02 08:26:03.118,0.7028,0.70287,1.00,1.00
2018.05.02 08:26:03.427,0.70278,0.70284,1.00,1.50
2018.05.02 08:26:03.943,0.7028,0.70286,1.00,1.10
2018.05.02 08:26:04.483,0.7028,0.70287,1.00,2.32
2018.05.02 08:26:04.588,0.70278,0.70286,1.00,1.00
2018.05.02 08:26:04.641,0.70276,0.70284,1.10,1.25
2018.05.02 08:26:05.001,0.70276,0.70283,1.00,1.57
2018.05.02 08:26:05.053,0.70272,0.70279,1.00,1.50
2018.05.02 08:26:05.105,0.70271,0.70277,1.00,1.00
2018.05.02 08:26:05.455,0.70268,0.70273,1.00,1.00
2018.05.02 08:26:05.664,0.70268,0.70276,1.00,1.57
2018.05.02 08:26:05.716,0.7027,0.70274,1.00,1.00
2018.05.02 08:26:05.769,0.7027,0.70277,1.00,1.57
2018.05.02 08:26:09.151,0.7027,0.70275,1.00,1.00
2018.05.02 08:26:09.202,0.70268,0.70274,1.00,1.50
2018.05.02 08:26:09.253,0.70261,0.70267,1.00,1.00
2018.05.02 08:26:09.355,0.70258,0.70266,1.50,1.10
2018.05.02 08:26:09.410,0.70254,0.70258,1.00,1.00
2018.05.02 08:26:09.461,0.70248,0.70254,1.50,1.00
2018.05.02 08:26:09.512,0.70244,0.70252,1.07,1.12
2018.05.02 08:26:09.565,0.70245,0.70252,1.00,1.20
2018.05.02 08:26:09.616,0.70244,0.70252,1.00,1.10
2018.05.02 08:26:09.769,0.70246,0.70255,1.00,4.95
2018.05.02 08:26:10.081,0.70248,0.70257,1.00,2.70
2018.05.02 08:26:10.788,0.70251,0.70257,1.00,1.57
2018.05.02 08:26:11.060,0.70257,0.70264,1.00,1.10
2018.05.02 08:26:11.811,0.70259,0.70266,1.00,1.07
2018.05.02 08:26:12.361,0.70259,0.70266,1.00,1.10
2018.05.02 08:26:13.292,0.70259,0.70267,1.00,1.20
2018.05.02 08:26:13.886,0.70259,0.70266,1.00,1.10
2018.05.02 08:26:19.878,0.70259,0.70267,1.00,1.10
2018.05.02 08:26:20.750,0.7026,0.70267,1.00,1.10
2018.05.02 08:26:20.869,0.70257,0.70267,1.50,1.10
2018.05.02 08:26:21.170,0.70257,0.70267,1.50,1.20
2018.05.02 08:26:23.580,0.70257,0.70267,1.00,1.07
2018.05.02 08:26:24.098,0.70262,0.70269,1.50,2.32
2018.05.02 08:26:24.151,0.70263,0.70272,1.00,1.10
2018.05.02 08:26:24.701,0.70264,0.70273,1.50,1.10
2018.05.02 08:26:26.605,0.70265,0.70274,1.00,1.95
2018.05.02 08:26:27.488,0.70265,0.70274,1.00,1.95
2018.05.02 08:26:28.328,0.70266,0.70275,1.50,1.50
2018.05.02 08:26:28.887,0.70267,0.70276,1.10,1.00
2018.05.02 08:26:29.419,0.70268,0.70276,1.00,1.00
2018.05.02 08:26:30.310,0.70266,0.70275,1.57,1.00
2018.05.02 08:26:30.802,0.70265,0.70273,1.00,1.57
2018.05.02 08:26:31.377,0.70265,0.70274,1.10,1.20
2018.05.02 08:26:31.957,0.70265,0.70274,1.00,1.95
2018.05.02 08:26:33.553,0.70267,0.70275,1.00,1.10
2018.05.02 08:26:35.864,0.70266,0.70275,1.57,1.00
2018.05.02 08:26:39.951,0.70267,0.70275,1.00,1.00
2018.05.02 08:26:40.994,0.70267,0.70276,1.00,1.00
2018.05.02 08:26:41.744,0.70267,0.70277,1.00,1.10
2018.05.02 08:26:46.051,0.70267,0.70275,1.00,1.00
2018.05.02 08:26:59.217,0.70267,0.70277,1.10,1.50
2018.05.02 08:27:00.789,0.70267,0.70277,1.07,1.10
2018.05.02 08:27:06.314,0.70267,0.70277,1.00,1.10
2018.05.02 08:27:13.098,0.70266,0.70277,1.57,1.10
2018.05.02 08:27:20.313,0.70267,0.70277,1.00,1.10
2018.05.02 08:27:30.761,0.70266,0.70277,1.57,1.10
2018.05.02 08:27:31.367,0.70266,0.70276,1.57,1.00
2018.05.02 08:27:33.955,0.70265,0.70276,1.20,1.76
2018.05.02 08:27:35.882,0.70264,0.70276,2.70,1.50
2018.05.02 08:27:36.434,0.70266,0.70277,1.10,1.95
2018.05.02 08:27:37.876,0.70267,0.70276,1.00,1.00
2018.05.02 08:27:41.664,0.70267,0.70274,1.00,1.00
2018.05.02 08:27:41.769,0.70263,0.70274,3.26,3.56
2018.05.02 08:27:42.839,0.70263,0.70273,1.57,3.00
2018.05.02 08:27:50.884,0.70263,0.70272,1.57,1.00
2018.05.02 08:27:54.614,0.70265,0.70274,1.00,1.10
2018.05.02 08:27:55.027,0.70265,0.70276,1.07,2.25
2018.05.02 08:27:55.566,0.70265,0.70276,1.10,2.32
2018.05.02 08:27:57.317,0.70265,0.70275,1.10,1.00
2018.05.02 08:27:57.889,0.70265,0.70275,1.07,1.00
2018.05.02 08:28:00.145,0.70266,0.70276,1.10,1.69
2018.05.02 08:28:04.993,0.70263,0.70273,2.70,1.12
2018.05.02 08:28:05.045,0.70263,0.70273,1.10,1.87
2018.05.02 08:28:05.571,0.70262,0.70273,1.10,2.70
2018.05.02 08:28:05.934,0.70262,0.7027,1.00,1.00
2018.05.02 08:28:07.529,0.70262,0.70271,1.00,1.00
2018.05.02 08:28:08.417,0.70262,0.70272,1.57,1.50
2018.05.02 08:28:09.230,0.70261,0.70272,1.07,1.95
2018.05.02 08:28:09.538,0.70256,0.70265,1.10,1.57
2018.05.02 08:28:10.146,0.70256,0.70264,1.00,1.00
2018.05.02 08:28:11.333,0.70256,0.70265,1.00,1.00
2018.05.02 08:28:12.113,0.70256,0.70263,1.00,1.00
2018.05.02 08:28:12.653,0.70255,0.70264,1.00,2.81
2018.05.02 08:28:15.727,0.70258,0.70266,1.00,1.20
2018.05.02 08:28:16.240,0.70259,0.70266,1.00,1.10
2018.05.02 08:28:16.747,0.70258,0.70266,1.00,1.10
2018.05.02 08:28:19.391,0.70257,0.70266,1.00,1.00
2018.05.02 08:28:19.952,0.70257,0.70266,1.00,1.07
2018.05.02 08:28:21.225,0.70258,0.70266,1.00,1.00
2018.05.02 08:28:23.241,0.70257,0.70266,1.00,1.10
2018.05.02 08:28:26.543,0.70257,0.70266,1.00,1.20
2018.05.02 08:28:35.688,0.70257,0.70267,1.00,1.20
2018.05.02 08:28:36.530,0.70257,0.70267,1.00,1.39
2018.05.02 08:28:38.323,0.70257,0.70267,1.00,1.20
2018.05.02 08:28:41.423,0.70257,0.70267,1.00,1.95
2018.05.02 08:28:45.568,0.70257,0.70267,1.00,1.95
2018.05.02 08:28:46.966,0.70257,0.70263,1.10,1.00
2018.05.02 08:28:47.121,0.70255,0.70263,1.00,1.12
2018.05.02 08:28:49.994,0.70254,0.70263,1.00,1.20
2018.05.02 08:28:51.779,0.70252,0.70259,1.10,1.00
2018.05.02 08:28:51.832,0.7025,0.70258,1.00,1.87
2018.05.02 08:28:51.997,0.70248,0.70257,1.00,2.32
2018.05.02 08:28:52.517,0.70247,0.70257,1.00,1.57
2018.05.02 08:28:53.936,0.7025,0.70257,1.00,1.00
2018.05.02 08:28:54.460,0.70251,0.70258,1.00,1.00
2018.05.02 08:28:56.258,0.70254,0.70261,1.00,1.07
2018.05.02 08:28:56.463,0.70254,0.70262,1.00,1.00
2018.05.02 08:29:04.223,0.70249,0.70259,1.10,1.50
2018.05.02 08:29:04.818,0.70248,0.70258,1.00,1.57
2018.05.02 08:29:07.878,0.70248,0.70255,1.00,1.00
2018.05.02 08:29:13.175,0.70253,0.70259,1.50,1.00
2018.05.02 08:29:13.277,0.70255,0.70262,1.00,1.10
2018.05.02 08:29:14.440,0.70255,0.70264,1.00,1.00
2018.05.02 08:29:15.435,0.70256,0.70265,1.00,1.07
2018.05.02 08:29:16.468,0.70256,0.70265,1.12,1.00
2018.05.02 08:29:16.647,0.70261,0.70267,1.00,1.20
2018.05.02 08:29:16.700,0.70261,0.70267,1.00,1.00
2018.05.02 08:29:16.804,0.70261,0.70269,1.00,1.50
2018.05.02 08:29:18.945,0.70259,0.70269,1.57,1.50
2018.05.02 08:29:19.445,0.70258,0.70267,1.10,1.00
2018.05.02 08:29:21.893,0.70258,0.70267,1.00,1.57
2018.05.02 08:29:24.863,0.7026,0.7027,1.00,1.10
2018.05.02 08:29:25.421,0.7026,0.7027,1.10,1.07
2018.05.02 08:29:27.299,0.7026,0.70268,1.00,1.00
2018.05.02 08:29:27.829,0.70259,0.70268,1.10,1.10
2018.05.02 08:29:28.372,0.7026,0.70269,1.00,1.00
2018.05.02 08:29:29.482,0.70262,0.70269,1.00,1.10
2018.05.02 08:29:29.790,0.70265,0.70272,1.00,1.10
2018.05.02 08:29:29.841,0.70265,0.70274,1.50,1.10
2018.05.02 08:29:30.373,0.70266,0.70274,1.00,1.50
2018.05.02 08:29:30.740,0.70265,0.70272,1.00,1.00
2018.05.02 08:29:31.359,0.70264,0.70272,1.00,1.10
2018.05.02 08:29:34.691,0.70263,0.70272,1.00,1.57
2018.05.02 08:29:35.007,0.70263,0.7027,1.00,1.00
2018.05.02 08:29:36.174,0.7026,0.70268,1.10,1.50
2018.05.02 08:29:36.803,0.70259,0.70268,1.00,1.50
2018.05.02 08:29:37.377,0.70259,0.70267,1.00,1.57
2018.05.02 08:29:40.688,0.70258,0.70267,1.00,1.50
2018.05.02 08:29:42.220,0.7026,0.70267,1.00,1.00
2018.05.02 08:29:43.016,0.70258,0.70267,1.00,1.57
2018.05.02 08:29:45.343,0.70259,0.70267,1.00,1.57
2018.05.02 08:29:45.877,0.70258,0.70267,1.00,1.57
2018.05.02 08:29:47.472,0.70259,0.70267,1.00,1.57
2018.05.02 08:29:48.250,0.70258,0.70267,1.00,1.57
2018.05.02 08:29:49.055,0.70258,0.70267,1.00,1.95
2018.05.02 08:29:49.610,0.70258,0.70267,1.00,1.76
2018.05.02 08:29:51.450,0.70258,0.70266,1.00,1.00
2018.05.02 08:29:53.659,0.70259,0.70266,1.00,1.00
2018.05.02 08:29:57.825,0.70257,0.70266,1.00,1.00
2018.05.02 08:29:58.921,0.70258,0.70266,1.00,1.10
2018.05.02 08:30:00.410,0.7026,0.7027,1.00,2.32
2018.05.02 08:30:00.798,0.7026,0.70267,1.00,1.00
2018.05.02 08:30:01.161,0.7026,0.70269,1.00,1.57
2018.05.02 08:30:01.389,0.70262,0.70269,1.00,1.00
2018.05.02 08:30:02.679,0.70261,0.70269,1.00,1.00
2018.05.02 08:30:02.986,0.70263,0.7027,1.00,1.00
2018.05.02 08:30:03.505,0.70263,0.70272,1.00,2.32
2018.05.02 08:30:04.040,0.70263,0.7027,1.00,1.00
2018.05.02 08:30:04.331,0.7026,0.70269,1.57,1.50
2018.05.02 08:30:04.433,0.70259,0.70268,1.00,1.57
2018.05.02 08:30:05.744,0.70258,0.70268,1.00,1.57
2018.05.02 08:30:06.434,0.70263,0.70269,1.00,1.10
2018.05.02 08:30:06.486,0.70263,0.70271,1.00,1.57
2018.05.02 08:30:13.281,0.70265,0.70272,1.00,1.00
2018.05.02 08:30:13.333,0.70266,0.70274,1.00,1.00
2018.05.02 08:30:13.438,0.70268,0.70277,1.00,1.20
2018.05.02 08:30:13.973,0.70269,0.70276,1.00,1.00
2018.05.02 08:30:15.003,0.70268,0.70276,1.00,1.00
2018.05.02 08:30:17.395,0.70269,0.70276,1.00,1.00
2018.05.02 08:30:17.921,0.70268,0.70276,1.00,1.00
2018.05.02 08:30:23.366,0.70266,0.70276,1.57,1.00
2018.05.02 08:30:24.989,0.70266,0.70275,1.10,1.10
2018.05.02 08:30:28.193,0.70265,0.70274,1.57,2.25
2018.05.02 08:30:28.245,0.70262,0.70271,1.10,1.87
2018.05.02 08:30:28.793,0.70263,0.70271,1.00,1.00
2018.05.02 08:30:28.963,0.70264,0.70274,1.57,1.00
2018.05.02 08:30:29.068,0.70264,0.70274,1.95,1.00
2018.05.02 08:30:29.668,0.70265,0.70275,1.10,1.00
2018.05.02 08:30:30.205,0.70265,0.70276,2.32,1.57
2018.05.02 08:30:30.989,0.70265,0.70276,1.57,1.00
2018.05.02 08:30:31.502,0.70265,0.70276,1.57,1.10
2018.05.02 08:30:32.061,0.70266,0.70276,1.10,1.00
2018.05.02 08:30:32.609,0.70266,0.70277,1.10,2.32
2018.05.02 08:30:34.637,0.70266,0.70276,1.10,1.00
2018.05.02 08:30:37.968,0.70265,0.70276,1.57,1.10
2018.05.02 08:30:38.331,0.70265,0.70276,1.95,1.10
2018.05.02 08:30:38.815,0.70265,0.70276,1.57,1.01
2018.05.02 08:30:44.333,0.70266,0.70276,1.00,1.57
2018.05.02 08:30:44.539,0.70262,0.70272,1.10,1.12
2018.05.02 08:30:44.846,0.70261,0.70271,1.57,1.07
2018.05.02 08:30:45.161,0.70264,0.70275,2.32,1.07
2018.05.02 08:30:45.680,0.70266,0.70275,1.00,1.00
2018.05.02 08:30:46.981,0.70266,0.70276,1.00,1.10
2018.05.02 08:30:48.332,0.70266,0.70276,1.10,1.07
2018.05.02 08:30:49.078,0.70266,0.70274,1.10,1.00
2018.05.02 08:30:49.182,0.70261,0.70271,1.00,2.32
2018.05.02 08:30:49.696,0.7026,0.7027,1.00,2.70
2018.05.02 08:30:49.860,0.70262,0.70272,1.00,1.95
2018.05.02 08:30:50.183,0.70262,0.70272,1.50,1.57
2018.05.02 08:30:50.288,0.70264,0.70274,1.00,1.20
2018.05.02 08:30:50.393,0.70265,0.70274,1.00,1.00
2018.05.02 08:30:50.936,0.70265,0.70273,1.00,1.00
2018.05.02 08:30:51.773,0.70265,0.70275,1.00,1.57
2018.05.02 08:30:52.316,0.70264,0.70275,1.20,1.57
2018.05.02 08:30:52.837,0.70265,0.70275,1.57,1.00
2018.05.02 08:30:53.508,0.70265,0.70277,1.57,1.57
2018.05.02 08:30:54.050,0.70266,0.70277,1.00,1.07
2018.05.02 08:30:55.059,0.70267,0.70276,1.12,1.00
2018.05.02 08:30:55.611,0.70266,0.70276,2.32,1.00
2018.05.02 08:30:56.235,0.70266,0.70276,3.26,1.00
2018.05.02 08:30:57.711,0.70268,0.70276,1.00,1.00
2018.05.02 08:30:58.116,0.70266,0.70276,3.45,1.00
2018.05.02 08:30:58.664,0.70268,0.70276,1.00,1.00
2018.05.02 08:31:00.396,0.70269,0.70276,1.00,1.00
2018.05.02 08:31:02.543,0.70269,0.70278,1.00,1.57
2018.05.02 08:31:03.151,0.70268,0.70278,1.50,1.57
2018.05.02 08:31:05.166,0.70267,0.70278,3.45,1.57
2018.05.02 08:31:05.722,0.70268,0.70278,1.00,1.57
2018.05.02 08:31:06.614,0.70269,0.70278,1.00,2.32
2018.05.02 08:31:07.882,0.70268,0.70278,1.00,1.57
2018.05.02 08:31:10.593,0.70267,0.70278,3.07,1.57
2018.05.02 08:31:11.370,0.70268,0.70278,1.00,1.57
2018.05.02 08:31:20.957,0.70269,0.70278,1.00,2.32
2018.05.02 08:31:21.162,0.70267,0.70277,1.10,1.50
2018.05.02 08:31:22.171,0.70268,0.70277,1.00,1.57
2018.05.02 08:31:25.219,0.70267,0.70277,1.50,1.57
2018.05.02 08:31:27.900,0.70268,0.70277,1.00,1.57
2018.05.02 08:31:29.288,0.70267,0.70277,1.00,1.57
2018.05.02 08:31:29.795,0.70267,0.70276,1.00,1.00
2018.05.02 08:31:37.892,0.70266,0.70277,1.87,2.51
2018.05.02 08:31:40.697,0.70266,0.70276,1.10,1.32
2018.05.02 08:31:41.254,0.70266,0.70274,1.10,1.00
2018.05.02 08:31:42.355,0.70266,0.70275,1.00,1.25
2018.05.02 08:31:43.465,0.70265,0.70275,1.10,1.25
2018.05.02 08:31:51.122,0.70266,0.70275,1.00,1.50
2018.05.02 08:31:59.173,0.70267,0.70275,1.00,1.00
2018.05.02 08:31:59.687,0.70266,0.70275,1.00,1.00
2018.05.02 08:32:00.848,0.70267,0.70275,1.50,1.10
2018.05.02 08:32:00.951,0.70266,0.70275,2.32,1.10
2018.05.02 08:32:01.409,0.70268,0.70275,1.00,1.10
2018.05.02 08:32:02.638,0.70268,0.70277,1.50,1.57
2018.05.02 08:32:02.782,0.70272,0.70282,1.00,1.57
2018.05.02 08:32:02.884,0.70273,0.70282,2.62,1.00
2018.05.02 08:32:05.032,0.70273,0.70283,2.70,1.00
2018.05.02 08:32:06.457,0.70275,0.70283,1.00,1.50
2018.05.02 08:32:06.965,0.7027,0.70278,1.10,1.00
2018.05.02 08:32:07.279,0.70271,0.7028,1.50,1.10
2018.05.02 08:32:07.815,0.70272,0.7028,1.00,1.10
2018.05.02 08:32:08.248,0.7027,0.7028,2.25,1.10
2018.05.02 08:32:08.773,0.70271,0.7028,1.00,2.32
2018.05.02 08:32:09.387,0.70271,0.7028,1.00,1.50
2018.05.02 08:32:11.634,0.70271,0.70281,1.57,1.10
2018.05.02 08:32:12.620,0.70273,0.70283,1.50,1.95
2018.05.02 08:32:12.671,0.70273,0.70283,1.10,1.50
2018.05.02 08:32:13.213,0.70274,0.70283,1.50,2.25
2018.05.02 08:32:13.614,0.70272,0.70282,1.10,1.50
2018.05.02 08:32:14.170,0.70271,0.70282,1.10,1.57
2018.05.02 08:32:15.338,0.70273,0.70282,1.00,1.57
2018.05.02 08:32:15.442,0.70272,0.70283,4.57,1.57
2018.05.02 08:32:16.486,0.70273,0.70283,1.00,1.57
2018.05.02 08:32:16.697,0.70275,0.70284,2.25,1.00
2018.05.02 08:32:18.216,0.70276,0.70284,1.00,1.00
2018.05.02 08:32:18.755,0.70275,0.70284,1.57,1.00
2018.05.02 08:32:19.393,0.70276,0.70284,1.00,1.00
2018.05.02 08:32:24.102,0.70276,0.70285,1.50,1.00
2018.05.02 08:32:40.667,0.70277,0.70285,1.00,1.00
2018.05.02 08:32:41.186,0.70276,0.70285,1.57,1.00
2018.05.02 08:32:41.760,0.70277,0.70285,1.00,1.00
2018.05.02 08:32:43.534,0.70276,0.70285,1.57,1.00
2018.05.02 08:32:47.223,0.70277,0.70285,1.00,1.00
2018.05.02 08:32:47.540,0.70282,0.70289,1.00,1.00
2018.05.02 08:32:48.016,0.70282,0.70293,1.07,1.50
2018.05.02 08:32:49.693,0.70285,0.70293,1.00,1.50
2018.05.02 08:32:50.221,0.70285,0.70294,2.32,1.00
2018.05.02 08:32:50.816,0.70285,0.70294,2.32,1.00
2018.05.02 08:32:51.337,0.70285,0.70294,2.32,1.00
2018.05.02 08:32:53.450,0.70286,0.70294,1.07,1.00
2018.05.02 08:32:53.668,0.70286,0.70296,1.07,1.57
2018.05.02 08:32:54.920,0.70285,0.70295,2.32,1.50
2018.05.02 08:32:55.513,0.70284,0.70295,3.82,1.00
2018.05.02 08:32:56.047,0.70285,0.70295,1.10,1.00
2018.05.02 08:32:56.510,0.70284,0.70293,1.10,1.00
2018.05.02 08:32:56.832,0.70287,0.70295,1.00,1.00
2018.05.02 08:32:57.175,0.70285,0.70295,1.10,1.00
2018.05.02 08:32:58.040,0.70284,0.70295,2.32,2.32
2018.05.02 08:32:58.660,0.70285,0.70295,1.00,1.57
2018.05.02 08:33:00.257,0.70285,0.70294,1.57,1.00
2018.05.02 08:33:00.371,0.70285,0.70295,1.95,1.00
2018.05.02 08:33:00.681,0.70285,0.70295,1.10,1.31
2018.05.02 08:33:01.577,0.70285,0.70295,1.20,1.00
2018.05.02 08:33:02.097,0.70285,0.70296,1.20,1.57
2018.05.02 08:33:02.712,0.70288,0.70296,1.00,1.57
2018.05.02 08:33:03.259,0.70285,0.70296,1.20,1.57
2018.05.02 08:33:04.802,0.70285,0.70296,1.10,1.57
2018.05.02 08:33:05.311,0.70284,0.70293,1.95,1.00
2018.05.02 08:33:05.363,0.70284,0.70293,1.50,1.00
2018.05.02 08:33:05.885,0.70284,0.70295,2.32,1.50
2018.05.02 08:33:08.394,0.70285,0.70295,1.20,1.00
2018.05.02 08:33:09.992,0.70285,0.70295,1.07,1.10
2018.05.02 08:33:13.656,0.70285,0.70295,1.10,1.00
2018.05.02 08:33:14.733,0.70287,0.70295,1.00,1.00
2018.05.02 08:33:15.791,0.70286,0.70295,1.10,1.00
2018.05.02 08:33:19.533,0.70285,0.70295,2.32,1.00
2018.05.02 08:33:20.450,0.70286,0.70295,1.10,1.00
2018.05.02 08:33:20.967,0.70287,0.70295,1.00,1.00
2018.05.02 08:33:21.590,0.70285,0.70295,2.32,1.00
2018.05.02 08:33:35.504,0.70285,0.70295,1.95,1.00
2018.05.02 08:33:36.025,0.70285,0.70296,3.45,2.25
2018.05.02 08:33:51.951,0.70287,0.70296,1.50,1.00
2018.05.02 08:33:52.476,0.70287,0.70297,1.57,1.00
2018.05.02 08:33:53.002,0.70287,0.70298,2.32,2.25
2018.05.02 08:33:53.316,0.70286,0.70295,3.07,1.00
2018.05.02 08:33:54.612,0.70287,0.70295,1.00,1.00
2018.05.02 08:33:55.126,0.70286,0.70295,1.57,1.00
2018.05.02 08:33:57.763,0.70286,0.70294,1.00,1.00
2018.05.02 08:33:58.363,0.70286,0.70293,1.00,1.00
2018.05.02 08:33:58.415,0.70284,0.70293,3.82,1.00
2018.05.02 08:34:00.266,0.70284,0.70293,3.07,1.00
2018.05.02 08:34:00.991,0.70285,0.70294,1.10,1.00
2018.05.02 08:34:03.083,0.70286,0.70295,1.00,1.50
2018.05.02 08:34:03.627,0.70286,0.70296,1.57,3.00
2018.05.02 08:34:11.429,0.70286,0.70295,1.10,1.00
2018.05.02 08:34:12.038,0.70286,0.70294,1.10,1.00
2018.05.02 08:34:13.082,0.70286,0.70296,1.10,2.51
2018.05.02 08:34:13.134,0.70285,0.70293,1.10,1.00
2018.05.02 08:34:13.237,0.7028,0.7029,2.32,1.00
2018.05.02 08:34:16.230,0.7028,0.7029,1.57,1.00
2018.05.02 08:34:16.373,0.70279,0.70288,2.32,1.00
2018.05.02 08:34:16.428,0.70277,0.70287,3.07,1.50
2018.05.02 08:34:16.947,0.70276,0.70287,1.57,3.26
2018.05.02 08:34:17.178,0.70276,0.70285,1.10,1.10
2018.05.02 08:34:17.690,0.70275,0.70285,1.00,1.10
2018.05.02 08:34:18.248,0.70274,0.70284,3.82,1.00
2018.05.02 08:34:18.769,0.70274,0.70283,1.00,1.10
2018.05.02 08:34:21.920,0.70271,0.7028,1.07,1.00
2018.05.02 08:34:22.022,0.70267,0.70277,1.20,1.00
2018.05.02 08:34:22.541,0.70267,0.70276,1.12,1.00
2018.05.02 08:34:23.066,0.70266,0.70275,1.50,1.00
2018.05.02 08:34:24.288,0.70266,0.70276,1.00,1.10
2018.05.02 08:34:31.559,0.70266,0.70274,1.00,1.00
2018.05.02 08:34:34.448,0.70267,0.70274,1.00,1.00
2018.05.02 08:34:34.989,0.70266,0.70274,1.00,1.00
2018.05.02 08:34:37.897,0.70265,0.70274,1.57,1.00
2018.05.02 08:34:38.405,0.70266,0.70274,1.00,1.00
2018.05.02 08:34:38.917,0.70265,0.70274,1.57,1.00
2018.05.02 08:34:39.856,0.70266,0.70274,1.00,1.00
2018.05.02 08:34:47.004,0.70266,0.70273,1.00,1.00
2018.05.02 08:34:47.056,0.70264,0.70273,1.57,1.00
2018.05.02 08:34:48.001,0.70264,0.70272,1.00,1.00
2018.05.02 08:34:48.622,0.70263,0.70272,2.32,1.00
2018.05.02 08:34:49.056,0.70261,0.70269,1.95,1.00
2018.05.02 08:34:49.108,0.70259,0.70268,1.57,1.00
2018.05.02 08:34:49.212,0.70261,0.7027,1.00,1.57
2018.05.02 08:34:49.264,0.70262,0.70273,1.50,2.32
2018.05.02 08:34:49.483,0.70263,0.70274,1.07,3.07
2018.05.02 08:34:52.124,0.70262,0.70273,2.32,1.10
2018.05.02 08:34:52.625,0.70263,0.70273,1.10,1.00
2018.05.02 08:34:53.234,0.70264,0.70271,1.10,1.00
2018.05.02 08:34:58.031,0.70264,0.70272,1.00,1.00
2018.05.02 08:34:59.796,0.70264,0.70273,1.10,1.00
2018.05.02 08:35:00.130,0.70263,0.70271,1.57,1.00
2018.05.02 08:35:00.442,0.70263,0.70271,2.70,1.00
2018.05.02 08:35:01.366,0.70263,0.70273,2.70,1.00
2018.05.02 08:35:05.319,0.70263,0.70274,2.70,1.10
2018.05.02 08:35:05.871,0.70264,0.70274,1.10,1.00
2018.05.02 08:35:07.899,0.70265,0.70274,1.00,1.00
2018.05.02 08:35:08.992,0.70265,0.70275,2.25,3.07
2018.05.02 08:35:09.295,0.70267,0.70275,1.00,1.00
2018.05.02 08:35:09.805,0.70266,0.70275,1.00,1.50
2018.05.02 08:35:12.061,0.70266,0.70274,1.00,1.00
2018.05.02 08:35:12.570,0.70265,0.70274,1.50,1.00
2018.05.02 08:35:13.546,0.70264,0.70274,2.70,1.00
2018.05.02 08:35:14.120,0.70266,0.70274,1.00,1.00
2018.05.02 08:35:14.600,0.70264,0.70274,2.70,1.00
2018.05.02 08:35:15.321,0.70265,0.70274,1.00,1.00
2018.05.02 08:35:18.573,0.70264,0.70274,2.70,1.00
2018.05.02 08:35:19.113,0.70265,0.70275,1.50,1.57
2018.05.02 08:35:21.379,0.70266,0.70275,1.00,1.57
2018.05.02 08:35:22.168,0.70265,0.70275,1.57,2.25
2018.05.02 08:35:22.920,0.70266,0.70275,1.00,2.25
2018.05.02 08:35:24.273,0.70266,0.70274,1.00,1.00
2018.05.02 08:35:24.822,0.70267,0.70274,1.00,1.00
2018.05.02 08:35:28.444,0.70266,0.70274,1.10,1.00
2018.05.02 08:35:31.540,0.70268,0.70274,1.00,1.00
2018.05.02 08:35:31.648,0.70272,0.7028,1.00,1.10
2018.05.02 08:35:31.963,0.70274,0.70282,1.00,1.10
2018.05.02 08:35:32.014,0.70274,0.70284,1.10,1.50
2018.05.02 08:35:35.642,0.70274,0.70283,1.10,1.87
2018.05.02 08:35:35.808,0.70272,0.70282,1.10,1.00
2018.05.02 08:35:36.469,0.70271,0.70282,2.32,1.57
2018.05.02 08:35:37.004,0.70271,0.70281,2.32,1.00
2018.05.02 08:35:46.413,0.70273,0.70281,1.00,1.00
2018.05.02 08:35:50.146,0.70273,0.70282,1.50,1.00
2018.05.02 08:35:50.679,0.70273,0.70283,1.10,2.25
2018.05.02 08:35:51.254,0.70273,0.70282,1.00,1.50
2018.05.02 08:35:51.809,0.70272,0.70282,1.57,1.50
2018.05.02 08:35:52.327,0.70273,0.70283,1.50,1.57
2018.05.02 08:35:55.033,0.70273,0.70281,1.10,1.00
2018.05.02 08:35:59.231,0.70274,0.70283,1.00,2.32
2018.05.02 08:35:59.920,0.70273,0.70283,2.32,1.50
2018.05.02 08:36:00.494,0.70273,0.70283,2.32,1.50
2018.05.02 08:36:01.595,0.70273,0.70283,1.57,2.25
2018.05.02 08:36:01.903,0.70272,0.70281,2.32,1.00
2018.05.02 08:36:02.007,0.70267,0.70277,2.32,1.00
2018.05.02 08:36:02.163,0.70266,0.70275,1.10,1.00
2018.05.02 08:36:02.703,0.70265,0.70275,1.57,1.50
2018.05.02 08:36:03.324,0.70266,0.70275,1.00,1.50
2018.05.02 08:36:03.851,0.70268,0.70276,1.00,1.00
2018.05.02 08:36:04.382,0.70267,0.70275,1.00,1.00
2018.05.02 08:36:05.901,0.70268,0.70276,1.00,1.57
2018.05.02 08:36:10.313,0.70271,0.70279,1.50,1.57
2018.05.02 08:36:10.365,0.70272,0.7028,1.00,1.10
2018.05.02 08:36:10.418,0.70274,0.70284,1.50,1.57
2018.05.02 08:36:10.470,0.70276,0.70285,1.00,1.50
2018.05.02 08:36:11.009,0.70277,0.70285,1.50,1.00
2018.05.02 08:36:13.427,0.70276,0.70285,1.00,1.00
2018.05.02 08:36:14.039,0.70276,0.70284,1.00,1.00
2018.05.02 08:36:17.090,0.70276,0.70285,1.50,1.00
2018.05.02 08:36:17.597,0.70277,0.70286,1.00,1.00
2018.05.02 08:36:33.328,0.70277,0.70285,2.25,1.00
2018.05.02 08:36:33.744,0.70274,0.70284,3.07,1.00
2018.05.02 08:36:33.796,0.70273,0.70282,1.07,1.50
2018.05.02 08:36:33.951,0.70272,0.70282,2.32,1.50
2018.05.02 08:36:34.651,0.70272,0.70281,1.00,1.00
2018.05.02 08:36:34.753,0.70271,0.70278,1.50,1.00
2018.05.02 08:36:34.984,0.70268,0.70276,1.00,1.00
2018.05.02 08:36:35.896,0.70267,0.70276,1.57,1.00
2018.05.02 08:36:41.545,0.70268,0.70276,1.00,1.00
2018.05.02 08:36:45.120,0.70268,0.70275,1.00,1.00
2018.05.02 08:36:45.643,0.70267,0.70275,1.50,1.00
2018.05.02 08:36:52.927,0.70266,0.70275,4.57,1.00
2018.05.02 08:36:55.317,0.70267,0.70275,2.25,1.00
2018.05.02 08:36:56.598,0.70266,0.70275,3.82,1.00
2018.05.02 08:36:57.108,0.70267,0.70275,1.57,1.00
2018.05.02 08:37:05.778,0.70268,0.70275,1.00,1.00
2018.05.02 08:37:06.349,0.70267,0.70275,1.50,1.00
2018.05.02 08:37:07.263,0.70268,0.70275,1.00,1.00
2018.05.02 08:37:07.839,0.70267,0.70275,1.50,1.00
2018.05.02 08:37:09.381,0.70266,0.70275,3.07,1.00
2018.05.02 08:37:11.830,0.70267,0.70275,1.00,1.00
2018.05.02 08:37:17.516,0.70269,0.70275,1.00,1.50
2018.05.02 08:37:18.141,0.70267,0.70275,1.00,1.00
2018.05.02 08:37:23.447,0.70271,0.70277,1.00,1.00
2018.05.02 08:37:23.559,0.70273,0.7028,2.25,1.00
2018.05.02 08:37:23.665,0.70274,0.70282,1.00,1.00
2018.05.02 08:37:24.339,0.70272,0.70281,3.07,1.50
2018.05.02 08:37:24.859,0.70273,0.70282,1.57,1.00
2018.05.02 08:37:25.731,0.70273,0.70282,1.57,1.00
2018.05.02 08:37:27.756,0.70274,0.70283,1.57,1.50
2018.05.02 08:37:29.583,0.70276,0.70285,1.57,1.10
2018.05.02 08:37:30.149,0.70277,0.70286,1.00,1.50
2018.05.02 08:37:37.902,0.70276,0.70286,3.82,1.50
2018.05.02 08:37:38.425,0.70276,0.70286,3.82,1.57
2018.05.02 08:37:42.188,0.70276,0.70286,2.32,1.50
2018.05.02 08:37:42.729,0.70276,0.70285,1.50,1.00
2018.05.02 08:37:44.688,0.70277,0.70286,1.00,1.50
2018.05.02 08:37:45.743,0.70277,0.70285,1.00,1.00
2018.05.02 08:37:46.252,0.70277,0.70286,1.00,1.50
2018.05.02 08:37:49.376,0.70278,0.70286,1.00,1.50
2018.05.02 08:37:56.927,0.70276,0.70285,1.00,1.50
2018.05.02 08:37:57.172,0.70274,0.70283,1.10,1.50
2018.05.02 08:37:57.483,0.70274,0.70281,1.00,1.50
2018.05.02 08:37:58.006,0.70273,0.70281,1.00,1.00
2018.05.02 08:37:58.317,0.70271,0.70279,1.00,1.00
2018.05.02 08:37:58.625,0.70268,0.70277,1.20,1.00
2018.05.02 08:37:58.732,0.70268,0.70276,1.00,1.00
2018.05.02 08:38:21.083,0.70267,0.70276,1.00,1.57
2018.05.02 08:38:21.617,0.70266,0.70275,1.10,1.10
2018.05.02 08:38:26.276,0.70267,0.70275,1.00,1.00
2018.05.02 08:38:37.905,0.70266,0.70275,1.57,1.00
2018.05.02 08:38:48.113,0.70267,0.70275,1.00,1.00
2018.05.02 08:38:48.695,0.70266,0.70275,1.57,1.00
2018.05.02 08:38:53.927,0.70266,0.70275,2.32,1.00
2018.05.02 08:38:54.450,0.70266,0.70275,1.00,1.00
2018.05.02 08:38:58.412,0.70267,0.70275,1.00,1.00
2018.05.02 08:39:00.994,0.70267,0.70276,1.50,2.32
2018.05.02 08:39:01.148,0.70269,0.70278,1.50,1.50
2018.05.02 08:39:01.633,0.70273,0.70283,1.50,1.57
2018.05.02 08:39:01.686,0.70276,0.70284,1.00,1.57
2018.05.02 08:39:02.194,0.70276,0.70284,1.00,1.50
2018.05.02 08:39:04.556,0.70276,0.70282,1.00,1.00
2018.05.02 08:39:05.782,0.70276,0.70284,1.00,1.50
2018.05.02 08:39:35.226,0.70278,0.70284,1.00,1.00
2018.05.02 08:39:35.610,0.70276,0.70284,1.00,1.00
2018.05.02 08:39:38.176,0.70275,0.70284,1.00,1.00
2018.05.02 08:39:42.196,0.70275,0.70285,1.10,1.50
2018.05.02 08:39:42.766,0.70275,0.70284,1.00,1.00
2018.05.02 08:40:10.901,0.70274,0.70286,1.50,2.32
2018.05.02 08:40:11.715,0.70274,0.70286,1.57,2.89
2018.05.02 08:40:15.832,0.70274,0.70284,2.32,1.00
2018.05.02 08:40:26.685,0.70275,0.70285,1.57,1.12
2018.05.02 08:40:30.019,0.70275,0.70285,1.50,1.95
2018.05.02 08:40:30.564,0.70275,0.70283,1.50,1.20
2018.05.02 08:40:33.328,0.70274,0.70284,3.00,1.95
2018.05.02 08:40:33.863,0.70275,0.70282,1.00,1.10
2018.05.02 08:40:35.058,0.70273,0.70282,1.00,3.45
2018.05.02 08:40:35.587,0.70272,0.70281,1.00,1.95
2018.05.02 08:40:36.088,0.70272,0.70281,1.00,1.20
2018.05.02 08:40:37.084,0.70271,0.70281,3.75,1.95
2018.05.02 08:40:37.632,0.70271,0.70281,3.00,2.70
2018.05.02 08:40:39.457,0.70271,0.70281,3.07,1.50
2018.05.02 08:40:52.153,0.7027,0.7028,3.07,1.00
2018.05.02 08:40:54.676,0.7027,0.7028,2.32,1.10
2018.05.02 08:41:00.599,0.7027,0.7028,1.57,1.00
2018.05.02 08:41:01.107,0.7027,0.7028,1.57,1.00
2018.05.02 08:41:04.841,0.70273,0.70282,1.00,1.57
2018.05.02 08:41:05.379,0.70272,0.70282,2.32,1.50
2018.05.02 08:41:05.994,0.70272,0.70282,6.07,1.00
2018.05.02 08:41:06.507,0.70274,0.70282,1.57,1.00
2018.05.02 08:41:07.092,0.70274,0.70284,1.10,1.50
2018.05.02 08:41:07.642,0.70274,0.70284,1.07,1.57
2018.05.02 08:41:12.283,0.70274,0.70284,1.50,1.57
2018.05.02 08:41:18.410,0.70274,0.70284,1.57,1.57
2018.05.02 08:41:18.964,0.70274,0.70284,1.57,1.50
2018.05.02 08:41:21.335,0.70274,0.70284,1.57,1.95
2018.05.02 08:41:21.438,0.70273,0.70281,1.00,1.00
2018.05.02 08:41:22.064,0.70271,0.70281,1.57,1.10
2018.05.02 08:41:24.979,0.70271,0.70281,1.50,1.57
2018.05.02 08:41:26.561,0.70271,0.7028,1.50,1.00
2018.05.02 08:41:26.768,0.70269,0.70279,1.00,3.07
2018.05.02 08:41:28.601,0.70269,0.70278,1.00,1.00
2018.05.02 08:41:28.705,0.70267,0.70277,1.10,1.50
2018.05.02 08:41:28.832,0.70267,0.70275,1.00,1.10
2018.05.02 08:41:30.029,0.70267,0.70275,1.00,1.95
2018.05.02 08:41:30.312,0.70265,0.70274,1.50,1.20
2018.05.02 08:41:30.855,0.70265,0.70274,1.50,1.20
2018.05.02 08:41:48.292,0.70265,0.70274,1.10,1.57
2018.05.02 08:41:55.033,0.70266,0.70274,1.00,1.50
2018.05.02 08:41:55.719,0.70265,0.70274,1.00,1.50
2018.05.02 08:41:58.496,0.70266,0.70274,1.00,1.00
2018.05.02 08:41:59.044,0.70264,0.70274,2.32,1.00
2018.05.02 08:42:00.225,0.70265,0.70274,1.00,1.50
2018.05.02 08:42:00.956,0.70264,0.70274,2.32,1.50
2018.05.02 08:42:02.339,0.70265,0.70274,1.00,1.50
2018.05.02 08:42:02.917,0.70264,0.70274,3.07,1.50
2018.05.02 08:42:04.165,0.70265,0.70274,1.00,1.50
2018.05.02 08:42:04.702,0.70264,0.70274,3.07,1.50
2018.05.02 08:42:06.267,0.70265,0.70274,1.00,1.50
2018.05.02 08:42:06.777,0.70264,0.70274,3.07,1.50
2018.05.02 08:42:08.240,0.70265,0.70274,1.00,1.50
2018.05.02 08:42:09.751,0.70264,0.70274,3.07,1.50
2018.05.02 08:42:12.468,0.70264,0.70273,1.57,1.00
2018.05.02 08:42:14.301,0.70264,0.70273,1.00,1.87
2018.05.02 08:42:14.405,0.70262,0.70272,2.32,1.87
2018.05.02 08:42:14.713,0.70264,0.70272,1.10,1.00
2018.05.02 08:42:15.230,0.70265,0.70273,1.00,1.00
2018.05.02 08:42:26.748,0.70263,0.70274,1.57,1.87
2018.05.02 08:42:28.056,0.70263,0.70274,1.95,1.95
2018.05.02 08:42:28.616,0.70264,0.70274,1.10,1.87
2018.05.02 08:42:35.651,0.70265,0.70274,1.00,1.12
2018.05.02 08:42:37.914,0.70264,0.70274,1.57,1.00
2018.05.02 08:42:45.890,0.70265,0.70275,1.57,1.00
2018.05.02 08:42:46.398,0.70266,0.70276,1.10,1.87
2018.05.02 08:42:48.100,0.70269,0.70276,1.00,1.87
2018.05.02 08:42:48.152,0.70266,0.70276,1.10,1.87
2018.05.02 08:42:52.594,0.70266,0.70275,1.00,1.00
2018.05.02 08:42:53.111,0.70267,0.70275,1.00,1.00
2018.05.02 08:43:02.382,0.70267,0.70276,1.00,2.62
2018.05.02 08:43:06.129,0.70267,0.70275,1.00,1.00
2018.05.02 08:43:06.367,0.70265,0.70275,1.10,1.00
2018.05.02 08:43:07.253,0.70264,0.70275,2.32,1.37
2018.05.02 08:43:08.372,0.70265,0.70275,1.10,1.00
2018.05.02 08:43:13.295,0.70263,0.70274,2.32,1.50
2018.05.02 08:43:14.733,0.70264,0.70274,1.10,1.31
2018.05.02 08:43:15.241,0.70263,0.70274,2.32,1.87
2018.05.02 08:43:16.151,0.70263,0.70274,2.32,1.87
2018.05.02 08:43:17.948,0.70263,0.70273,1.10,1.50
2018.05.02 08:43:18.053,0.70262,0.70271,1.57,1.00
2018.05.02 08:43:18.107,0.7026,0.70271,2.32,2.62
2018.05.02 08:43:18.621,0.7026,0.70271,1.57,3.64
2018.05.02 08:43:20.756,0.7026,0.70271,1.57,4.95
2018.05.02 08:43:21.027,0.7026,0.70271,1.57,4.57
2018.05.02 08:43:21.581,0.7026,0.7027,1.57,1.00
2018.05.02 08:43:22.321,0.7026,0.70271,1.57,4.57
2018.05.02 08:43:23.123,0.7026,0.70271,1.00,6.07
2018.05.02 08:43:23.278,0.70263,0.70272,1.00,2.32
2018.05.02 08:43:23.421,0.70264,0.70274,1.00,3.07
2018.05.02 08:43:24.271,0.70264,0.70274,1.10,1.50
2018.05.02 08:43:24.978,0.70264,0.70274,1.10,1.57
2018.05.02 08:43:27.858,0.70264,0.70274,1.10,1.87
2018.05.02 08:43:28.578,0.70264,0.70274,1.10,1.57
2018.05.02 08:43:31.288,0.70264,0.70274,1.10,1.50
2018.05.02 08:43:37.912,0.70264,0.70273,1.00,1.00
2018.05.02 08:43:47.079,0.70264,0.70274,1.00,1.95
2018.05.02 08:43:48.622,0.70263,0.70273,1.57,1.87
2018.05.02 08:43:48.778,0.7026,0.7027,1.10,2.25
2018.05.02 08:43:49.322,0.70259,0.7027,1.57,2.32
2018.05.02 08:43:52.472,0.70259,0.70269,1.10,1.12
2018.05.02 08:43:52.779,0.70256,0.70266,2.32,1.00
2018.05.02 08:43:54.126,0.70256,0.70266,1.57,1.20
2018.05.02 08:44:00.080,0.70257,0.70266,1.00,1.95
2018.05.02 08:44:00.710,0.70257,0.70266,1.00,2.62
2018.05.02 08:44:02.953,0.70257,0.70266,1.00,2.70
2018.05.02 08:44:05.200,0.70257,0.70266,1.00,2.62
2018.05.02 08:44:05.704,0.70264,0.70272,1.00,1.10
2018.05.02 08:44:05.910,0.70265,0.70274,1.00,1.00
2018.05.02 08:44:06.528,0.70265,0.70274,1.07,1.00
2018.05.02 08:44:07.041,0.70265,0.70274,1.00,1.00
2018.05.02 08:44:09.561,0.70265,0.70275,1.57,1.50
2018.05.02 08:44:10.333,0.70265,0.70274,1.50,1.00
2018.05.02 08:44:11.582,0.70264,0.70274,2.32,1.00
2018.05.02 08:44:18.598,0.70265,0.70274,1.00,1.50
2018.05.02 08:44:18.703,0.70265,0.70272,1.00,1.00
2018.05.02 08:44:18.809,0.70261,0.7027,1.07,1.00
2018.05.02 08:44:18.861,0.7026,0.70269,1.00,1.50
2018.05.02 08:44:18.915,0.70258,0.70268,1.57,2.62
2018.05.02 08:44:19.462,0.70258,0.70268,1.00,2.70
2018.05.02 08:44:19.564,0.70258,0.70268,1.00,2.32
2018.05.02 08:44:19.718,0.70261,0.70268,1.00,1.57
2018.05.02 08:44:19.875,0.70259,0.7027,1.57,2.70
2018.05.02 08:44:19.927,0.70262,0.70271,1.00,1.07
2018.05.02 08:44:20.074,0.70262,0.70272,1.50,1.57
2018.05.02 08:44:22.352,0.70262,0.70273,2.70,1.57
2018.05.02 08:44:22.404,0.70264,0.70273,1.00,1.50
2018.05.02 08:44:22.922,0.70265,0.70272,1.00,1.00
2018.05.02 08:44:25.367,0.70264,0.70272,1.00,1.00
2018.05.02 08:44:29.777,0.70263,0.70272,1.57,1.10
2018.05.02 08:44:31.759,0.70265,0.70273,1.00,1.10
2018.05.02 08:44:33.540,0.70265,0.70274,1.00,2.32
2018.05.02 08:44:37.905,0.70263,0.70274,3.07,2.32
2018.05.02 08:44:40.345,0.70263,0.70272,1.57,1.10
2018.05.02 08:44:40.875,0.70264,0.70273,1.10,1.10
2018.05.02 08:44:41.912,0.70264,0.70274,1.00,1.10
2018.05.02 08:44:43.170,0.70264,0.70274,1.10,1.07
2018.05.02 08:44:44.309,0.70264,0.70274,1.00,1.10
2018.05.02 08:44:45.552,0.70264,0.70273,1.00,1.87
2018.05.02 08:44:46.066,0.70264,0.70272,1.00,1.50
2018.05.02 08:44:46.321,0.70259,0.70269,1.57,1.00
2018.05.02 08:44:46.423,0.70258,0.70267,1.57,1.10
2018.05.02 08:44:47.190,0.70258,0.70267,3.25,1.00
2018.05.02 08:44:47.532,0.70258,0.70269,3.82,2.32
2018.05.02 08:44:57.978,0.70259,0.70269,2.32,1.07
2018.05.02 08:44:58.529,0.70259,0.70269,2.32,1.00
2018.05.02 08:45:00.664,0.70261,0.70269,3.00,1.00
2018.05.02 08:45:00.824,0.70261,0.70271,1.10,1.50
2018.05.02 08:45:01.029,0.70261,0.70269,1.10,1.00
2018.05.02 08:45:02.929,0.70261,0.70268,1.00,1.00
2018.05.02 08:45:02.981,0.70259,0.70268,1.00,1.00
2018.05.02 08:45:03.258,0.70258,0.70266,1.00,1.00
2018.05.02 08:45:03.791,0.70257,0.70266,1.00,1.00
2018.05.02 08:45:04.317,0.70257,0.70265,1.00,1.10
2018.05.02 08:45:05.667,0.70256,0.70265,1.10,1.57
2018.05.02 08:45:06.180,0.70255,0.70265,1.57,1.07
2018.05.02 08:45:06.493,0.70257,0.70265,1.00,1.00
2018.05.02 08:45:06.818,0.70258,0.70267,1.57,1.00
2018.05.02 08:45:07.319,0.70258,0.70268,1.57,1.00
2018.05.02 08:45:07.924,0.70259,0.70268,1.00,1.00
2018.05.02 08:45:09.316,0.70261,0.70268,1.00,1.00
2018.05.02 08:45:09.368,0.7026,0.7027,2.25,1.10
2018.05.02 08:45:09.422,0.70262,0.7027,1.50,1.00
2018.05.02 08:45:10.077,0.70262,0.70271,1.57,1.00
2018.05.02 08:45:11.360,0.70262,0.70272,4.20,1.00
2018.05.02 08:45:11.723,0.70264,0.70273,1.07,1.00
2018.05.02 08:45:14.927,0.70264,0.70273,1.00,1.50
2018.05.02 08:45:15.508,0.70264,0.70273,1.07,1.50
2018.05.02 08:45:16.043,0.70264,0.70273,1.10,1.50
2018.05.02 08:45:16.757,0.70263,0.70273,1.57,1.50
2018.05.02 08:45:19.456,0.70264,0.70273,1.00,1.50
2018.05.02 08:45:20.432,0.70264,0.70273,1.07,1.50
2018.05.02 08:45:20.984,0.70264,0.70273,1.00,1.00
2018.05.02 08:45:21.351,0.70261,0.70271,1.50,1.10
2018.05.02 08:45:21.402,0.70259,0.70269,2.32,1.00
2018.05.02 08:45:21.908,0.70259,0.70269,1.57,1.00
2018.05.02 08:45:22.491,0.70262,0.70269,1.00,1.00
2018.05.02 08:45:22.543,0.70263,0.70271,1.00,1.00
2018.05.02 08:45:23.050,0.70263,0.70272,1.57,1.50
2018.05.02 08:45:23.555,0.70264,0.70272,1.00,1.00
2018.05.02 08:45:23.658,0.70264,0.70274,1.57,1.50
2018.05.02 08:45:25.640,0.70266,0.70274,1.00,1.50
2018.05.02 08:45:25.742,0.70264,0.70274,1.00,1.57
2018.05.02 08:45:26.853,0.70264,0.70273,1.00,1.00
2018.05.02 08:45:27.566,0.70264,0.70274,1.10,1.50
2018.05.02 08:45:28.040,0.70266,0.70274,1.00,1.50
2018.05.02 08:45:28.142,0.70264,0.70274,1.10,1.50
2018.05.02 08:45:28.627,0.70266,0.70274,1.00,1.50
2018.05.02 08:45:28.837,0.70264,0.70274,1.10,1.50
2018.05.02 08:45:29.350,0.70265,0.70274,1.00,1.50
2018.05.02 08:45:29.876,0.70264,0.70274,1.50,1.57
2018.05.02 08:45:31.208,0.70265,0.70274,1.00,1.00
2018.05.02 08:45:35.007,0.70265,0.70273,1.00,1.00
2018.05.02 08:45:37.889,0.70264,0.70273,1.57,1.00
2018.05.02 08:45:43.074,0.70265,0.70274,1.00,1.50
2018.05.02 08:45:43.642,0.70262,0.70271,1.07,1.00
2018.05.02 08:45:43.747,0.7026,0.70269,1.50,1.00
2018.05.02 08:45:44.047,0.70258,0.70267,1.07,1.50
2018.05.02 08:45:44.554,0.70258,0.70267,1.10,1.00
2018.05.02 08:45:45.060,0.70257,0.70267,1.10,1.50
2018.05.02 08:45:45.828,0.70258,0.70267,1.00,1.00
2018.05.02 08:45:46.651,0.70258,0.70268,1.57,1.50
2018.05.02 08:45:47.179,0.70259,0.70269,1.10,1.50
2018.05.02 08:45:47.892,0.7026,0.70269,1.00,1.00
2018.05.02 08:45:48.398,0.7026,0.70271,1.57,1.57
2018.05.02 08:45:49.047,0.7026,0.70271,1.57,1.50
2018.05.02 08:45:49.553,0.7026,0.70271,1.57,1.57
2018.05.02 08:45:50.628,0.7026,0.70271,3.07,1.00
2018.05.02 08:45:51.134,0.7026,0.70271,1.57,1.57
2018.05.02 08:45:54.447,0.70263,0.70271,1.00,1.00
2018.05.02 08:45:54.960,0.70264,0.70273,1.10,1.12
2018.05.02 08:45:59.210,0.70265,0.70274,1.00,1.87
2018.05.02 08:45:59.729,0.70265,0.70274,1.10,1.12
2018.05.02 08:46:01.403,0.70265,0.70274,1.07,1.12
2018.05.02 08:46:01.656,0.70265,0.70274,1.00,1.87
2018.05.02 08:46:04.958,0.70265,0.70274,1.00,3.37
2018.05.02 08:46:12.986,0.70265,0.70274,1.00,3.00
2018.05.02 08:46:13.817,0.70265,0.70274,1.57,1.50
2018.05.02 08:46:14.618,0.70265,0.70274,1.57,2.25
2018.05.02 08:46:15.154,0.70265,0.70274,1.50,2.25
2018.05.02 08:46:21.843,0.70265,0.70274,1.00,2.25
2018.05.02 08:46:22.803,0.70263,0.70274,1.57,2.62
2018.05.02 08:46:24.176,0.70263,0.70274,1.95,2.70
2018.05.02 08:46:25.620,0.70264,0.70274,1.10,1.87
2018.05.02 08:46:29.726,0.70264,0.70272,1.00,1.00
2018.05.02 08:46:31.557,0.70257,0.70267,1.57,1.87
2018.05.02 08:46:32.415,0.70257,0.70266,1.00,1.00
2018.05.02 08:46:33.148,0.70259,0.70266,1.50,1.00
2018.05.02 08:46:33.252,0.7026,0.7027,1.00,1.57
2018.05.02 08:46:33.304,0.70262,0.7027,1.00,1.57
2018.05.02 08:46:37.878,0.7026,0.7027,1.10,1.50
2018.05.02 08:46:40.170,0.70262,0.7027,1.50,1.00
2018.05.02 08:46:40.622,0.70259,0.70267,1.20,1.00
2018.05.02 08:46:40.674,0.70258,0.70267,1.10,1.00
2018.05.02 08:46:40.993,0.70256,0.70266,4.76,1.00
2018.05.02 08:46:41.630,0.70256,0.70266,4.76,1.00
2018.05.02 08:46:43.725,0.70258,0.70266,1.00,1.00
2018.05.02 08:46:44.055,0.7026,0.7027,1.00,1.07
2018.05.02 08:46:44.668,0.7026,0.7027,1.10,1.00
2018.05.02 08:46:49.222,0.7026,0.70269,1.50,1.00
2018.05.02 08:46:50.179,0.7026,0.70268,1.10,2.62
