2010.11.19 03:00:08.262,0.77735,0.77754,1.50,1.30
2010.11.19 03:00:12.637,0.77736,0.77757,1.70,1.70
2010.11.19 03:00:14.655,0.77736,0.77753,1.50,1.20
2010.11.19 03:00:19.869,0.77737,0.77753,1.50,1.40
2010.11.19 03:00:21.882,0.77739,0.77753,1.20,1.10
2010.11.19 03:00:22.103,0.7774,0.77762,1.40,2.30
2010.11.19 03:00:27.950,0.77741,0.77764,1.40,2.30
2010.11.19 03:00:28.403,0.77736,0.77757,1.50,3.20
2010.11.19 03:00:30.650,0.77736,0.77758,1.50,5.90
2010.11.19 03:00:32.930,0.77733,0.77752,1.50,2.50
2010.11.19 03:00:34.973,0.77724,0.77743,1.50,2.10
2010.11.19 03:00:58.080,0.77712,0.77737,1.40,2.90
2010.11.19 03:01:00.151,0.77715,0.77738,1.20,1.70
2010.11.19 03:01:02.211,0.77722,0.77744,1.40,3.20
2010.11.19 03:01:12.584,0.7773,0.77753,3.60,2.50
2010.11.19 03:01:16.160,0.77729,0.77745,1.50,1.70
2010.11.19 03:01:18.832,0.77729,0.77747,1.70,1.70
2010.11.19 03:01:19.452,0.77718,0.77739,1.50,2.30
2010.11.19 03:01:23.826,0.77715,0.77739,1.70,2.50
2010.11.19 03:01:57.579,0.77709,0.77731,1.50,3.20
2010.11.19 03:02:14.761,0.77701,0.77725,1.20,3.20
2010.11.19 03:02:16.890,0.77703,0.77726,1.50,3.20
2010.11.19 03:02:26.122,0.77703,0.77724,1.50,1.70
2010.11.19 03:02:31.080,0.77702,0.77726,1.90,3.20
2010.11.19 03:02:35.901,0.77702,0.77724,1.90,1.70
2010.11.19 03:02:42.932,0.77706,0.77726,1.40,2.50
2010.11.19 03:02:51.709,0.77708,0.77727,1.40,1.70
2010.11.19 03:03:01.285,0.77713,0.77732,1.40,1.70
2010.11.19 03:03:05.100,0.77718,0.77737,1.40,1.70
2010.11.19 03:03:09.522,0.77715,0.77735,1.70,2.50
2010.11.19 03:03:14.536,0.77714,0.77735,1.90,2.50
2010.11.19 03:03:20.097,0.77712,0.77734,1.20,1.70
2010.11.19 03:03:31.779,0.7771,0.77733,4.20,2.50
2010.11.19 03:03:46.202,0.77712,0.77734,1.20,1.70
2010.11.19 03:04:06.711,0.7771,0.77733,4.20,2.50
2010.11.19 03:04:20.867,0.77709,0.77733,4.20,2.30
2010.11.19 03:04:23.753,0.77699,0.77712,10.80,3.00
2010.11.19 03:04:23.983,0.77692,0.7771,1.60,1.50
2010.11.19 03:04:24.103,0.77692,0.77708,1.50,3.20
2010.11.19 03:04:24.603,0.77692,0.77712,1.50,2.50
2010.11.19 03:04:28.666,0.77694,0.77713,1.70,1.70
2010.11.19 03:04:30.691,0.77695,0.77717,2.30,2.30
2010.11.19 03:04:39.192,0.77697,0.77717,6.80,2.30
2010.11.19 03:04:40.677,0.77703,0.77723,1.20,1.70
2010.11.19 03:04:41.673,0.77697,0.77717,1.50,2.50
2010.11.19 03:04:57.752,0.77694,0.77707,1.50,1.40
2010.11.19 03:05:02.361,0.77692,0.77707,1.50,2.90
2010.11.19 03:05:05.511,0.77688,0.77706,1.50,2.50
2010.11.19 03:05:48.683,0.77687,0.77706,1.50,1.70
2010.11.19 03:05:59.778,0.77683,0.77705,2.10,2.50
2010.11.19 03:06:02.210,0.77683,0.77702,1.50,2.10
2010.11.19 03:06:30.243,0.77681,0.77704,1.40,2.30
2010.11.19 03:07:03.001,0.7768,0.77703,2.70,2.30
2010.11.19 03:07:10.411,0.77675,0.77695,1.70,1.70
2010.11.19 03:07:11.615,0.77665,0.77687,1.40,2.50
2010.11.19 03:07:20.822,0.77668,0.77688,1.40,4.00
2010.11.19 03:08:21.671,0.77666,0.77692,1.20,2.70
2010.11.19 03:09:37.762,0.77664,0.77685,2.70,1.70
2010.11.19 03:10:19.453,0.77654,0.77677,1.50,3.20
2010.11.19 03:10:21.824,0.7765,0.77671,2.50,2.50
2010.11.19 03:10:24.756,0.77652,0.77672,1.40,3.00
2010.11.19 03:10:30.277,0.77648,0.7767,2.10,1.70
2010.11.19 03:10:37.471,0.77653,0.7767,1.40,1.50
2010.11.19 03:10:49.053,0.77652,0.77674,1.40,2.30
2010.11.19 03:10:58.404,0.7765,0.77673,1.90,3.20
2010.11.19 03:11:01.760,0.77648,0.77669,1.40,1.70
2010.11.19 03:11:07.067,0.77647,0.77667,1.40,1.70
2010.11.19 03:11:08.912,0.77641,0.77654,2.60,1.50
2010.11.19 03:11:09.022,0.77639,0.77654,2.40,2.50
2010.11.19 03:11:11.267,0.77633,0.77657,1.40,3.60
2010.11.19 03:11:16.712,0.77633,0.77657,1.40,3.20
2010.11.19 03:11:24.619,0.77632,0.77656,1.40,2.50
2010.11.19 03:11:33.943,0.77632,0.77656,1.40,2.50
2010.11.19 03:11:40.822,0.77637,0.77658,1.50,4.40
2010.11.19 03:11:49.514,0.77637,0.77658,1.70,3.00
2010.11.19 03:12:24.964,0.7764,0.77658,1.50,2.70
2010.11.19 03:12:28.234,0.77637,0.77658,1.70,2.30
2010.11.19 03:13:05.646,0.77621,0.77638,1.50,1.90
2010.11.19 03:13:25.864,0.77565,0.77673,1.50,1.50
2010.11.19 03:13:29.333,0.77609,0.77625,2.40,3.00
2010.11.19 03:13:35.426,0.77621,0.77639,1.50,3.00
2010.11.19 03:13:37.444,0.77632,0.77648,1.20,1.40
2010.11.19 03:13:39.720,0.77631,0.77649,1.50,1.50
2010.11.19 03:13:39.976,0.77628,0.77643,1.50,1.50
2010.11.19 03:13:41.004,0.77622,0.77638,1.50,1.90
2010.11.19 03:13:51.777,0.77618,0.77636,1.50,1.50
2010.11.19 03:13:54.226,0.77612,0.77633,1.50,3.00
2010.11.19 03:13:58.514,0.77569,0.77675,1.50,3.00
2010.11.19 03:14:03.657,0.77633,0.77651,2.40,3.00
2010.11.19 03:14:09.774,0.77631,0.77657,1.50,1.90
2010.11.19 03:14:10.721,0.77633,0.7765,1.50,1.50
2010.11.19 03:14:23.580,0.77616,0.77649,1.20,1.40
2010.11.19 03:14:28.429,0.7762,0.77636,1.50,3.00
2010.11.19 03:14:31.113,0.7762,0.77641,2.40,3.00
2010.11.19 03:14:36.823,0.77628,0.77643,1.50,1.50
2010.11.19 03:14:42.089,0.77629,0.77645,1.50,1.90
2010.11.19 03:15:44.189,0.77643,0.77667,1.20,2.70
2010.11.19 03:16:13.119,0.7764,0.77668,1.50,3.80
2010.11.19 03:16:52.351,0.77637,0.7766,1.50,1.50
2010.11.19 03:16:56.094,0.77635,0.77657,1.50,3.20
2010.11.19 03:16:59.351,0.77639,0.77663,1.50,2.30
2010.11.19 03:17:12.189,0.77638,0.77665,1.50,5.50
2010.11.19 03:17:13.640,0.77621,0.77647,2.60,2.90
2010.11.19 03:17:15.074,0.77625,0.77651,1.70,3.80
2010.11.19 03:17:15.621,0.77633,0.77651,1.50,1.50
2010.11.19 03:17:18.045,0.77619,0.77642,2.40,2.70
2010.11.19 03:17:21.121,0.77615,0.77637,1.70,3.20
2010.11.19 03:17:23.733,0.77619,0.77641,1.70,2.50
2010.11.19 03:18:04.285,0.77615,0.7764,1.70,3.20
2010.11.19 03:18:04.794,0.77624,0.77643,1.50,1.50
2010.11.19 03:18:13.079,0.77624,0.77639,1.50,2.90
2010.11.19 03:18:16.739,0.77617,0.77639,1.50,3.60
2010.11.19 03:18:17.183,0.77618,0.77635,1.50,1.70
2010.11.19 03:18:17.954,0.77622,0.7764,1.50,2.90
2010.11.19 03:18:20.344,0.77625,0.77642,1.50,1.50
2010.11.19 03:18:30.062,0.77625,0.77645,1.50,2.50
2010.11.19 03:18:32.593,0.77622,0.77645,1.50,3.20
2010.11.19 03:18:35.915,0.77617,0.77622,1.70,1.50
2010.11.19 03:18:36.254,0.77605,0.77626,1.50,1.50
2010.11.19 03:18:36.813,0.77613,0.77637,1.70,2.50
2010.11.19 03:18:38.832,0.77619,0.77638,1.70,1.50
2010.11.19 03:19:51.081,0.7762,0.7764,1.70,3.00
2010.11.19 03:19:53.503,0.77615,0.7763,1.50,2.10
2010.11.19 03:19:58.961,0.77611,0.7763,1.50,3.40
2010.11.19 03:20:03.602,0.77613,0.7763,1.50,3.40
2010.11.19 03:20:27.755,0.77614,0.77633,2.50,1.40
2010.11.19 03:20:32.805,0.77619,0.77639,1.70,3.00
2010.11.19 03:20:41.286,0.77623,0.77643,1.70,1.40
2010.11.19 03:20:51.512,0.77625,0.77645,1.70,3.00
2010.11.19 03:20:56.561,0.7763,0.77648,1.50,1.40
2010.11.19 03:20:58.764,0.7763,0.77649,1.50,3.80
2010.11.19 03:21:03.142,0.77633,0.77652,1.70,3.40
2010.11.19 03:21:03.524,0.77632,0.77648,1.50,1.40
2010.11.19 03:21:07.481,0.77632,0.77648,1.50,1.40
2010.11.19 03:21:15.981,0.77632,0.7765,1.50,1.40
2010.11.19 03:21:20.862,0.77635,0.77652,1.50,1.40
2010.11.19 03:21:27.363,0.77635,0.77648,1.50,1.40
2010.11.19 03:21:44.704,0.77637,0.77653,1.50,1.40
2010.11.19 03:21:51.828,0.77635,0.77653,1.50,1.40
2010.11.19 03:21:59.155,0.77635,0.77657,2.50,1.40
2010.11.19 03:22:02.972,0.77634,0.7765,1.50,2.10
2010.11.19 03:23:03.030,0.77633,0.77649,1.50,2.70
2010.11.19 03:23:07.006,0.77627,0.77643,1.50,1.40
2010.11.19 03:23:07.691,0.77632,0.77647,1.50,1.40
2010.11.19 03:23:11.943,0.77632,0.77648,1.50,1.40
2010.11.19 03:23:54.313,0.77632,0.77653,1.50,8.10
2010.11.19 03:23:56.832,0.77637,0.77653,1.50,1.40
2010.11.19 03:24:56.212,0.77636,0.77655,1.50,2.70
2010.11.19 03:25:01.183,0.77633,0.77651,1.50,2.30
2010.11.19 03:25:01.302,0.77633,0.77648,1.50,1.40
2010.11.19 03:25:20.570,0.77633,0.77653,1.50,1.40
2010.11.19 03:25:28.532,0.77636,0.77653,1.50,1.40
2010.11.19 03:25:45.942,0.77632,0.77653,1.70,1.40
2010.11.19 03:25:48.400,0.77631,0.77652,1.70,1.70
2010.11.19 03:25:52.563,0.77631,0.77647,1.50,1.40
2010.11.19 03:25:55.775,0.77631,0.7765,1.50,3.20
2010.11.19 03:25:59.125,0.77631,0.77649,1.50,3.60
2010.11.19 03:26:10.833,0.77632,0.77658,2.10,4.20
2010.11.19 03:26:18.231,0.77634,0.77658,1.70,3.60
2010.11.19 03:26:22.482,0.77636,0.7766,2.10,2.50
2010.11.19 03:26:24.933,0.77642,0.77663,1.70,2.10
2010.11.19 03:26:27.358,0.77637,0.77659,1.50,4.40
2010.11.19 03:26:31.692,0.77639,0.77659,1.50,4.40
2010.11.19 03:26:33.073,0.77641,0.77655,1.50,1.70
2010.11.19 03:26:38.829,0.77638,0.77658,1.50,2.10
2010.11.19 03:26:44.652,0.7764,0.77658,1.50,1.40
2010.11.19 03:27:17.554,0.77638,0.77661,1.70,3.20
2010.11.19 03:27:19.677,0.77642,0.77663,1.50,2.10
2010.11.19 03:28:21.130,0.77638,0.7766,1.50,3.40
2010.11.19 03:28:34.352,0.77638,0.77657,1.50,1.20
2010.11.19 03:28:42.052,0.77636,0.77658,1.50,1.40
2010.11.19 03:29:07.271,0.77638,0.77658,1.50,1.40
2010.11.19 03:29:23.102,0.77637,0.77658,1.50,1.40
2010.11.19 03:29:35.733,0.77637,0.77658,1.50,1.20
2010.11.19 03:29:37.956,0.77634,0.77647,1.50,1.40
2010.11.19 03:29:57.203,0.7763,0.77649,2.50,2.50
2010.11.19 03:30:20.187,0.77639,0.77658,1.50,1.40
2010.11.19 03:30:32.438,0.77639,0.77649,2.30,3.60
2010.11.19 03:30:32.863,0.77642,0.77654,1.70,1.50
2010.11.19 03:30:32.986,0.77633,0.77655,1.70,4.70
2010.11.19 03:30:34.741,0.77633,0.77644,1.20,2.30
2010.11.19 03:30:40.383,0.77635,0.77657,1.50,1.40
2010.11.19 03:30:44.321,0.77633,0.77657,1.40,3.60
2010.11.19 03:30:50.735,0.77624,0.77643,1.50,1.40
2010.11.19 03:31:52.097,0.77622,0.77644,1.50,3.40
2010.11.19 03:32:47.801,0.77623,0.77644,1.50,3.40
2010.11.19 03:33:27.771,0.77621,0.77641,1.50,1.20
2010.11.19 03:34:10.842,0.77619,0.77641,3.00,1.20
2010.11.19 03:35:00.264,0.77614,0.77626,2.70,4.20
2010.11.19 03:35:01.916,0.77614,0.77622,1.20,4.40
2010.11.19 03:35:04.155,0.77613,0.77625,1.50,2.30
2010.11.19 03:35:04.276,0.77616,0.77627,1.50,1.50
2010.11.19 03:35:04.305,0.77616,0.77629,2.40,1.50
2010.11.19 03:35:04.657,0.77618,0.77629,3.10,1.50
2010.11.19 03:35:08.550,0.77621,0.7763,1.60,1.90
2010.11.19 03:35:11.932,0.77621,0.77633,1.50,2.30
2010.11.19 03:35:14.368,0.77621,0.77633,1.90,4.20
2010.11.19 03:35:16.428,0.77618,0.7763,2.40,1.50
2010.11.19 03:35:19.358,0.77616,0.77624,1.20,4.40
2010.11.19 03:35:19.487,0.77608,0.77621,1.90,9.80
2010.11.19 03:35:20.066,0.77604,0.77613,2.50,4.90
2010.11.19 03:35:21.011,0.77601,0.77611,2.00,1.50
2010.11.19 03:35:21.549,0.77599,0.77619,2.00,1.50
2010.11.19 03:35:21.778,0.77607,0.77617,2.00,1.50
2010.11.19 03:35:21.897,0.77603,0.77622,2.70,4.20
2010.11.19 03:35:22.245,0.77605,0.77623,2.40,1.50
2010.11.19 03:35:28.303,0.77607,0.77623,2.70,2.70
2010.11.19 03:35:38.316,0.77611,0.77623,1.20,1.50
2010.11.19 03:35:38.877,0.7761,0.77627,1.10,1.90
2010.11.19 03:35:39.291,0.77612,0.77625,2.70,1.50
2010.11.19 03:35:39.630,0.77611,0.77628,1.90,9.80
2010.11.19 03:35:43.122,0.77606,0.77633,1.20,2.30
2010.11.19 03:35:45.161,0.77604,0.77633,1.20,1.50
2010.11.19 03:35:49.634,0.77606,0.77634,1.40,2.30
2010.11.19 03:36:08.108,0.77619,0.77637,3.00,1.50
2010.11.19 03:36:14.093,0.77614,0.77636,2.30,1.70
2010.11.19 03:36:26.253,0.77612,0.77631,1.70,1.40
2010.11.19 03:36:33.972,0.7761,0.7763,1.50,2.50
2010.11.19 03:36:38.223,0.77608,0.77628,1.70,1.70
2010.11.19 03:36:42.592,0.7761,0.77629,1.70,1.70
2010.11.19 03:36:46.108,0.77608,0.77628,1.50,1.70
2010.11.19 03:36:48.313,0.77608,0.77628,1.50,1.70
2010.11.19 03:36:52.283,0.77607,0.77628,1.80,1.70
2010.11.19 03:36:56.254,0.77607,0.77628,1.80,1.70
2010.11.19 03:36:56.916,0.77597,0.7762,2.30,5.50
2010.11.19 03:37:00.426,0.77597,0.7761,2.30,1.70
2010.11.19 03:37:00.654,0.77589,0.77608,1.60,2.10
2010.11.19 03:37:04.073,0.77589,0.77609,1.50,3.20
2010.11.19 03:37:10.472,0.7759,0.77609,1.50,4.50
2010.11.19 03:37:10.804,0.77595,0.77616,1.50,1.90
2010.11.19 03:37:12.974,0.77592,0.77616,2.50,2.10
2010.11.19 03:37:16.426,0.77598,0.77616,1.70,1.20
2010.11.19 03:37:21.173,0.77592,0.77617,1.70,2.10
2010.11.19 03:37:30.523,0.77592,0.77616,1.70,1.40
2010.11.19 03:37:32.974,0.77596,0.77616,1.50,2.10
2010.11.19 03:37:35.212,0.776,0.7762,1.70,1.70
2010.11.19 03:38:00.607,0.77598,0.77618,1.50,1.70
2010.11.19 03:38:00.825,0.77598,0.7762,1.70,4.70
2010.11.19 03:38:36.990,0.77596,0.77618,1.70,1.70
2010.11.19 03:38:37.215,0.77597,0.77621,1.70,2.50
2010.11.19 03:39:39.054,0.77601,0.77621,1.50,1.50
2010.11.19 03:40:28.261,0.776,0.77621,1.50,1.90
2010.11.19 03:40:50.537,0.77597,0.7762,1.50,1.20
2010.11.19 03:41:54.524,0.77597,0.7761,1.50,1.70
2010.11.19 03:41:54.743,0.77589,0.77607,4.00,3.20
2010.11.19 03:42:09.251,0.77593,0.77607,1.70,2.30
2010.11.19 03:42:09.372,0.77593,0.77617,1.70,4.00
2010.11.19 03:42:20.265,0.77596,0.77617,2.50,2.30
2010.11.19 03:42:26.820,0.77598,0.7762,1.70,1.40
2010.11.19 03:42:29.324,0.776,0.7762,1.70,1.40
2010.11.19 03:42:34.402,0.776,0.7762,1.70,2.10
2010.11.19 03:43:14.414,0.77598,0.77614,1.50,1.40
2010.11.19 03:43:25.235,0.77598,0.77613,1.70,1.10
2010.11.19 03:44:16.393,0.77597,0.77617,1.50,2.70
2010.11.19 03:44:27.935,0.77597,0.7761,1.50,1.20
2010.11.19 03:44:28.155,0.77586,0.77604,1.70,1.40
2010.11.19 03:45:03.923,0.77581,0.77601,2.40,1.70
2010.11.19 03:46:05.448,0.77578,0.77603,1.50,1.20
2010.11.19 03:46:22.706,0.77582,0.77604,1.20,3.00
2010.11.19 03:46:47.178,0.77582,0.77602,1.70,1.40
2010.11.19 03:46:49.283,0.77582,0.77602,1.70,1.40
2010.11.19 03:47:00.075,0.77573,0.77597,2.90,1.40
2010.11.19 03:47:10.511,0.77575,0.77598,2.30,2.90
2010.11.19 03:47:21.775,0.77577,0.776,1.40,3.20
2010.11.19 03:47:27.399,0.77577,0.77598,1.40,2.50
2010.11.19 03:47:37.620,0.77573,0.77597,2.10,1.40
2010.11.19 03:48:14.488,0.77573,0.77593,1.50,1.70
2010.11.19 03:48:15.418,0.77567,0.77587,2.50,2.10
2010.11.19 03:48:17.605,0.77563,0.77587,3.20,1.40
2010.11.19 03:48:19.757,0.77564,0.77587,1.70,1.40
2010.11.19 03:48:22.323,0.77564,0.77587,2.50,1.40
2010.11.19 03:48:24.746,0.77557,0.77575,1.70,1.40
2010.11.19 03:48:26.474,0.7756,0.77577,1.50,1.20
2010.11.19 03:48:30.505,0.7756,0.77586,3.80,2.50
2010.11.19 03:48:35.410,0.77559,0.77585,3.00,3.20
2010.11.19 03:48:44.832,0.77564,0.77588,1.70,2.90
2010.11.19 03:48:52.135,0.77564,0.77583,1.50,1.40
2010.11.19 03:49:00.534,0.77564,0.77588,1.70,1.20
2010.11.19 03:49:10.433,0.77566,0.77588,1.70,1.40
2010.11.19 03:49:31.001,0.77566,0.77588,1.50,2.10
2010.11.19 03:49:35.812,0.77567,0.77589,1.40,3.00
2010.11.19 03:49:38.226,0.7757,0.77591,1.70,1.70
2010.11.19 03:49:48.906,0.7757,0.77592,1.70,1.70
2010.11.19 03:50:23.956,0.77573,0.77594,1.40,3.00
2010.11.19 03:50:25.715,0.77572,0.77595,1.50,1.70
2010.11.19 03:50:42.345,0.77572,0.77595,1.50,1.70
2010.11.19 03:51:07.804,0.77575,0.77596,1.50,1.70
2010.11.19 03:51:10.766,0.77575,0.77597,1.50,3.00
2010.11.19 03:51:17.455,0.77583,0.77602,1.50,1.40
2010.11.19 03:51:22.950,0.77584,0.77605,1.70,2.00
2010.11.19 03:52:02.748,0.7759,0.7761,1.50,2.10
2010.11.19 03:52:06.059,0.7759,0.77611,1.50,2.50
2010.11.19 03:52:15.666,0.7759,0.7761,1.50,1.20
2010.11.19 03:52:24.666,0.77585,0.77607,1.50,1.40
2010.11.19 03:52:30.288,0.77589,0.7761,1.50,2.90
2010.11.19 03:52:32.468,0.7759,0.77611,2.50,1.70
2010.11.19 03:52:42.407,0.77592,0.77612,1.70,1.70
2010.11.19 03:52:44.215,0.77606,0.77622,1.50,1.50
2010.11.19 03:52:51.904,0.77608,0.77629,1.50,1.40
2010.11.19 03:52:53.432,0.77615,0.77632,1.50,1.40
2010.11.19 03:52:53.780,0.7762,0.77641,1.70,1.70
2010.11.19 03:52:54.227,0.77625,0.77646,1.70,4.20
2010.11.19 03:53:02.997,0.77623,0.77643,2.30,3.60
2010.11.19 03:53:05.706,0.7762,0.77639,1.70,1.70
2010.11.19 03:54:05.745,0.7762,0.77642,1.50,1.20
2010.11.19 03:54:18.027,0.77622,0.77643,1.50,1.20
2010.11.19 03:54:36.246,0.77619,0.77642,1.50,1.20
2010.11.19 03:55:38.098,0.77618,0.77642,1.20,1.20
2010.11.19 03:55:55.767,0.77618,0.77643,1.20,2.70
2010.11.19 03:56:00.475,0.77617,0.77642,4.20,2.30
2010.11.19 03:56:05.293,0.77619,0.77644,1.50,2.70
2010.11.19 03:56:08.388,0.77619,0.77633,1.50,1.50
2010.11.19 03:56:09.155,0.77613,0.77629,1.50,1.40
2010.11.19 03:56:09.274,0.77605,0.77625,1.50,2.50
2010.11.19 03:56:18.107,0.77599,0.77625,3.00,3.20
2010.11.19 03:56:20.557,0.77599,0.77625,2.30,3.20
2010.11.19 03:56:49.407,0.77599,0.77625,1.50,1.70
2010.11.19 03:56:55.426,0.77599,0.77621,1.50,1.50
2010.11.19 03:57:00.217,0.77593,0.77615,1.20,1.70
2010.11.19 03:57:04.957,0.77592,0.77613,4.00,1.20
2010.11.19 03:57:08.148,0.77592,0.77603,2.30,1.20
2010.11.19 03:57:17.914,0.77592,0.77602,2.30,1.40
2010.11.19 03:57:18.287,0.77582,0.77602,1.70,1.40
2010.11.19 03:57:40.019,0.7758,0.77599,1.70,1.70
2010.11.19 03:58:05.698,0.7758,0.77599,1.50,1.40
2010.11.19 03:58:09.708,0.77571,0.77576,5.40,1.50
2010.11.19 03:58:10.366,0.77551,0.77571,2.50,1.70
2010.11.19 03:58:12.749,0.77552,0.77572,1.70,1.70
2010.11.19 03:58:31.556,0.77551,0.7757,1.50,1.70
2010.11.19 03:58:37.677,0.77545,0.77565,1.50,3.20
2010.11.19 03:58:42.059,0.77538,0.77562,1.70,2.50
2010.11.19 03:58:44.079,0.77538,0.7756,1.60,1.70
2010.11.19 03:58:44.615,0.77534,0.77557,1.30,2.30
2010.11.19 03:58:44.730,0.77531,0.77557,1.70,2.50
2010.11.19 03:58:59.532,0.77529,0.77553,1.70,3.20
2010.11.19 03:59:06.709,0.7753,0.77553,1.70,2.50
2010.11.19 03:59:11.132,0.7753,0.77553,1.60,1.70
2010.11.19 03:59:25.348,0.77513,0.77528,3.20,1.40
2010.11.19 03:59:25.569,0.77508,0.77526,3.90,1.70
2010.11.19 03:59:26.775,0.77502,0.77521,1.10,1.70
2010.11.19 03:59:28.807,0.77503,0.77522,1.40,1.70
2010.11.19 03:59:31.905,0.77502,0.77523,1.10,2.90
2010.11.19 03:59:32.057,0.77507,0.77523,3.00,1.50
2010.11.19 03:59:32.385,0.77515,0.77535,1.50,1.50
2010.11.19 03:59:44.235,0.77515,0.77538,1.20,2.30
2010.11.19 03:59:46.394,0.77534,0.7756,1.50,1.50
2010.11.19 03:59:52.427,0.77533,0.7755,1.50,2.30
2010.11.19 03:59:54.776,0.77526,0.77547,1.70,1.40
2010.11.19 03:59:56.805,0.77523,0.77546,1.40,2.50
