2012.07.12 05:00:01.489,0.79308,0.79324,1.50,3.00
2012.07.12 05:00:03.248,0.79307,0.79323,1.50,2.25
2012.07.12 05:00:04.913,0.79307,0.79324,1.50,1.50
2012.07.12 05:00:05.659,0.7931,0.79325,1.50,3.38
2012.07.12 05:00:07.011,0.79311,0.79325,1.50,3.00
2012.07.12 05:00:07.154,0.79313,0.79329,1.50,2.25
2012.07.12 05:00:07.299,0.79313,0.79329,1.50,3.00
2012.07.12 05:00:07.531,0.79314,0.7933,1.50,3.00
2012.07.12 05:00:08.693,0.79312,0.79328,1.50,2.25
2012.07.12 05:00:08.841,0.79314,0.7933,1.50,3.00
2012.07.12 05:00:09.498,0.79316,0.7933,1.50,1.50
2012.07.12 05:00:09.793,0.79321,0.79337,1.50,1.20
2012.07.12 05:00:10.349,0.79319,0.79336,1.13,2.33
2012.07.12 05:00:11.630,0.79322,0.79337,1.50,3.08
2012.07.12 05:00:11.931,0.7932,0.79337,2.25,3.08
2012.07.12 05:00:16.992,0.79321,0.79337,1.50,3.00
2012.07.12 05:00:17.981,0.7932,0.79337,3.38,3.00
2012.07.12 05:00:22.119,0.7932,0.79337,1.88,3.00
2012.07.12 05:00:22.464,0.79318,0.79333,2.63,2.25
2012.07.12 05:00:22.823,0.79315,0.79325,1.50,2.25
2012.07.12 05:00:22.971,0.7931,0.79325,1.50,2.25
2012.07.12 05:00:23.991,0.7931,0.79328,2.25,2.25
2012.07.12 05:00:35.733,0.79307,0.79325,2.25,4.50
2012.07.12 05:00:35.880,0.79307,0.79323,2.25,2.25
2012.07.12 05:00:35.949,0.79307,0.79323,2.25,2.25
2012.07.12 05:00:36.020,0.79307,0.79323,2.25,2.63
2012.07.12 05:00:42.209,0.79308,0.79323,1.50,1.13
2012.07.12 05:00:43.024,0.79307,0.79323,1.50,2.63
2012.07.12 05:00:47.729,0.79306,0.79323,1.50,1.13
2012.07.12 05:00:48.417,0.79307,0.79323,1.50,1.13
2012.07.12 05:00:48.719,0.79308,0.79323,1.50,1.13
2012.07.12 05:00:49.265,0.7931,0.79325,1.50,3.00
2012.07.12 05:00:49.670,0.79308,0.79325,1.50,3.00
2012.07.12 05:00:50.889,0.7931,0.79325,1.50,3.00
2012.07.12 05:00:51.439,0.7931,0.79325,1.50,3.00
2012.07.12 05:01:00.599,0.79311,0.79325,1.50,2.25
2012.07.12 05:01:01.168,0.7931,0.79325,1.50,2.25
2012.07.12 05:01:02.872,0.79311,0.79325,1.50,2.25
2012.07.12 05:01:03.654,0.7931,0.79325,1.50,2.25
2012.07.12 05:01:03.900,0.79312,0.79325,1.50,2.25
2012.07.12 05:01:03.968,0.7931,0.79325,1.50,2.25
2012.07.12 05:01:09.579,0.79311,0.79325,1.50,2.25
2012.07.12 05:01:17.520,0.79309,0.79325,1.50,3.75
2012.07.12 05:01:17.920,0.79307,0.79323,2.25,1.50
2012.07.12 05:01:18.240,0.7931,0.79325,1.50,4.50
2012.07.12 05:01:18.368,0.7931,0.79325,1.50,3.00
2012.07.12 05:01:21.257,0.79308,0.79324,3.00,1.50
2012.07.12 05:01:26.467,0.79309,0.79325,1.50,3.00
2012.07.12 05:01:27.026,0.79308,0.79325,1.50,3.00
2012.07.12 05:01:27.603,0.79309,0.79325,1.50,3.00
2012.07.12 05:01:28.077,0.79307,0.79325,2.48,4.50
2012.07.12 05:01:30.013,0.79308,0.79325,1.50,4.50
2012.07.12 05:01:30.088,0.7931,0.79325,1.50,3.00
2012.07.12 05:01:30.441,0.79308,0.79325,1.50,3.00
2012.07.12 05:01:31.099,0.7931,0.79325,1.50,3.00
2012.07.12 05:01:31.658,0.79308,0.79325,1.50,3.00
2012.07.12 05:01:35.649,0.79309,0.79325,1.50,3.00
2012.07.12 05:01:36.435,0.79308,0.79325,1.50,3.00
2012.07.12 05:01:37.018,0.79309,0.79325,1.50,3.00
2012.07.12 05:01:37.626,0.79309,0.79325,1.50,2.25
2012.07.12 05:01:38.214,0.79308,0.79325,1.50,2.25
2012.07.12 05:01:41.978,0.7931,0.79325,1.50,2.25
2012.07.12 05:01:42.239,0.79308,0.79325,1.50,2.25
2012.07.12 05:01:43.311,0.79309,0.79325,1.50,2.25
2012.07.12 05:01:43.869,0.7931,0.79325,1.50,2.25
2012.07.12 05:01:44.377,0.79309,0.79325,1.50,3.75
2012.07.12 05:01:44.927,0.79308,0.79325,2.48,2.25
2012.07.12 05:01:45.449,0.79309,0.79325,1.50,3.75
2012.07.12 05:01:45.957,0.79308,0.79325,2.25,2.25
2012.07.12 05:01:46.458,0.7931,0.79325,1.50,2.25
2012.07.12 05:01:46.767,0.79308,0.79325,2.48,2.25
2012.07.12 05:01:47.267,0.7931,0.79325,1.50,2.25
2012.07.12 05:01:47.467,0.79308,0.79325,2.25,2.25
2012.07.12 05:01:48.030,0.79309,0.79325,1.73,3.75
2012.07.12 05:01:49.018,0.7931,0.79325,1.50,2.25
2012.07.12 05:01:49.567,0.79308,0.79325,2.48,2.25
2012.07.12 05:01:50.118,0.7931,0.79325,1.50,2.25
2012.07.12 05:01:50.676,0.79309,0.79325,1.73,3.75
2012.07.12 05:01:51.197,0.7931,0.79325,1.50,2.25
2012.07.12 05:01:51.757,0.79309,0.79325,1.73,3.75
2012.07.12 05:01:53.617,0.79308,0.79325,2.63,2.25
2012.07.12 05:01:53.987,0.7931,0.79325,1.50,2.25
2012.07.12 05:01:54.540,0.79311,0.79325,1.50,2.25
2012.07.12 05:01:54.789,0.79309,0.79325,1.88,3.75
2012.07.12 05:01:55.068,0.79311,0.79325,1.50,2.25
2012.07.12 05:01:55.618,0.7931,0.79325,1.50,2.25
2012.07.12 05:01:56.169,0.79309,0.79325,1.88,2.25
2012.07.12 05:01:56.799,0.7931,0.79325,1.50,2.25
2012.07.12 05:01:57.358,0.79309,0.79325,1.88,2.25
2012.07.12 05:01:57.916,0.79308,0.79325,2.63,2.25
2012.07.12 05:01:58.388,0.79311,0.79325,1.50,2.25
2012.07.12 05:01:58.638,0.79308,0.79325,2.63,2.25
2012.07.12 05:01:59.068,0.7931,0.79325,1.50,2.25
2012.07.12 05:01:59.617,0.79309,0.79325,1.13,2.25
2012.07.12 05:02:00.130,0.7931,0.79325,1.50,2.25
2012.07.12 05:02:00.798,0.79308,0.79325,4.13,2.25
2012.07.12 05:02:01.107,0.79311,0.79325,1.50,2.25
2012.07.12 05:02:01.238,0.79309,0.79325,1.88,3.75
2012.07.12 05:02:01.759,0.79306,0.79324,2.63,2.25
2012.07.12 05:02:02.307,0.7931,0.79325,1.50,2.25
2012.07.12 05:02:02.930,0.79311,0.79325,1.50,2.25
2012.07.12 05:02:03.005,0.79308,0.79325,2.25,2.25
2012.07.12 05:02:03.506,0.79309,0.79325,1.50,2.25
2012.07.12 05:02:04.067,0.7931,0.79325,1.50,2.25
2012.07.12 05:02:04.567,0.79312,0.79325,1.50,2.25
2012.07.12 05:02:04.638,0.7931,0.79325,1.50,3.75
2012.07.12 05:02:05.186,0.79311,0.79325,1.50,2.25
2012.07.12 05:02:05.567,0.79309,0.79325,1.50,3.75
2012.07.12 05:02:06.116,0.7931,0.79325,1.50,2.25
2012.07.12 05:02:06.309,0.79308,0.79325,2.25,2.25
2012.07.12 05:02:06.437,0.7931,0.79325,1.50,2.25
2012.07.12 05:02:07.310,0.79312,0.79325,1.50,2.25
2012.07.12 05:02:07.496,0.79309,0.79325,1.50,3.75
2012.07.12 05:02:07.627,0.79311,0.79325,1.50,2.25
2012.07.12 05:02:08.477,0.79309,0.79325,1.50,3.75
2012.07.12 05:02:08.546,0.79311,0.79325,1.50,2.25
2012.07.12 05:02:09.126,0.79312,0.79325,1.50,2.25
2012.07.12 05:02:09.257,0.7931,0.79325,1.50,2.25
2012.07.12 05:02:09.817,0.79311,0.79325,1.50,2.25
2012.07.12 05:02:10.207,0.79308,0.79325,2.25,2.25
2012.07.12 05:02:10.577,0.7931,0.79325,1.50,2.25
2012.07.12 05:02:11.139,0.79311,0.79325,1.50,2.25
2012.07.12 05:02:11.687,0.7931,0.79325,3.00,2.25
2012.07.12 05:02:12.777,0.79311,0.79325,1.50,2.25
2012.07.12 05:02:13.236,0.79309,0.79325,1.50,3.75
2012.07.12 05:02:13.308,0.79311,0.79325,1.50,2.25
2012.07.12 05:02:13.737,0.79308,0.79325,2.25,2.25
2012.07.12 05:02:14.107,0.7931,0.79325,1.50,2.25
2012.07.12 05:02:14.666,0.79311,0.79325,1.50,2.25
2012.07.12 05:02:15.227,0.79312,0.79325,1.50,2.25
2012.07.12 05:02:15.356,0.7931,0.79325,1.50,2.25
2012.07.12 05:02:15.486,0.79312,0.79325,1.50,2.25
2012.07.12 05:02:15.557,0.7931,0.79325,1.50,2.25
2012.07.12 05:02:16.318,0.79311,0.79325,1.50,2.25
2012.07.12 05:02:17.147,0.7931,0.79325,1.50,2.25
2012.07.12 05:02:17.217,0.79308,0.79325,2.25,2.25
2012.07.12 05:02:17.289,0.7931,0.79325,1.50,2.25
2012.07.12 05:02:17.835,0.79311,0.79325,1.50,2.25
2012.07.12 05:02:18.101,0.79309,0.79325,1.50,2.25
2012.07.12 05:02:18.359,0.79311,0.79325,1.50,2.25
2012.07.12 05:02:18.847,0.79308,0.79325,2.63,2.25
2012.07.12 05:02:19.348,0.79309,0.79325,1.50,3.75
2012.07.12 05:02:19.906,0.7931,0.79325,1.50,2.25
2012.07.12 05:02:20.649,0.79309,0.79325,1.50,3.75
2012.07.12 05:02:21.319,0.79311,0.79325,1.50,2.25
2012.07.12 05:02:21.868,0.79308,0.79325,2.63,2.25
2012.07.12 05:02:22.916,0.79309,0.79325,1.50,2.25
2012.07.12 05:02:27.518,0.79308,0.79325,2.63,2.25
2012.07.12 05:02:27.591,0.79309,0.79325,1.50,3.00
2012.07.12 05:02:27.839,0.79306,0.79324,1.50,3.00
2012.07.12 05:02:28.337,0.79309,0.79324,1.50,1.50
2012.07.12 05:02:28.887,0.79309,0.79324,1.50,1.50
2012.07.12 05:02:29.199,0.79309,0.79324,1.50,1.50
2012.07.12 05:02:29.518,0.79312,0.79325,1.50,3.00
2012.07.12 05:02:29.658,0.7931,0.79325,1.50,3.00
2012.07.12 05:02:32.322,0.7931,0.79325,1.50,3.00
2012.07.12 05:02:39.268,0.79309,0.79325,1.50,4.50
2012.07.12 05:02:42.122,0.79309,0.79325,1.50,4.50
2012.07.12 05:02:45.262,0.7931,0.79325,1.50,3.00
2012.07.12 05:02:48.428,0.79308,0.79325,3.00,3.00
2012.07.12 05:02:48.619,0.7931,0.79325,1.50,3.00
2012.07.12 05:02:49.342,0.79309,0.79325,1.50,4.50
2012.07.12 05:02:49.943,0.7931,0.79325,1.50,3.00
2012.07.12 05:02:52.213,0.7931,0.79325,1.50,3.00
2012.07.12 05:02:59.268,0.79308,0.79325,3.00,3.00
2012.07.12 05:02:59.822,0.79309,0.79325,1.50,4.50
2012.07.12 05:03:02.129,0.79309,0.79325,1.50,3.00
2012.07.12 05:03:12.829,0.79309,0.79325,2.25,3.00
2012.07.12 05:03:13.384,0.79312,0.79325,1.50,3.00
2012.07.12 05:03:13.943,0.79311,0.79325,2.25,3.00
2012.07.12 05:03:22.139,0.7931,0.79325,2.25,3.00
2012.07.12 05:03:25.677,0.79312,0.79325,1.50,3.00
2012.07.12 05:03:26.199,0.79311,0.79325,1.50,3.00
2012.07.12 05:03:26.743,0.79312,0.79325,1.50,3.00
2012.07.12 05:03:28.428,0.79311,0.79325,2.25,3.00
2012.07.12 05:03:32.147,0.79311,0.79325,2.25,3.00
2012.07.12 05:03:49.138,0.79308,0.79325,2.63,3.00
2012.07.12 05:03:49.647,0.79311,0.79325,1.50,3.00
2012.07.12 05:04:02.920,0.79306,0.79324,3.00,3.00
2012.07.12 05:04:03.533,0.79308,0.79324,1.50,3.00
2012.07.12 05:04:06.707,0.7931,0.79324,1.50,1.50
2012.07.12 05:04:08.737,0.79308,0.79325,3.00,3.00
2012.07.12 05:04:08.807,0.7931,0.79325,1.50,3.00
2012.07.12 05:04:12.096,0.7931,0.79325,1.50,3.00
2012.07.12 05:04:13.647,0.79309,0.79325,1.50,4.50
2012.07.12 05:04:20.877,0.79312,0.79325,1.50,3.00
2012.07.12 05:04:21.151,0.79311,0.79327,3.00,3.75
2012.07.12 05:04:21.220,0.79311,0.79327,2.25,4.50
2012.07.12 05:04:21.728,0.79312,0.79327,1.50,3.00
2012.07.12 05:04:21.803,0.79312,0.79327,1.50,2.25
2012.07.12 05:04:22.218,0.79314,0.79327,1.50,2.25
2012.07.12 05:04:32.212,0.79314,0.79327,1.50,3.00
2012.07.12 05:04:41.400,0.79311,0.79327,2.25,3.00
2012.07.12 05:04:42.179,0.79311,0.79327,2.25,2.25
2012.07.12 05:04:50.379,0.79313,0.79327,1.50,2.25
2012.07.12 05:04:51.136,0.79312,0.79327,2.25,2.25
2012.07.12 05:04:52.453,0.79311,0.79327,2.25,4.50
2012.07.12 05:04:52.743,0.7931,0.79324,1.50,1.50
2012.07.12 05:04:52.824,0.79308,0.79324,1.50,1.50
2012.07.12 05:04:52.901,0.79308,0.79324,1.50,2.25
2012.07.12 05:04:53.112,0.79305,0.79322,2.63,2.25
2012.07.12 05:04:53.838,0.79308,0.79325,1.50,1.50
2012.07.12 05:04:56.127,0.79307,0.79323,1.50,2.25
2012.07.12 05:04:56.202,0.79305,0.79323,2.63,3.00
2012.07.12 05:04:56.761,0.79305,0.79321,2.25,1.50
2012.07.12 05:04:57.433,0.79305,0.79323,2.25,3.38
2012.07.12 05:04:58.770,0.79306,0.79322,1.50,2.25
2012.07.12 05:04:59.460,0.79308,0.79323,1.50,1.88
2012.07.12 05:04:59.970,0.79307,0.79323,1.50,3.38
2012.07.12 05:05:00.311,0.79309,0.79324,1.50,1.50
2012.07.12 05:05:00.840,0.79309,0.79326,1.50,3.75
2012.07.12 05:05:01.524,0.79308,0.79326,2.63,5.25
2012.07.12 05:05:02.050,0.79309,0.79325,1.50,2.25
2012.07.12 05:05:03.739,0.79307,0.79323,1.50,2.25
2012.07.12 05:05:04.297,0.79308,0.79324,1.50,3.00
2012.07.12 05:05:10.328,0.79309,0.79326,1.50,3.75
2012.07.12 05:05:11.160,0.7931,0.79326,1.50,5.25
2012.07.12 05:05:12.428,0.79308,0.79326,2.25,5.25
2012.07.12 05:05:12.534,0.7931,0.79326,1.50,5.25
2012.07.12 05:05:13.078,0.79309,0.79325,1.50,2.25
2012.07.12 05:05:16.418,0.7931,0.79326,1.50,5.25
2012.07.12 05:05:17.002,0.79309,0.79326,1.50,3.75
2012.07.12 05:05:17.721,0.7931,0.79326,1.50,5.25
2012.07.12 05:05:26.169,0.79309,0.79325,1.50,2.25
2012.07.12 05:05:26.617,0.79308,0.79326,1.50,6.75
2012.07.12 05:05:26.759,0.79308,0.79323,1.50,1.13
2012.07.12 05:05:27.039,0.79305,0.79321,2.25,1.50
2012.07.12 05:05:27.723,0.79306,0.79322,1.50,2.25
2012.07.12 05:05:30.479,0.79308,0.79323,1.50,1.13
2012.07.12 05:05:31.018,0.79307,0.79323,1.50,1.13
2012.07.12 05:05:31.538,0.79306,0.79323,1.50,1.13
2012.07.12 05:05:33.447,0.79307,0.79323,1.50,1.13
2012.07.12 05:05:33.987,0.79306,0.79323,1.50,1.13
2012.07.12 05:05:34.854,0.79308,0.79323,1.50,1.13
2012.07.12 05:05:42.987,0.79307,0.79323,1.50,2.25
2012.07.12 05:05:43.591,0.79308,0.79324,1.50,3.38
2012.07.12 05:05:47.011,0.79306,0.79322,1.50,1.50
2012.07.12 05:05:47.082,0.79306,0.79318,1.50,2.25
2012.07.12 05:05:47.637,0.79305,0.79318,2.25,2.25
2012.07.12 05:06:01.000,0.79304,0.79318,2.25,2.25
2012.07.12 05:06:01.609,0.79306,0.79318,1.50,2.25
2012.07.12 05:06:10.188,0.79305,0.79318,1.50,2.25
2012.07.12 05:06:27.402,0.79304,0.79318,2.25,2.25
2012.07.12 05:06:28.279,0.79306,0.79318,1.50,2.25
2012.07.12 05:06:28.590,0.79304,0.79318,2.25,2.25
2012.07.12 05:06:28.660,0.79306,0.79318,1.50,2.25
2012.07.12 05:06:31.690,0.79305,0.79318,1.50,2.25
2012.07.12 05:06:34.382,0.79304,0.79318,2.25,2.25
2012.07.12 05:06:35.533,0.79305,0.79318,1.50,2.25
2012.07.12 05:06:37.101,0.79304,0.79318,1.50,2.25
2012.07.12 05:06:37.619,0.79303,0.79318,3.00,2.25
2012.07.12 05:06:38.216,0.79304,0.79318,1.50,2.25
2012.07.12 05:06:38.875,0.79303,0.79318,1.50,2.25
2012.07.12 05:06:43.241,0.79304,0.79318,1.50,3.75
2012.07.12 05:06:43.888,0.79303,0.79318,1.50,3.75
2012.07.12 05:06:44.220,0.79306,0.79318,1.50,3.75
2012.07.12 05:06:45.270,0.79304,0.79318,1.50,2.25
2012.07.12 05:06:45.870,0.79306,0.79318,1.50,2.63
2012.07.12 05:06:45.941,0.79303,0.79318,1.50,2.63
2012.07.12 05:06:46.452,0.79304,0.79318,1.50,2.63
2012.07.12 05:06:47.019,0.79303,0.79318,1.50,2.63
2012.07.12 05:06:47.949,0.79304,0.79318,1.50,2.63
2012.07.12 05:06:48.469,0.79306,0.79318,1.50,2.63
2012.07.12 05:06:48.562,0.79304,0.79318,1.50,2.63
2012.07.12 05:06:48.889,0.79306,0.79318,1.50,2.63
2012.07.12 05:06:49.689,0.79305,0.79318,1.50,2.63
2012.07.12 05:06:50.292,0.79304,0.79318,1.50,2.63
2012.07.12 05:06:51.867,0.79305,0.79318,1.50,2.63
2012.07.12 05:06:52.590,0.79306,0.79318,1.50,2.63
2012.07.12 05:06:52.805,0.79309,0.79323,1.50,3.00
2012.07.12 05:06:53.092,0.79307,0.79323,1.50,5.25
2012.07.12 05:06:53.161,0.79307,0.79318,1.50,2.25
2012.07.12 05:06:53.231,0.79308,0.79323,3.75,2.25
2012.07.12 05:06:53.710,0.7931,0.79325,3.00,1.50
2012.07.12 05:06:54.339,0.79311,0.79325,1.50,1.50
2012.07.12 05:06:54.920,0.79309,0.79325,1.50,3.00
2012.07.12 05:06:57.328,0.7931,0.79324,1.50,1.50
2012.07.12 05:06:57.733,0.79308,0.79324,4.88,1.50
2012.07.12 05:06:58.240,0.79309,0.79324,1.50,1.50
2012.07.12 05:06:58.310,0.79311,0.79324,1.50,1.50
2012.07.12 05:06:59.808,0.79311,0.79324,1.50,1.50
2012.07.12 05:07:00.373,0.79311,0.79326,1.50,1.50
2012.07.12 05:07:00.519,0.79308,0.79326,4.50,3.00
2012.07.12 05:07:01.059,0.79309,0.79324,1.50,1.50
2012.07.12 05:07:01.710,0.7931,0.79324,1.50,1.50
2012.07.12 05:07:02.237,0.79309,0.79324,1.50,1.50
2012.07.12 05:07:02.740,0.7931,0.79324,1.50,1.50
2012.07.12 05:07:03.173,0.79308,0.79324,6.00,1.50
2012.07.12 05:07:03.640,0.7931,0.79324,1.50,1.50
2012.07.12 05:07:03.830,0.79308,0.79324,4.50,1.50
2012.07.12 05:07:06.148,0.79309,0.79324,1.50,1.50
2012.07.12 05:07:08.358,0.7931,0.79324,1.50,2.25
2012.07.12 05:07:08.763,0.79308,0.79324,3.00,3.90
2012.07.12 05:07:08.834,0.79306,0.79322,3.00,1.50
2012.07.12 05:07:08.911,0.79306,0.7932,2.25,1.50
2012.07.12 05:07:11.342,0.79307,0.7932,1.50,1.50
2012.07.12 05:07:12.120,0.79306,0.7932,1.50,1.50
2012.07.12 05:07:12.192,0.79308,0.79322,1.50,1.50
2012.07.12 05:07:12.907,0.79307,0.79322,1.50,1.50
2012.07.12 05:07:13.900,0.79307,0.79322,1.50,1.50
2012.07.12 05:07:14.041,0.79308,0.79324,4.50,1.50
2012.07.12 05:07:14.112,0.79311,0.79324,1.50,1.50
2012.07.12 05:07:14.620,0.79311,0.79326,1.50,1.50
2012.07.12 05:07:19.669,0.79308,0.79326,6.00,3.00
2012.07.12 05:07:20.242,0.7931,0.79324,1.50,1.50
2012.07.12 05:07:21.200,0.79309,0.79324,1.50,1.50
2012.07.12 05:07:25.389,0.79308,0.79323,4.50,1.65
2012.07.12 05:07:25.740,0.79308,0.79323,3.00,2.40
2012.07.12 05:07:25.882,0.79304,0.79321,2.25,3.00
2012.07.12 05:07:27.764,0.79305,0.7932,2.25,1.50
2012.07.12 05:07:28.321,0.79304,0.79314,1.50,1.50
2012.07.12 05:07:28.604,0.79297,0.79314,4.50,2.25
2012.07.12 05:07:29.170,0.79298,0.79314,5.25,1.50
2012.07.12 05:07:29.243,0.793,0.79314,1.50,1.50
2012.07.12 05:07:29.772,0.79301,0.79316,1.50,1.88
2012.07.12 05:07:30.333,0.793,0.79316,1.50,3.38
2012.07.12 05:07:30.904,0.79301,0.79315,1.50,1.50
2012.07.12 05:07:31.577,0.793,0.79315,1.50,1.50
2012.07.12 05:07:32.118,0.79301,0.79315,1.50,1.50
2012.07.12 05:07:32.573,0.79303,0.79315,1.50,1.50
2012.07.12 05:07:32.721,0.79301,0.79315,3.00,1.50
2012.07.12 05:07:35.450,0.793,0.79315,1.50,1.50
2012.07.12 05:07:35.904,0.79298,0.79315,5.63,1.50
2012.07.12 05:07:36.231,0.793,0.79315,1.50,1.50
2012.07.12 05:07:40.099,0.79301,0.79315,1.50,1.50
2012.07.12 05:07:40.618,0.79302,0.79315,1.50,1.50
2012.07.12 05:07:41.538,0.79301,0.79315,3.00,1.50
2012.07.12 05:07:42.851,0.793,0.79316,1.50,1.58
2012.07.12 05:07:43.388,0.79299,0.79316,1.50,1.58
2012.07.12 05:07:43.919,0.793,0.79316,1.50,3.08
2012.07.12 05:07:44.061,0.79298,0.79316,5.63,3.08
2012.07.12 05:07:44.142,0.79298,0.79316,5.63,3.08
2012.07.12 05:07:44.622,0.793,0.79316,1.50,3.08
2012.07.12 05:07:46.368,0.793,0.79316,1.50,3.08
2012.07.12 05:07:46.498,0.793,0.79316,1.50,3.08
2012.07.12 05:07:49.830,0.79301,0.79316,1.50,1.58
2012.07.12 05:07:50.508,0.793,0.79316,1.50,3.08
2012.07.12 05:07:53.031,0.79301,0.79316,1.50,1.58
2012.07.12 05:07:54.113,0.79299,0.79316,1.50,1.58
2012.07.12 05:07:55.719,0.79299,0.79316,1.50,1.58
2012.07.12 05:07:56.280,0.793,0.79316,1.50,3.08
2012.07.12 05:07:56.834,0.79299,0.79315,1.88,2.25
2012.07.12 05:08:02.293,0.79298,0.79314,3.38,3.00
2012.07.12 05:08:03.110,0.79293,0.79308,2.25,1.50
2012.07.12 05:08:03.647,0.79293,0.79308,1.50,4.88
2012.07.12 05:08:03.728,0.79288,0.79306,2.25,2.63
2012.07.12 05:08:04.152,0.7929,0.79306,1.50,1.13
2012.07.12 05:08:04.501,0.7929,0.79306,2.25,1.13
2012.07.12 05:08:04.882,0.79293,0.79308,1.50,2.25
2012.07.12 05:08:05.381,0.79291,0.79308,2.63,2.25
2012.07.12 05:08:05.791,0.79292,0.79308,1.50,4.58
2012.07.12 05:08:07.630,0.79291,0.79308,2.63,3.08
2012.07.12 05:08:08.341,0.79291,0.79308,4.88,3.08
2012.07.12 05:08:08.884,0.79293,0.79308,1.50,3.08
2012.07.12 05:08:10.280,0.79292,0.79308,1.50,4.58
2012.07.12 05:08:14.140,0.79291,0.79308,2.63,3.08
2012.07.12 05:08:16.460,0.79292,0.79308,1.50,3.08
2012.07.12 05:08:18.229,0.79291,0.79308,2.63,3.08
2012.07.12 05:08:20.360,0.79292,0.79308,1.50,3.08
2012.07.12 05:08:23.253,0.79292,0.79308,1.50,4.58
2012.07.12 05:08:24.129,0.79293,0.79308,1.50,3.08
2012.07.12 05:08:31.297,0.79292,0.79308,1.50,3.08
2012.07.12 05:08:31.895,0.79292,0.79308,1.50,2.25
2012.07.12 05:08:39.430,0.79291,0.79308,4.13,2.25
2012.07.12 05:08:39.996,0.79292,0.79308,1.50,2.25
2012.07.12 05:08:41.479,0.79291,0.79308,1.88,3.00
2012.07.12 05:08:41.808,0.79293,0.79308,1.50,3.00
2012.07.12 05:08:47.621,0.79292,0.79308,1.50,4.50
2012.07.12 05:08:48.158,0.79292,0.79308,1.50,4.50
2012.07.12 05:08:48.559,0.79292,0.79308,1.50,4.50
2012.07.12 05:08:48.634,0.79289,0.79307,1.50,3.75
2012.07.12 05:08:48.961,0.7929,0.79308,1.50,3.75
2012.07.12 05:08:49.176,0.7929,0.79308,1.50,4.50
2012.07.12 05:08:51.441,0.79289,0.79307,1.50,3.08
2012.07.12 05:08:52.093,0.79291,0.79307,1.50,3.08
2012.07.12 05:08:52.563,0.79293,0.79307,1.50,1.58
2012.07.12 05:08:56.290,0.79291,0.79307,1.50,1.58
2012.07.12 05:08:59.190,0.79292,0.79307,1.50,1.58
2012.07.12 05:09:00.058,0.79291,0.79307,2.25,1.58
2012.07.12 05:09:00.632,0.79292,0.79307,1.50,1.58
2012.07.12 05:09:02.561,0.79292,0.79307,1.50,1.58
2012.07.12 05:09:03.130,0.79293,0.79307,1.50,1.58
2012.07.12 05:09:03.313,0.79291,0.79307,2.25,1.58
2012.07.12 05:09:03.701,0.79291,0.79307,1.50,1.58
2012.07.12 05:09:03.772,0.79289,0.79305,1.88,1.50
2012.07.12 05:09:03.840,0.79289,0.79305,1.50,3.75
2012.07.12 05:09:03.908,0.79289,0.79305,1.50,3.75
2012.07.12 05:09:03.986,0.79289,0.79303,1.50,2.25
2012.07.12 05:09:04.350,0.79291,0.79303,2.25,2.25
2012.07.12 05:09:09.361,0.7929,0.79303,1.50,2.25
2012.07.12 05:09:10.055,0.79289,0.79303,1.50,2.25
2012.07.12 05:09:11.937,0.79288,0.79303,3.00,2.25
2012.07.12 05:09:18.120,0.79287,0.79303,4.13,3.75
2012.07.12 05:09:18.649,0.79287,0.79303,4.13,4.50
2012.07.12 05:09:18.783,0.79289,0.79303,1.50,3.75
2012.07.12 05:09:18.861,0.79287,0.79304,3.75,1.50
2012.07.12 05:09:19.412,0.79288,0.79304,1.50,2.25
2012.07.12 05:09:21.582,0.79289,0.79304,1.50,1.50
2012.07.12 05:09:21.803,0.7929,0.79305,1.50,3.00
2012.07.12 05:09:23.170,0.79292,0.79307,1.50,1.88
2012.07.12 05:09:31.402,0.79293,0.79304,1.50,1.50
2012.07.12 05:09:31.950,0.79292,0.79305,1.50,1.50
2012.07.12 05:09:38.598,0.7929,0.79305,1.50,1.50
2012.07.12 05:09:39.129,0.79291,0.79305,1.50,1.50
2012.07.12 05:09:39.206,0.79288,0.79304,2.25,1.50
2012.07.12 05:09:49.050,0.79287,0.79303,2.25,3.00
2012.07.12 05:09:52.249,0.79287,0.79303,1.50,3.38
2012.07.12 05:09:52.642,0.79285,0.79301,2.25,3.00
2012.07.12 05:09:52.981,0.79284,0.79298,3.08,1.13
2012.07.12 05:09:53.320,0.79279,0.79296,2.63,1.50
2012.07.12 05:09:53.830,0.7928,0.79296,1.50,3.00
2012.07.12 05:09:54.539,0.79281,0.79296,1.50,1.50
2012.07.12 05:09:57.091,0.79281,0.79293,1.50,1.50
2012.07.12 05:09:57.433,0.79281,0.79287,1.50,1.50
2012.07.12 05:09:57.562,0.79279,0.79287,1.50,1.50
2012.07.12 05:09:57.630,0.79273,0.79287,3.75,1.50
2012.07.12 05:10:00.023,0.79276,0.79288,1.50,3.00
2012.07.12 05:10:00.102,0.79276,0.7929,1.50,1.13
2012.07.12 05:10:00.175,0.79278,0.79291,1.50,2.25
2012.07.12 05:10:00.390,0.79275,0.79287,1.50,2.25
2012.07.12 05:10:00.464,0.79272,0.79287,4.44,2.25
2012.07.12 05:10:00.545,0.79275,0.79289,2.25,2.25
2012.07.12 05:10:01.100,0.79275,0.79291,1.50,1.50
2012.07.12 05:10:01.419,0.79277,0.79292,1.50,3.00
2012.07.12 05:10:02.312,0.79278,0.79291,1.50,1.50
2012.07.12 05:10:02.876,0.79276,0.79291,2.25,1.50
2012.07.12 05:10:07.761,0.79276,0.79291,2.25,1.50
2012.07.12 05:10:08.225,0.79277,0.79292,2.25,3.00
2012.07.12 05:10:10.239,0.79275,0.79292,2.25,5.25
2012.07.12 05:10:10.561,0.79273,0.79288,3.00,3.00
2012.07.12 05:10:12.183,0.79274,0.79288,1.50,3.00
2012.07.12 05:10:17.051,0.79273,0.79288,1.50,3.00
2012.07.12 05:10:17.600,0.79274,0.79288,1.50,3.00
2012.07.12 05:10:18.149,0.79273,0.79288,1.50,3.00
2012.07.12 05:10:21.370,0.79272,0.79288,2.63,3.00
2012.07.12 05:10:21.971,0.79273,0.79288,1.50,3.00
2012.07.12 05:10:22.851,0.79272,0.79288,2.63,3.00
2012.07.12 05:10:25.051,0.79273,0.79288,1.50,3.00
2012.07.12 05:10:25.739,0.79272,0.79288,2.25,4.50
2012.07.12 05:10:26.820,0.79273,0.79288,1.50,3.00
2012.07.12 05:10:33.621,0.79271,0.79288,3.38,3.00
2012.07.12 05:10:34.251,0.79272,0.79288,1.88,3.00
2012.07.12 05:10:40.991,0.79274,0.79288,1.50,3.00
2012.07.12 05:10:41.124,0.79272,0.79288,1.88,3.00
2012.07.12 05:10:41.670,0.79274,0.79288,1.50,3.00
2012.07.12 05:10:45.551,0.79271,0.79288,3.38,3.00
2012.07.12 05:10:46.180,0.79273,0.79288,1.50,3.00
2012.07.12 05:10:54.720,0.79272,0.79288,3.00,3.00
2012.07.12 05:10:55.247,0.79273,0.79288,1.50,3.00
2012.07.12 05:10:57.540,0.79274,0.79288,1.50,3.00
2012.07.12 05:10:59.388,0.79272,0.79288,3.00,3.00
2012.07.12 05:10:59.531,0.79274,0.79288,1.50,3.00
2012.07.12 05:11:00.619,0.79272,0.79288,1.50,3.00
2012.07.12 05:11:01.135,0.79273,0.79288,1.50,3.00
2012.07.12 05:11:04.702,0.79272,0.79288,1.50,3.00
2012.07.12 05:11:05.329,0.79274,0.79288,1.50,3.00
2012.07.12 05:11:09.370,0.79276,0.79288,1.50,3.00
2012.07.12 05:11:09.569,0.79274,0.79288,1.50,3.00
2012.07.12 05:11:09.992,0.79275,0.79288,1.50,2.25
2012.07.12 05:11:10.133,0.79275,0.79292,1.50,3.75
2012.07.12 05:11:10.575,0.79279,0.79292,1.50,3.00
2012.07.12 05:11:13.743,0.79277,0.79292,1.88,3.00
2012.07.12 05:11:16.679,0.79279,0.79292,1.50,3.00
2012.07.12 05:11:17.038,0.79277,0.79292,1.88,3.00
2012.07.12 05:11:29.349,0.79278,0.79292,1.50,3.00
2012.07.12 05:11:30.402,0.79277,0.79292,2.63,3.00
2012.07.12 05:11:31.195,0.79278,0.79292,1.50,3.00
2012.07.12 05:11:33.392,0.79276,0.79292,3.38,4.50
2012.07.12 05:11:34.159,0.79278,0.79292,1.50,3.00
2012.07.12 05:11:35.870,0.79279,0.79292,1.50,3.00
2012.07.12 05:11:36.921,0.79278,0.79292,1.50,3.00
2012.07.12 05:11:37.449,0.79279,0.79292,1.50,3.00
2012.07.12 05:11:37.744,0.79277,0.79292,1.88,3.00
2012.07.12 05:11:38.670,0.79278,0.79292,1.50,3.00
2012.07.12 05:11:40.131,0.79278,0.79294,6.75,1.50
2012.07.12 05:11:40.692,0.79279,0.79295,1.88,3.75
2012.07.12 05:12:00.979,0.79278,0.79292,4.13,1.50
2012.07.12 05:12:04.800,0.79279,0.79294,1.50,1.50
2012.07.12 05:12:05.308,0.79278,0.79294,4.13,1.50
2012.07.12 05:12:12.418,0.79279,0.79294,1.50,1.50
2012.07.12 05:12:27.790,0.79278,0.79294,3.38,1.50
2012.07.12 05:12:28.445,0.79279,0.79294,1.50,1.50
2012.07.12 05:12:32.233,0.79279,0.79294,1.50,1.50
2012.07.12 05:12:32.640,0.79281,0.79295,1.50,1.50
2012.07.12 05:12:32.889,0.79279,0.79294,1.50,1.50
2012.07.12 05:12:34.650,0.7928,0.79295,1.50,1.50
2012.07.12 05:12:35.841,0.79281,0.79295,1.50,1.50
2012.07.12 05:12:35.909,0.79283,0.79295,1.50,1.50
2012.07.12 05:12:36.506,0.79282,0.79295,1.50,1.50
2012.07.12 05:12:38.762,0.79282,0.79296,1.50,1.50
2012.07.12 05:12:39.123,0.79286,0.79297,1.50,2.25
2012.07.12 05:12:39.474,0.79287,0.79302,1.50,2.25
2012.07.12 05:12:42.299,0.79292,0.79306,1.50,3.00
2012.07.12 05:12:42.510,0.79292,0.79306,1.50,3.00
2012.07.12 05:12:43.363,0.79289,0.79306,3.75,3.00
2012.07.12 05:12:43.954,0.7929,0.79306,1.50,4.50
2012.07.12 05:12:44.459,0.79289,0.79306,3.00,3.00
2012.07.12 05:12:45.096,0.7929,0.79306,1.50,3.00
2012.07.12 05:12:45.999,0.79291,0.79306,1.50,3.00
2012.07.12 05:12:47.678,0.7929,0.79306,1.50,4.50
2012.07.12 05:12:48.218,0.79291,0.79306,1.50,3.00
2012.07.12 05:12:57.741,0.79289,0.79306,1.50,2.25
2012.07.12 05:12:58.386,0.79288,0.79306,2.25,3.75
2012.07.12 05:12:58.602,0.79291,0.79306,1.50,2.25
2012.07.12 05:12:59.150,0.7929,0.79306,1.50,4.50
2012.07.12 05:13:01.082,0.7929,0.79306,1.50,4.50
2012.07.12 05:13:01.150,0.79288,0.79306,1.50,4.50
2012.07.12 05:13:06.158,0.79289,0.79306,1.50,3.00
2012.07.12 05:13:09.640,0.79288,0.79306,1.50,4.50
2012.07.12 05:13:10.188,0.79289,0.79305,1.50,2.25
2012.07.12 05:13:18.350,0.79289,0.79305,1.50,1.50
2012.07.12 05:13:18.670,0.79286,0.79293,1.13,2.25
2012.07.12 05:13:18.742,0.79285,0.79293,3.38,2.25
2012.07.12 05:13:18.813,0.79287,0.79305,3.00,4.50
2012.07.12 05:13:18.950,0.7929,0.79305,1.50,3.00
2012.07.12 05:13:19.505,0.79291,0.79305,1.50,3.75
2012.07.12 05:13:19.582,0.79288,0.79305,1.50,3.75
2012.07.12 05:13:20.149,0.79289,0.79305,1.50,3.00
2012.07.12 05:13:21.980,0.7929,0.79305,1.50,3.00
2012.07.12 05:13:22.499,0.79291,0.79305,1.50,3.00
2012.07.12 05:13:23.204,0.7929,0.79305,1.50,3.00
2012.07.12 05:13:33.228,0.79288,0.79305,1.50,3.00
2012.07.12 05:13:34.300,0.79289,0.79305,1.50,3.00
2012.07.12 05:13:34.874,0.79288,0.79305,1.50,3.00
2012.07.12 05:13:53.269,0.79289,0.79305,1.50,3.00
2012.07.12 05:13:55.202,0.7929,0.79305,1.50,3.00
2012.07.12 05:13:58.168,0.79289,0.79305,1.50,3.00
2012.07.12 05:14:00.300,0.7929,0.79305,1.50,3.00
2012.07.12 05:14:15.546,0.7929,0.79305,1.50,3.00
2012.07.12 05:14:15.691,0.7929,0.79301,1.50,2.25
2012.07.12 05:14:15.900,0.79281,0.79292,3.00,2.25
2012.07.12 05:14:16.409,0.79283,0.79292,1.50,2.25
2012.07.12 05:14:16.484,0.79285,0.79292,1.13,2.25
2012.07.12 05:14:16.564,0.79289,0.79299,1.50,1.13
2012.07.12 05:14:16.634,0.79291,0.79302,1.50,1.50
2012.07.12 05:14:16.772,0.79283,0.79293,2.25,2.25
2012.07.12 05:14:16.841,0.79282,0.79293,2.25,2.25
2012.07.12 05:14:17.267,0.79285,0.79298,1.50,2.25
2012.07.12 05:14:17.642,0.79287,0.79303,1.50,1.13
2012.07.12 05:14:17.715,0.79287,0.79299,1.50,2.25
2012.07.12 05:14:17.795,0.79283,0.79293,1.50,2.25
2012.07.12 05:14:18.310,0.79282,0.79293,2.25,2.25
2012.07.12 05:14:18.891,0.79283,0.79293,1.50,2.25
2012.07.12 05:14:19.450,0.79282,0.79293,1.50,2.25
2012.07.12 05:14:20.199,0.79283,0.79293,1.50,2.25
2012.07.12 05:14:20.967,0.79282,0.79293,1.50,2.25
2012.07.12 05:14:23.051,0.79282,0.79298,1.50,2.33
2012.07.12 05:14:23.122,0.79286,0.79298,1.50,2.33
2012.07.12 05:14:23.459,0.79284,0.79298,1.50,2.25
2012.07.12 05:14:24.012,0.79285,0.79298,1.50,2.25
2012.07.12 05:14:25.492,0.79285,0.79298,1.50,3.00
2012.07.12 05:14:25.562,0.79281,0.79292,1.50,2.25
2012.07.12 05:14:25.950,0.79283,0.79292,1.50,2.25
2012.07.12 05:14:26.096,0.79283,0.79298,1.50,3.00
2012.07.12 05:14:26.173,0.79285,0.79298,1.50,2.25
2012.07.12 05:14:26.519,0.79282,0.79293,1.50,2.25
2012.07.12 05:14:27.175,0.79283,0.79293,1.50,2.25
2012.07.12 05:14:27.550,0.79281,0.79293,2.25,2.25
2012.07.12 05:14:36.440,0.79281,0.79293,3.00,2.25
2012.07.12 05:14:36.651,0.79281,0.79293,3.00,2.25
2012.07.12 05:14:37.177,0.79279,0.79293,3.75,2.25
2012.07.12 05:14:37.880,0.79281,0.79293,2.25,3.00
2012.07.12 05:14:38.092,0.79278,0.79287,2.25,2.25
2012.07.12 05:14:38.236,0.79276,0.79285,1.50,1.50
2012.07.12 05:14:38.453,0.79272,0.79283,2.25,2.25
2012.07.12 05:14:38.911,0.79272,0.79285,1.50,3.75
2012.07.12 05:14:43.453,0.79271,0.79285,2.25,3.75
2012.07.12 05:14:44.751,0.7927,0.79285,2.25,5.25
2012.07.12 05:14:49.860,0.79269,0.79285,2.25,5.25
2012.07.12 05:14:49.993,0.79268,0.79282,1.50,1.50
2012.07.12 05:14:50.413,0.79266,0.79274,1.50,2.25
2012.07.12 05:14:50.495,0.79259,0.79269,3.00,2.25
2012.07.12 05:14:50.640,0.79261,0.79269,1.50,2.25
2012.07.12 05:14:50.710,0.79258,0.79272,1.50,1.50
2012.07.12 05:14:50.850,0.79259,0.79274,2.25,2.25
2012.07.12 05:14:51.412,0.79259,0.79274,3.00,2.25
2012.07.12 05:14:51.551,0.79261,0.79277,2.25,1.50
2012.07.12 05:14:51.623,0.79262,0.79278,2.25,2.25
2012.07.12 05:14:51.952,0.79264,0.79279,1.50,3.00
2012.07.12 05:14:52.452,0.79263,0.79279,1.50,2.25
2012.07.12 05:14:53.420,0.79264,0.79279,1.50,2.25
2012.07.12 05:14:53.549,0.79261,0.79278,3.75,1.50
2012.07.12 05:14:54.162,0.79261,0.79279,3.00,4.50
2012.07.12 05:15:00.151,0.79261,0.79278,1.50,1.50
2012.07.12 05:15:00.835,0.79261,0.79279,3.00,4.50
2012.07.12 05:15:05.069,0.79261,0.79277,2.25,1.50
2012.07.12 05:15:05.424,0.79258,0.79272,1.50,1.50
2012.07.12 05:15:05.561,0.79259,0.79274,3.00,1.50
2012.07.12 05:15:06.194,0.79259,0.79274,2.25,1.50
2012.07.12 05:15:06.403,0.79257,0.79274,2.25,2.25
2012.07.12 05:15:06.541,0.7926,0.79276,2.25,1.50
2012.07.12 05:15:06.802,0.79257,0.79275,3.75,3.75
2012.07.12 05:15:07.001,0.7926,0.79275,2.25,2.25
2012.07.12 05:15:07.212,0.79258,0.79274,2.25,3.75
2012.07.12 05:15:07.762,0.79259,0.79275,1.50,3.75
2012.07.12 05:15:07.972,0.79259,0.79273,2.25,1.50
2012.07.12 05:15:08.112,0.79259,0.79276,3.00,1.50
2012.07.12 05:15:11.701,0.79259,0.79275,3.38,1.88
2012.07.12 05:15:11.844,0.79257,0.79274,2.25,4.88
2012.07.12 05:15:11.990,0.79256,0.79271,2.25,1.50
2012.07.12 05:15:12.543,0.79256,0.79272,1.50,1.50
2012.07.12 05:15:13.003,0.79255,0.79269,2.25,1.50
2012.07.12 05:15:13.075,0.79252,0.79268,1.50,1.50
2012.07.12 05:15:13.153,0.79251,0.79266,3.00,1.50
2012.07.12 05:15:13.439,0.79251,0.79268,3.00,1.50
2012.07.12 05:15:13.970,0.79251,0.79267,3.00,1.50
2012.07.12 05:15:14.480,0.79252,0.79268,1.50,1.50
2012.07.12 05:15:15.121,0.79251,0.79268,1.50,1.50
2012.07.12 05:15:15.676,0.79251,0.79269,3.75,3.75
2012.07.12 05:15:16.111,0.79251,0.79269,5.25,3.75
2012.07.12 05:15:16.450,0.79254,0.79271,3.75,1.50
2012.07.12 05:15:17.011,0.79259,0.79272,2.25,1.50
2012.07.12 05:15:17.442,0.79261,0.79274,1.50,1.50
2012.07.12 05:15:17.792,0.79263,0.79279,1.50,3.38
2012.07.12 05:15:17.860,0.79263,0.79279,1.50,3.00
2012.07.12 05:15:41.181,0.7926,0.79278,2.63,1.50
2012.07.12 05:15:41.440,0.7926,0.79276,2.63,1.50
2012.07.12 05:15:41.976,0.79261,0.79277,2.25,1.50
2012.07.12 05:15:49.860,0.79261,0.79277,2.25,2.25
2012.07.12 05:15:50.121,0.79259,0.79277,3.75,3.75
2012.07.12 05:15:50.381,0.79259,0.79275,3.00,1.50
2012.07.12 05:15:50.539,0.79259,0.79276,2.25,2.25
2012.07.12 05:15:52.786,0.79257,0.79275,3.00,3.75
2012.07.12 05:15:54.621,0.79257,0.79272,1.50,1.50
2012.07.12 05:15:55.052,0.79254,0.7927,4.50,1.50
2012.07.12 05:15:55.402,0.79254,0.79267,3.75,1.50
2012.07.12 05:15:55.613,0.79253,0.79266,1.50,1.50
2012.07.12 05:15:55.753,0.79253,0.79264,1.50,1.50
2012.07.12 05:15:56.210,0.7925,0.79266,3.00,1.50
2012.07.12 05:15:59.430,0.79252,0.79267,1.50,1.50
2012.07.12 05:16:00.018,0.79252,0.79266,1.50,1.50
2012.07.12 05:16:04.769,0.7925,0.79268,4.50,1.50
2012.07.12 05:16:12.462,0.7925,0.79268,3.75,1.50
2012.07.12 05:16:13.908,0.79252,0.79268,1.50,1.50
2012.07.12 05:16:14.042,0.7925,0.79268,3.75,1.50
2012.07.12 05:16:14.650,0.79251,0.79269,1.50,3.75
2012.07.12 05:16:15.660,0.79251,0.79267,1.50,1.50
2012.07.12 05:16:16.000,0.79251,0.79269,1.50,3.75
2012.07.12 05:16:21.280,0.79251,0.79267,1.50,1.50
2012.07.12 05:16:21.420,0.79251,0.79269,1.50,3.75
2012.07.12 05:16:22.252,0.79251,0.79269,3.00,3.75
2012.07.12 05:16:22.582,0.79256,0.79272,1.50,1.50
2012.07.12 05:16:22.932,0.79257,0.7927,1.50,2.25
2012.07.12 05:16:23.072,0.79259,0.79272,2.25,2.25
2012.07.12 05:16:23.283,0.79257,0.79273,1.50,1.50
2012.07.12 05:16:23.424,0.79254,0.79272,3.75,2.25
2012.07.12 05:16:23.560,0.79254,0.79272,3.00,2.25
2012.07.12 05:16:23.632,0.79253,0.79271,6.00,1.50
2012.07.12 05:16:24.858,0.79255,0.79271,1.50,1.50
2012.07.12 05:16:25.781,0.79256,0.79274,1.50,2.63
2012.07.12 05:16:26.049,0.79256,0.79274,2.25,2.25
2012.07.12 05:16:31.462,0.79256,0.79274,2.25,4.50
2012.07.12 05:16:31.533,0.79256,0.79269,2.25,2.25
2012.07.12 05:16:32.081,0.79256,0.79272,2.25,1.50
2012.07.12 05:16:32.293,0.79255,0.79269,2.25,2.25
2012.07.12 05:16:33.648,0.79254,0.79269,1.50,2.25
2012.07.12 05:16:34.508,0.79253,0.79269,3.38,2.25
2012.07.12 05:16:47.371,0.79257,0.79273,1.50,3.75
2012.07.12 05:16:47.640,0.79257,0.79274,3.00,2.25
2012.07.12 05:16:48.161,0.79257,0.79273,1.50,1.50
2012.07.12 05:17:00.746,0.79257,0.79274,1.50,3.75
2012.07.12 05:17:04.599,0.79257,0.79273,1.50,1.50
2012.07.12 05:17:06.064,0.79255,0.7927,1.50,3.75
2012.07.12 05:17:08.431,0.79257,0.79272,2.25,1.50
2012.07.12 05:17:09.000,0.79255,0.79273,3.75,1.50
2012.07.12 05:17:10.350,0.79257,0.79274,1.50,3.00
2012.07.12 05:17:10.700,0.7926,0.79276,2.25,2.25
2012.07.12 05:17:11.100,0.7926,0.79274,2.25,1.50
2012.07.12 05:17:16.470,0.7926,0.79275,2.25,1.50
2012.07.12 05:17:18.877,0.7926,0.79275,3.00,1.50
2012.07.12 05:17:20.372,0.79261,0.79277,2.25,1.50
2012.07.12 05:17:25.630,0.79262,0.79278,2.25,1.50
2012.07.12 05:17:25.760,0.79264,0.79279,1.50,3.00
2012.07.12 05:17:26.610,0.79263,0.79279,1.50,3.75
2012.07.12 05:17:28.392,0.79261,0.79277,4.88,1.50
2012.07.12 05:17:28.956,0.7926,0.79276,4.50,1.50
2012.07.12 05:17:29.090,0.7926,0.79278,4.50,1.50
2012.07.12 05:17:29.861,0.7926,0.79277,3.75,1.50
2012.07.12 05:17:30.582,0.79261,0.79279,3.00,3.75
2012.07.12 05:17:30.781,0.79261,0.79277,3.00,1.50
2012.07.12 05:17:43.632,0.7926,0.79276,4.50,1.50
2012.07.12 05:17:43.716,0.79262,0.79279,1.13,3.75
2012.07.12 05:17:43.863,0.79264,0.79279,1.50,2.25
2012.07.12 05:17:44.227,0.79264,0.79279,2.25,2.25
2012.07.12 05:17:47.442,0.79264,0.79279,1.50,2.25
2012.07.12 05:17:47.964,0.79263,0.79279,1.50,2.25
2012.07.12 05:17:48.502,0.79262,0.79274,2.63,2.25
2012.07.12 05:17:48.716,0.79262,0.79277,1.88,1.50
2012.07.12 05:17:48.795,0.79262,0.79275,1.50,1.50
2012.07.12 05:17:48.874,0.7926,0.79275,2.25,1.50
2012.07.12 05:17:49.094,0.79257,0.79274,2.25,2.25
2012.07.12 05:17:49.176,0.79259,0.79275,2.25,1.50
2012.07.12 05:17:49.602,0.79261,0.79277,1.50,3.83
2012.07.12 05:17:50.459,0.79259,0.79277,3.75,1.58
2012.07.12 05:17:50.533,0.79261,0.79277,1.50,1.58
2012.07.12 05:17:50.814,0.79262,0.79278,1.50,1.50
2012.07.12 05:17:51.303,0.79263,0.7928,1.50,3.38
2012.07.12 05:17:51.722,0.79266,0.7928,1.50,3.38
2012.07.12 05:17:52.763,0.79265,0.7928,2.25,2.25
2012.07.12 05:17:53.191,0.79263,0.7928,1.13,3.75
2012.07.12 05:17:53.731,0.79263,0.79279,2.63,1.50
2012.07.12 05:17:56.943,0.79263,0.7928,2.63,2.25
2012.07.12 05:17:57.825,0.79263,0.79279,2.63,1.50
2012.07.12 05:18:01.306,0.79263,0.79279,1.88,1.50
2012.07.12 05:18:01.830,0.79262,0.7928,3.00,3.75
2012.07.12 05:18:06.644,0.79263,0.79279,2.63,1.50
2012.07.12 05:18:07.812,0.79263,0.7928,2.63,2.25
2012.07.12 05:18:08.352,0.79263,0.79279,2.63,1.50
2012.07.12 05:18:09.067,0.79264,0.7928,1.50,3.75
2012.07.12 05:18:13.342,0.79263,0.79278,1.13,1.50
2012.07.12 05:18:13.909,0.79263,0.7928,2.63,2.25
2012.07.12 05:18:14.532,0.79266,0.7928,1.50,2.25
2012.07.12 05:18:14.804,0.79264,0.7928,3.00,2.25
2012.07.12 05:18:19.479,0.79262,0.7928,3.38,3.75
2012.07.12 05:18:20.750,0.79262,0.7928,3.38,3.75
2012.07.12 05:18:22.411,0.79262,0.79278,1.88,1.50
2012.07.12 05:18:22.854,0.79261,0.79276,3.00,1.50
2012.07.12 05:18:23.524,0.7926,0.79275,2.25,3.00
2012.07.12 05:18:23.743,0.79258,0.79273,1.50,1.50
2012.07.12 05:18:24.303,0.7926,0.79275,2.25,1.50
2012.07.12 05:18:24.640,0.79256,0.7927,2.25,2.25
2012.07.12 05:18:37.065,0.79253,0.7927,3.38,3.75
2012.07.12 05:18:37.144,0.79253,0.7927,2.63,3.75
2012.07.12 05:18:37.222,0.79253,0.7927,2.63,3.75
2012.07.12 05:18:37.291,0.79253,0.79267,2.63,1.50
2012.07.12 05:18:37.611,0.79252,0.79267,1.50,1.50
2012.07.12 05:18:38.060,0.79252,0.79269,1.50,1.50
2012.07.12 05:18:40.831,0.79252,0.79268,1.50,1.50
2012.07.12 05:18:41.361,0.79252,0.79269,1.50,1.50
2012.07.12 05:18:42.562,0.79251,0.79266,3.00,1.73
2012.07.12 05:18:42.913,0.79249,0.79255,1.50,3.00
2012.07.12 05:18:43.123,0.79242,0.79257,1.50,3.00
2012.07.12 05:18:43.264,0.79242,0.79256,1.50,1.50
2012.07.12 05:18:43.344,0.79243,0.7926,1.50,3.38
2012.07.12 05:18:43.562,0.79244,0.7926,1.50,4.50
2012.07.12 05:18:44.133,0.79243,0.79259,3.75,1.50
2012.07.12 05:18:44.206,0.79247,0.7926,1.50,2.25
2012.07.12 05:18:44.354,0.79251,0.79268,2.25,2.63
2012.07.12 05:18:44.702,0.79251,0.79267,2.25,2.25
2012.07.12 05:18:44.774,0.79252,0.79268,1.50,2.25
2012.07.12 05:18:45.546,0.7925,0.79268,5.63,1.50
2012.07.12 05:18:51.191,0.79252,0.79268,1.50,1.50
2012.07.12 05:18:58.901,0.7925,0.79268,5.63,1.50
2012.07.12 05:18:59.656,0.79252,0.79268,1.50,1.50
2012.07.12 05:19:25.972,0.79252,0.79268,2.25,1.50
2012.07.12 05:19:26.100,0.79253,0.79271,2.25,5.25
2012.07.12 05:19:26.589,0.79253,0.79269,2.25,1.50
2012.07.12 05:19:30.739,0.79253,0.79271,2.25,3.00
2012.07.12 05:19:31.270,0.79252,0.7927,4.50,1.50
2012.07.12 05:19:33.642,0.79254,0.7927,1.50,1.50
2012.07.12 05:19:39.490,0.79255,0.7927,1.50,1.50
2012.07.12 05:19:39.641,0.79258,0.79276,1.50,3.00
2012.07.12 05:19:40.202,0.79259,0.79275,2.25,2.25
2012.07.12 05:19:40.270,0.79263,0.79275,2.25,2.25
2012.07.12 05:19:40.621,0.79261,0.79277,3.75,2.25
2012.07.12 05:19:40.762,0.79264,0.7928,2.25,4.50
2012.07.12 05:19:40.972,0.79265,0.7928,2.25,3.00
2012.07.12 05:19:41.113,0.79261,0.79278,3.75,1.50
2012.07.12 05:19:52.000,0.79261,0.79278,3.75,1.13
2012.07.12 05:19:54.252,0.79261,0.79277,3.75,1.50
2012.07.12 05:19:54.572,0.79263,0.79278,1.50,1.13
2012.07.12 05:19:59.079,0.79264,0.79278,1.50,1.13
2012.07.12 05:20:03.109,0.79263,0.79278,1.50,1.13
2012.07.12 05:20:09.302,0.79264,0.79278,1.50,1.13
2012.07.12 05:20:09.810,0.79263,0.79278,1.50,1.13
2012.07.12 05:20:10.316,0.79264,0.79278,1.50,1.13
2012.07.12 05:20:10.789,0.79262,0.79278,1.50,1.13
2012.07.12 05:20:11.300,0.79263,0.79278,1.50,1.13
2012.07.12 05:20:22.371,0.79265,0.79278,1.50,1.13
2012.07.12 05:20:26.292,0.79266,0.7928,1.50,1.13
2012.07.12 05:20:28.253,0.79264,0.79281,1.50,2.63
2012.07.12 05:20:28.830,0.79263,0.79279,3.75,1.13
2012.07.12 05:20:35.331,0.79263,0.79279,3.75,1.13
2012.07.12 05:20:36.032,0.7926,0.79272,1.50,3.75
2012.07.12 05:20:36.173,0.79257,0.79272,1.50,3.38
2012.07.12 05:20:36.522,0.79259,0.79274,1.50,1.13
2012.07.12 05:20:37.234,0.79259,0.79274,1.50,1.13
2012.07.12 05:20:39.080,0.79261,0.79274,1.50,1.13
2012.07.12 05:20:39.612,0.7926,0.79275,1.50,1.13
2012.07.12 05:20:42.621,0.7926,0.79277,1.50,2.63
2012.07.12 05:20:43.268,0.79259,0.79277,1.50,4.13
2012.07.12 05:20:44.660,0.7926,0.79276,1.50,2.25
2012.07.12 05:20:47.389,0.79261,0.79277,1.50,4.13
2012.07.12 05:20:47.933,0.7926,0.79276,1.50,2.25
2012.07.12 05:20:48.463,0.7926,0.79276,1.50,1.13
2012.07.12 05:20:49.064,0.7926,0.79276,1.50,3.38
2012.07.12 05:20:49.645,0.79259,0.79276,2.25,1.13
2012.07.12 05:20:53.440,0.79261,0.79276,1.50,1.13
2012.07.12 05:20:53.976,0.7926,0.79276,1.50,2.63
2012.07.12 05:20:54.510,0.79261,0.79277,1.50,1.50
2012.07.12 05:20:55.139,0.79262,0.79277,1.50,1.50
2012.07.12 05:20:56.640,0.79261,0.79277,1.50,3.00
2012.07.12 05:20:56.992,0.79264,0.7928,1.50,3.00
2012.07.12 05:21:00.670,0.79266,0.79281,1.50,1.13
2012.07.12 05:21:01.221,0.79266,0.79282,1.50,4.50
2012.07.12 05:21:01.741,0.79267,0.79282,1.50,3.00
2012.07.12 05:21:02.851,0.79268,0.79282,1.50,1.50
2012.07.12 05:21:03.934,0.79267,0.79282,1.50,1.50
2012.07.12 05:21:08.280,0.79268,0.79283,1.50,4.50
2012.07.12 05:21:08.605,0.79265,0.79283,1.88,6.00
2012.07.12 05:21:08.963,0.79267,0.79283,1.50,6.00
2012.07.12 05:21:09.301,0.79269,0.79282,1.50,1.50
2012.07.12 05:21:09.842,0.79268,0.79283,2.25,3.75
2012.07.12 05:21:09.980,0.79267,0.79283,2.25,3.75
2012.07.12 05:21:10.756,0.79266,0.79283,1.50,7.50
2012.07.12 05:21:11.260,0.79266,0.79281,1.50,1.50
2012.07.12 05:21:11.801,0.79265,0.79283,2.63,6.00
2012.07.12 05:21:15.201,0.79265,0.79281,2.63,1.50
2012.07.12 05:21:15.749,0.79265,0.79282,1.13,2.25
2012.07.12 05:21:18.970,0.79264,0.79282,2.25,2.25
2012.07.12 05:21:20.072,0.79265,0.79283,1.50,6.00
2012.07.12 05:21:20.461,0.79264,0.7928,2.25,1.50
2012.07.12 05:21:20.962,0.79263,0.79281,2.25,1.50
2012.07.12 05:21:21.515,0.79264,0.7928,2.25,1.50
2012.07.12 05:21:30.402,0.79266,0.79282,1.50,3.00
2012.07.12 05:21:31.207,0.79265,0.79281,2.25,1.50
2012.07.12 05:21:38.370,0.79266,0.79282,1.50,3.00
2012.07.12 05:21:39.045,0.79265,0.79281,2.25,1.50
2012.07.12 05:21:46.720,0.79267,0.79282,1.50,1.50
2012.07.12 05:21:47.657,0.79266,0.79282,2.25,3.00
2012.07.12 05:21:49.119,0.79265,0.79281,2.25,1.50
2012.07.12 05:21:49.762,0.79264,0.7928,2.25,1.50
2012.07.12 05:21:50.413,0.79266,0.79282,2.25,1.50
2012.07.12 05:21:51.602,0.79265,0.79281,2.25,1.50
2012.07.12 05:21:52.024,0.79267,0.79281,1.13,1.50
2012.07.12 05:21:52.092,0.79267,0.79284,1.13,1.50
2012.07.12 05:21:52.162,0.79268,0.79285,2.25,1.50
2012.07.12 05:21:52.372,0.79268,0.79286,2.25,1.50
2012.07.12 05:21:52.442,0.7927,0.79288,1.50,3.75
2012.07.12 05:21:52.970,0.79269,0.79287,2.25,1.50
2012.07.12 05:21:58.441,0.7927,0.79288,1.50,3.00
2012.07.12 05:21:58.711,0.7927,0.79286,1.50,1.50
2012.07.12 05:22:04.526,0.79268,0.79284,2.25,1.50
2012.07.12 05:22:05.339,0.79265,0.79281,3.38,1.50
2012.07.12 05:22:06.018,0.79265,0.79281,3.00,1.50
2012.07.12 05:22:06.645,0.79264,0.79282,4.50,4.50
2012.07.12 05:22:09.680,0.79264,0.79282,2.25,5.25
2012.07.12 05:22:10.786,0.79266,0.79282,1.50,5.25
2012.07.12 05:22:11.322,0.79267,0.79282,1.50,3.75
2012.07.12 05:22:11.947,0.79266,0.79282,1.50,5.25
2012.07.12 05:22:13.571,0.79265,0.79282,1.50,3.75
2012.07.12 05:22:23.761,0.79264,0.79282,3.75,5.25
2012.07.12 05:22:24.404,0.79265,0.79281,1.50,2.25
2012.07.12 05:22:25.809,0.79264,0.79282,2.25,5.25
2012.07.12 05:22:31.792,0.79263,0.79279,4.50,1.50
2012.07.12 05:22:32.135,0.79266,0.79282,1.50,4.50
2012.07.12 05:22:32.593,0.79263,0.79278,3.38,1.50
2012.07.12 05:22:32.802,0.79263,0.79281,4.88,2.25
2012.07.12 05:22:38.043,0.79266,0.79282,1.50,6.00
2012.07.12 05:22:38.546,0.79265,0.79281,1.50,2.25
2012.07.12 05:22:42.594,0.79264,0.7928,2.25,1.50
2012.07.12 05:22:54.605,0.79264,0.7928,3.00,1.50
2012.07.12 05:22:55.060,0.79268,0.79284,1.50,3.00
2012.07.12 05:22:55.635,0.79267,0.79283,3.75,2.25
2012.07.12 05:22:57.291,0.79268,0.79284,1.50,3.00
2012.07.12 05:22:58.086,0.79267,0.79284,2.25,3.00
2012.07.12 05:22:58.650,0.79268,0.79284,1.50,3.00
2012.07.12 05:23:00.811,0.79267,0.79283,3.75,2.25
2012.07.12 05:23:02.396,0.79268,0.79284,1.50,3.75
2012.07.12 05:23:02.932,0.79268,0.79286,1.50,3.75
2012.07.12 05:23:03.683,0.79273,0.79289,3.75,3.75
2012.07.12 05:23:03.823,0.79274,0.7929,1.50,3.75
2012.07.12 05:23:04.363,0.79273,0.79289,2.25,2.25
2012.07.12 05:23:13.082,0.79273,0.79288,2.25,1.50
2012.07.12 05:23:15.252,0.79273,0.7929,2.25,3.75
2012.07.12 05:23:15.570,0.79273,0.79288,2.25,1.50
2012.07.12 05:23:16.260,0.79273,0.7929,2.25,3.75
2012.07.12 05:23:17.027,0.79273,0.79289,2.25,1.50
2012.07.12 05:23:18.563,0.79273,0.79286,2.25,1.50
2012.07.12 05:23:19.110,0.79273,0.79288,2.25,3.00
2012.07.12 05:23:20.763,0.79273,0.79286,2.25,1.50
2012.07.12 05:23:21.602,0.79273,0.79287,2.25,2.25
2012.07.12 05:23:24.983,0.79273,0.79287,3.75,1.50
2012.07.12 05:23:25.191,0.79277,0.79292,2.25,2.25
2012.07.12 05:23:26.423,0.79277,0.7929,2.25,1.50
2012.07.12 05:23:26.564,0.79269,0.79287,2.25,2.25
2012.07.12 05:23:26.833,0.79269,0.79285,1.88,1.50
2012.07.12 05:23:30.142,0.79268,0.79286,1.88,1.50
2012.07.12 05:23:30.482,0.79268,0.79282,1.88,2.25
2012.07.12 05:23:30.553,0.79268,0.79282,1.50,2.25
2012.07.12 05:23:30.962,0.79265,0.79281,1.88,1.50
2012.07.12 05:23:31.737,0.79266,0.79282,1.50,4.50
2012.07.12 05:23:32.770,0.79269,0.79283,1.50,1.50
2012.07.12 05:23:32.844,0.79271,0.79286,1.50,1.13
2012.07.12 05:23:32.973,0.79269,0.79286,2.25,1.13
2012.07.12 05:23:33.631,0.79271,0.79287,1.50,2.25
2012.07.12 05:23:33.981,0.79271,0.79287,2.55,1.50
2012.07.12 05:23:34.714,0.79271,0.79286,1.05,1.50
2012.07.12 05:23:35.172,0.79274,0.79288,1.05,1.50
2012.07.12 05:23:35.243,0.79274,0.79289,2.18,3.75
2012.07.12 05:23:35.314,0.79278,0.79291,2.25,2.25
2012.07.12 05:23:36.070,0.79278,0.79291,2.25,1.50
2012.07.12 05:23:36.295,0.79278,0.79291,2.25,2.25
2012.07.12 05:23:36.634,0.79269,0.79287,2.25,3.00
2012.07.12 05:23:42.124,0.79269,0.79287,2.25,3.00
2012.07.12 05:23:45.384,0.7927,0.79287,2.25,1.50
2012.07.12 05:23:46.103,0.7927,0.79286,2.25,1.50
2012.07.12 05:23:51.013,0.7927,0.79287,2.25,1.50
2012.07.12 05:23:51.783,0.79269,0.79287,2.25,3.00
2012.07.12 05:23:53.335,0.79273,0.79288,1.05,1.50
2012.07.12 05:23:53.555,0.79273,0.79291,2.55,2.25
2012.07.12 05:23:57.823,0.79273,0.79291,2.93,1.50
2012.07.12 05:24:02.867,0.79275,0.79291,1.13,1.50
2012.07.12 05:24:03.214,0.79276,0.79292,2.63,2.25
2012.07.12 05:24:03.625,0.7928,0.79297,2.25,1.50
2012.07.12 05:24:04.113,0.7928,0.79298,2.25,3.38
2012.07.12 05:24:21.833,0.79279,0.79296,2.25,1.50
2012.07.12 05:24:21.902,0.79278,0.79294,2.25,1.50
2012.07.12 05:24:22.764,0.79277,0.79292,2.63,3.00
2012.07.12 05:24:23.103,0.79274,0.79288,1.05,1.50
2012.07.12 05:24:23.654,0.79274,0.7929,2.55,2.25
2012.07.12 05:24:31.291,0.79274,0.7929,2.55,2.25
2012.07.12 05:24:32.207,0.79274,0.7929,2.55,2.25
2012.07.12 05:24:41.433,0.79274,0.7929,2.55,2.25
2012.07.12 05:24:41.940,0.79274,0.79291,1.05,2.25
2012.07.12 05:24:42.887,0.79274,0.7929,2.55,2.25
2012.07.12 05:25:15.720,0.79276,0.79292,1.50,6.00
2012.07.12 05:25:16.262,0.79275,0.79291,2.25,2.25
2012.07.12 05:25:27.931,0.79275,0.79288,2.25,1.50
2012.07.12 05:25:28.073,0.79271,0.79287,1.13,3.75
2012.07.12 05:25:28.684,0.7927,0.79285,1.88,1.50
2012.07.12 05:25:28.754,0.79273,0.79288,2.25,3.00
2012.07.12 05:25:28.822,0.79273,0.79288,2.25,2.25
2012.07.12 05:25:31.162,0.79273,0.79289,2.25,3.00
2012.07.12 05:25:31.233,0.79273,0.79287,2.25,2.25
2012.07.12 05:25:31.305,0.7927,0.79286,2.25,2.25
2012.07.12 05:25:31.842,0.79269,0.79285,1.88,2.25
2012.07.12 05:25:32.942,0.79269,0.79286,1.88,1.50
2012.07.12 05:25:34.974,0.79272,0.79285,1.50,1.50
2012.07.12 05:25:35.254,0.7927,0.79284,1.88,1.50
2012.07.12 05:25:42.372,0.7927,0.79284,1.50,1.50
2012.07.12 05:25:42.443,0.7927,0.79283,1.50,2.25
2012.07.12 05:25:42.795,0.7927,0.79276,1.50,2.25
2012.07.12 05:25:42.947,0.79259,0.79275,2.25,2.25
2012.07.12 05:26:02.256,0.79259,0.79275,2.25,2.25
2012.07.12 05:26:20.332,0.79258,0.79273,3.38,1.50
2012.07.12 05:26:22.131,0.79258,0.79273,2.63,1.50
2012.07.12 05:26:22.858,0.79258,0.79274,2.63,1.50
2012.07.12 05:26:31.522,0.79256,0.79272,2.63,1.50
2012.07.12 05:26:32.403,0.79255,0.79272,3.00,2.25
2012.07.12 05:26:33.543,0.79256,0.79272,2.25,1.50
2012.07.12 05:26:34.071,0.79255,0.79271,4.50,1.50
2012.07.12 05:26:34.522,0.79255,0.79273,4.50,2.25
2012.07.12 05:26:35.342,0.79255,0.79271,4.50,1.50
2012.07.12 05:26:35.754,0.79255,0.7927,4.50,2.25
2012.07.12 05:26:36.006,0.7925,0.79268,5.85,2.25
2012.07.12 05:26:38.976,0.79251,0.79267,3.00,1.50
2012.07.12 05:26:39.584,0.7925,0.79267,2.25,1.50
2012.07.12 05:26:40.104,0.7925,0.79266,3.75,1.50
2012.07.12 05:26:40.302,0.7925,0.79264,2.25,1.50
2012.07.12 05:26:40.624,0.79247,0.79262,1.13,1.50
2012.07.12 05:26:40.834,0.79245,0.79261,2.25,3.75
2012.07.12 05:26:46.314,0.79244,0.79259,1.35,1.50
2012.07.12 05:26:52.927,0.79243,0.79261,3.38,6.00
2012.07.12 05:26:53.242,0.79245,0.79261,3.00,4.88
2012.07.12 05:26:54.143,0.79245,0.79261,2.25,4.88
2012.07.12 05:26:55.350,0.79245,0.79261,3.00,4.88
2012.07.12 05:26:55.625,0.79249,0.79265,1.50,3.75
2012.07.12 05:26:55.777,0.79252,0.79266,1.50,3.00
2012.07.12 05:26:55.997,0.79252,0.79268,1.50,1.50
2012.07.12 05:26:56.075,0.79255,0.7927,1.50,3.75
2012.07.12 05:26:56.144,0.79255,0.7927,1.50,3.00
2012.07.12 05:26:56.694,0.79254,0.7927,1.50,4.50
2012.07.12 05:27:01.062,0.79252,0.7927,4.50,4.50
2012.07.12 05:27:02.281,0.79252,0.7927,4.50,4.50
2012.07.12 05:27:06.391,0.79253,0.79269,2.25,1.50
2012.07.12 05:27:06.944,0.79252,0.7927,2.25,4.50
2012.07.12 05:27:08.621,0.79253,0.79269,2.25,1.50
2012.07.12 05:27:11.891,0.79254,0.7927,2.25,4.50
2012.07.12 05:27:12.462,0.79253,0.79269,2.25,1.50
2012.07.12 05:27:14.421,0.79253,0.7927,2.25,3.00
2012.07.12 05:27:17.963,0.79253,0.79269,2.25,1.50
2012.07.12 05:27:18.323,0.79251,0.79266,3.75,1.50
2012.07.12 05:27:18.986,0.79251,0.79266,3.75,2.25
2012.07.12 05:27:20.804,0.79253,0.7927,2.25,3.00
2012.07.12 05:27:23.373,0.79253,0.7927,1.50,3.75
2012.07.12 05:27:23.561,0.79251,0.79267,5.63,1.50
2012.07.12 05:27:23.853,0.79251,0.79269,5.63,1.50
2012.07.12 05:27:26.661,0.79253,0.7927,2.25,3.00
2012.07.12 05:27:31.883,0.79253,0.79269,2.25,1.50
2012.07.12 05:27:32.491,0.79253,0.79269,2.25,1.50
2012.07.12 05:27:33.163,0.79253,0.7927,2.25,3.00
2012.07.12 05:27:42.280,0.79253,0.7927,2.25,3.00
2012.07.12 05:27:43.740,0.79253,0.7927,2.25,3.00
2012.07.12 05:27:52.266,0.79253,0.7927,2.25,3.00
2012.07.12 05:27:56.511,0.79253,0.7927,2.25,3.00
2012.07.12 05:27:56.622,0.79253,0.7927,2.25,3.00
2012.07.12 05:27:58.821,0.79253,0.7927,2.25,3.00
2012.07.12 05:27:59.012,0.79253,0.7927,2.25,2.25
2012.07.12 05:27:59.152,0.79256,0.7927,1.50,2.25
2012.07.12 05:27:59.222,0.79254,0.7927,3.00,2.25
2012.07.12 05:28:00.592,0.79256,0.7927,1.50,2.25
2012.07.12 05:28:00.913,0.79259,0.7927,1.50,2.25
2012.07.12 05:28:02.071,0.79258,0.7927,1.50,2.25
2012.07.12 05:28:03.351,0.79256,0.7927,2.25,2.25
2012.07.12 05:28:05.024,0.79255,0.7927,1.50,2.25
2012.07.12 05:28:06.762,0.79256,0.7927,1.50,2.25
2012.07.12 05:28:07.251,0.79254,0.7927,2.25,3.75
2012.07.12 05:28:09.727,0.79255,0.7927,1.50,2.25
2012.07.12 05:28:10.339,0.79253,0.79269,1.50,1.50
2012.07.12 05:28:10.932,0.79254,0.7927,2.25,2.25
2012.07.12 05:28:11.452,0.79253,0.79269,4.50,1.50
2012.07.12 05:28:11.980,0.79254,0.7927,2.25,3.75
2012.07.12 05:28:14.361,0.79254,0.79269,1.50,1.50
2012.07.12 05:28:14.928,0.79254,0.7927,1.50,2.25
2012.07.12 05:28:15.884,0.79254,0.7927,2.25,2.25
2012.07.12 05:28:16.434,0.79254,0.7927,1.50,2.25
2012.07.12 05:28:20.353,0.79254,0.7927,2.25,2.25
2012.07.12 05:28:22.422,0.79255,0.7927,1.50,2.25
2012.07.12 05:28:22.672,0.79255,0.7927,2.25,2.25
2012.07.12 05:28:24.041,0.79254,0.7927,1.50,2.25
2012.07.12 05:28:24.354,0.79254,0.79268,1.50,1.50
2012.07.12 05:28:24.492,0.79254,0.7927,1.50,2.25
2012.07.12 05:28:26.251,0.79254,0.7927,1.50,2.25
2012.07.12 05:28:26.514,0.79255,0.79273,2.25,2.25
2012.07.12 05:28:30.402,0.79255,0.79271,2.25,1.50
2012.07.12 05:28:30.673,0.79255,0.79271,2.25,2.25
2012.07.12 05:28:31.197,0.79254,0.79269,1.50,2.25
2012.07.12 05:28:37.765,0.79257,0.79273,1.50,2.25
2012.07.12 05:28:37.848,0.79257,0.79273,1.50,1.50
2012.07.12 05:28:38.433,0.79257,0.79274,2.25,1.50
2012.07.12 05:28:38.643,0.79259,0.79275,1.50,1.50
2012.07.12 05:28:39.191,0.79258,0.79276,2.25,1.50
2012.07.12 05:28:40.175,0.79257,0.79274,3.00,1.50
2012.07.12 05:28:40.315,0.79256,0.79273,1.88,1.50
2012.07.12 05:28:40.643,0.79258,0.79274,1.50,1.50
2012.07.12 05:28:49.925,0.79256,0.79273,2.63,1.50
2012.07.12 05:28:54.785,0.79256,0.79274,2.63,1.50
2012.07.12 05:28:55.961,0.79256,0.79272,2.63,1.50
2012.07.12 05:28:58.813,0.79257,0.79273,2.25,1.50
2012.07.12 05:29:02.112,0.79256,0.79274,2.63,1.50
2012.07.12 05:29:04.691,0.79256,0.79272,2.63,1.50
2012.07.12 05:29:05.314,0.79257,0.79273,2.25,1.50
2012.07.12 05:29:13.561,0.79256,0.79272,2.63,1.50
2012.07.12 05:29:14.141,0.79257,0.79273,2.25,2.25
2012.07.12 05:29:22.493,0.79256,0.79272,2.63,1.50
2012.07.12 05:29:23.298,0.79256,0.79274,2.63,2.25
2012.07.12 05:29:24.443,0.79256,0.79272,2.63,1.50
2012.07.12 05:29:24.978,0.79257,0.79273,2.25,2.25
2012.07.12 05:29:36.842,0.79256,0.79272,2.63,1.50
2012.07.12 05:29:37.467,0.79257,0.79273,2.25,2.25
2012.07.12 05:29:40.691,0.79256,0.79274,1.88,2.25
2012.07.12 05:29:41.082,0.79256,0.79274,2.63,2.25
2012.07.12 05:29:41.573,0.79258,0.79274,1.50,2.25
2012.07.12 05:29:41.647,0.79256,0.79274,3.38,2.25
2012.07.12 05:29:42.407,0.79258,0.79274,1.50,2.25
2012.07.12 05:29:42.546,0.79258,0.79275,3.00,2.25
2012.07.12 05:29:42.821,0.79258,0.79276,2.25,2.25
2012.07.12 05:29:42.954,0.79261,0.79277,2.25,4.50
2012.07.12 05:29:43.023,0.79262,0.79277,1.88,1.50
2012.07.12 05:29:43.284,0.79262,0.79279,1.88,1.50
2012.07.12 05:29:43.869,0.79262,0.7928,3.38,4.50
2012.07.12 05:29:45.783,0.79262,0.7928,3.38,4.50
2012.07.12 05:29:46.192,0.79262,0.79277,1.88,1.50
2012.07.12 05:29:46.582,0.79262,0.79279,1.88,1.50
2012.07.12 05:29:48.686,0.79262,0.79278,1.88,1.50
2012.07.12 05:29:49.982,0.79262,0.79277,1.13,1.50
2012.07.12 05:29:50.302,0.79261,0.79274,3.00,1.50
2012.07.12 05:29:50.432,0.79261,0.79276,3.00,3.00
2012.07.12 05:29:50.505,0.79261,0.79274,2.25,1.50
2012.07.12 05:29:50.574,0.79259,0.79274,1.13,1.50
2012.07.12 05:29:52.466,0.79259,0.79274,1.50,1.50
2012.07.12 05:29:52.767,0.79262,0.79276,1.88,1.50
2012.07.12 05:29:52.845,0.79263,0.79278,1.50,2.25
2012.07.12 05:29:53.367,0.79262,0.79277,1.88,1.50
2012.07.12 05:29:53.887,0.79262,0.79279,1.88,2.25
2012.07.12 05:29:54.473,0.79262,0.79279,1.88,1.50
2012.07.12 05:29:55.483,0.79262,0.79277,1.88,1.50
2012.07.12 05:29:55.993,0.79262,0.79276,1.88,1.50
2012.07.12 05:29:56.132,0.79262,0.79278,1.88,2.25
2012.07.12 05:29:57.732,0.79261,0.79276,1.13,1.50
2012.07.12 05:29:58.264,0.79261,0.79278,1.13,2.25
2012.07.12 05:29:59.907,0.79263,0.79279,1.50,2.25
2012.07.12 05:30:00.853,0.79263,0.79279,1.50,1.50
2012.07.12 05:30:02.531,0.79262,0.79278,1.13,1.50
2012.07.12 05:30:03.259,0.79262,0.79279,1.13,1.50
2012.07.12 05:30:06.526,0.79262,0.79278,1.13,1.50
2012.07.12 05:30:07.414,0.79264,0.79278,1.50,1.50
2012.07.12 05:30:08.007,0.79265,0.79281,5.25,1.50
2012.07.12 05:30:08.218,0.79265,0.79278,1.50,1.50
2012.07.12 05:30:08.434,0.79261,0.79277,5.63,1.50
2012.07.12 05:30:08.624,0.79263,0.79279,1.88,3.00
2012.07.12 05:30:09.994,0.79263,0.7928,1.88,3.00
2012.07.12 05:30:10.071,0.79265,0.7928,1.13,2.25
2012.07.12 05:30:10.216,0.79265,0.79282,2.63,3.75
2012.07.12 05:30:10.285,0.79264,0.7928,1.50,2.25
2012.07.12 05:30:10.430,0.79261,0.79279,4.88,1.50
2012.07.12 05:30:10.506,0.79261,0.79277,3.38,1.50
2012.07.12 05:30:11.188,0.79261,0.79277,4.50,1.50
2012.07.12 05:30:11.898,0.79261,0.79276,2.25,1.50
2012.07.12 05:30:18.669,0.79261,0.79275,2.25,1.50
2012.07.12 05:30:19.016,0.79257,0.79271,2.25,1.50
2012.07.12 05:30:19.153,0.79256,0.79273,1.88,1.50
2012.07.12 05:30:19.354,0.79254,0.79272,2.63,1.50
2012.07.12 05:30:19.683,0.79254,0.7927,2.63,2.25
2012.07.12 05:30:20.672,0.79254,0.79269,1.13,1.50
2012.07.12 05:30:21.222,0.79253,0.7927,1.88,2.25
2012.07.12 05:30:25.412,0.79253,0.79269,1.88,1.50
2012.07.12 05:30:25.916,0.79253,0.79269,1.50,1.50
2012.07.12 05:30:38.653,0.79254,0.7927,1.50,3.75
2012.07.12 05:30:38.993,0.79256,0.7927,2.25,1.50
2012.07.12 05:30:39.270,0.79254,0.7927,1.50,3.75
2012.07.12 05:30:39.869,0.79253,0.79269,1.50,1.50
2012.07.12 05:30:40.379,0.79252,0.79269,1.13,2.25
2012.07.12 05:30:40.734,0.79251,0.79267,2.63,1.50
2012.07.12 05:30:40.869,0.79251,0.79269,4.13,3.00
2012.07.12 05:30:41.082,0.79253,0.7927,1.50,3.00
2012.07.12 05:30:42.423,0.79253,0.79269,1.50,1.50
2012.07.12 05:30:43.017,0.79253,0.7927,1.50,3.00
2012.07.12 05:30:43.557,0.79253,0.79269,1.50,1.50
2012.07.12 05:30:44.284,0.79254,0.7927,1.50,4.50
2012.07.12 05:30:44.796,0.79253,0.79269,1.50,1.50
2012.07.12 05:30:45.514,0.79253,0.7927,1.50,3.00
2012.07.12 05:30:54.130,0.79253,0.7927,1.50,3.00
2012.07.12 05:30:55.195,0.79251,0.79268,2.63,2.25
2012.07.12 05:30:55.404,0.79251,0.79266,2.25,1.50
2012.07.12 05:30:56.153,0.79251,0.79264,2.25,1.50
2012.07.12 05:30:56.293,0.79248,0.79264,2.25,2.63
2012.07.12 05:30:56.573,0.7925,0.79264,2.25,2.25
2012.07.12 05:30:57.092,0.7925,0.79266,2.63,2.25
2012.07.12 05:30:58.365,0.7925,0.79266,2.63,1.50
2012.07.12 05:31:01.332,0.7925,0.79266,2.63,2.25
2012.07.12 05:31:11.801,0.7925,0.79264,2.63,1.50
2012.07.12 05:31:12.313,0.7925,0.79265,2.63,2.25
2012.07.12 05:31:17.523,0.79251,0.79266,1.50,1.50
2012.07.12 05:31:18.112,0.7925,0.79266,3.75,3.00
2012.07.12 05:31:18.774,0.79248,0.79264,2.25,3.00
2012.07.12 05:31:18.845,0.79248,0.79264,2.25,3.00
2012.07.12 05:31:20.214,0.79249,0.79263,1.50,1.13
2012.07.12 05:31:20.764,0.79248,0.79263,2.25,1.13
2012.07.12 05:31:21.244,0.79249,0.79265,1.50,2.25
2012.07.12 05:31:22.185,0.79249,0.79265,2.25,2.25
2012.07.12 05:31:22.694,0.79251,0.79264,3.75,1.13
2012.07.12 05:31:23.965,0.79255,0.79264,2.25,1.13
2012.07.12 05:31:24.036,0.79255,0.79267,2.25,2.25
2012.07.12 05:31:24.537,0.79253,0.79268,1.50,2.25
2012.07.12 05:31:24.616,0.79252,0.79268,1.50,2.25
2012.07.12 05:31:24.754,0.7925,0.79266,4.88,2.25
2012.07.12 05:31:25.593,0.79251,0.79268,1.50,1.13
2012.07.12 05:31:27.991,0.7925,0.79267,3.38,2.25
2012.07.12 05:31:32.006,0.7925,0.79267,4.13,2.25
2012.07.12 05:31:32.082,0.79255,0.79269,2.25,1.50
2012.07.12 05:31:32.153,0.79255,0.79269,3.75,1.50
2012.07.12 05:31:32.357,0.79253,0.79267,1.50,1.13
2012.07.12 05:31:32.435,0.79251,0.79267,3.75,2.63
2012.07.12 05:31:32.995,0.79252,0.79267,1.50,1.13
2012.07.12 05:31:34.734,0.79256,0.79268,2.25,2.25
2012.07.12 05:31:34.875,0.79256,0.79272,2.25,1.88
2012.07.12 05:31:35.014,0.79256,0.79269,2.25,2.25
2012.07.12 05:31:35.084,0.79253,0.79269,1.50,2.25
2012.07.12 05:31:38.602,0.79251,0.79268,3.75,2.25
2012.07.12 05:31:39.172,0.79252,0.79268,1.50,2.25
2012.07.12 05:31:45.464,0.79254,0.7927,3.00,4.88
2012.07.12 05:31:45.815,0.79259,0.79273,1.50,1.50
2012.07.12 05:31:46.527,0.79258,0.79274,1.50,2.25
2012.07.12 05:31:46.664,0.79258,0.79273,1.50,2.25
2012.07.12 05:31:46.807,0.79256,0.79272,2.25,1.50
2012.07.12 05:31:46.886,0.79255,0.7927,5.25,2.25
2012.07.12 05:31:47.233,0.79262,0.79276,1.50,1.20
2012.07.12 05:31:47.773,0.79261,0.79276,2.25,2.33
2012.07.12 05:31:57.672,0.79261,0.79276,2.25,2.25
2012.07.12 05:32:09.513,0.79261,0.79278,3.75,1.95
2012.07.12 05:32:10.622,0.79261,0.79278,3.75,1.95
2012.07.12 05:32:12.055,0.79261,0.79278,5.25,1.95
2012.07.12 05:32:13.804,0.79263,0.79279,2.25,1.50
2012.07.12 05:32:15.523,0.79266,0.79279,1.50,1.50
2012.07.12 05:32:16.032,0.79265,0.7928,1.50,3.00
2012.07.12 05:32:17.542,0.79264,0.7928,2.25,3.00
2012.07.12 05:32:18.243,0.79265,0.7928,1.50,3.00
2012.07.12 05:32:19.182,0.79264,0.7928,2.25,3.00
2012.07.12 05:32:22.475,0.79262,0.79279,3.00,1.50
2012.07.12 05:32:22.803,0.79262,0.79278,1.50,2.63
2012.07.12 05:32:23.323,0.79261,0.79278,2.25,3.38
2012.07.12 05:32:24.874,0.79262,0.79278,1.50,3.38
2012.07.12 05:32:25.518,0.79261,0.79277,3.75,2.25
2012.07.12 05:32:35.402,0.79262,0.79278,1.50,3.00
2012.07.12 05:32:36.010,0.79261,0.79277,3.75,2.25
2012.07.12 05:32:46.651,0.79262,0.79278,1.50,3.00
2012.07.12 05:32:50.192,0.79261,0.79278,2.25,3.00
2012.07.12 05:33:08.711,0.79262,0.79278,1.50,3.00
2012.07.12 05:33:17.081,0.79261,0.79277,2.25,2.25
2012.07.12 05:33:19.083,0.79261,0.79278,2.25,2.25
2012.07.12 05:34:05.527,0.79262,0.79278,2.25,2.33
2012.07.12 05:34:05.865,0.79264,0.79279,1.50,1.13
2012.07.12 05:34:06.438,0.79262,0.79279,1.50,1.13
2012.07.12 05:34:09.045,0.79262,0.79279,1.50,1.13
2012.07.12 05:34:09.114,0.79262,0.79279,1.50,1.20
2012.07.12 05:34:09.654,0.79261,0.79278,2.25,2.33
2012.07.12 05:34:10.387,0.79262,0.79278,1.50,2.33
2012.07.12 05:34:15.634,0.79261,0.79278,3.00,2.33
2012.07.12 05:34:16.152,0.79266,0.7928,1.50,2.25
2012.07.12 05:34:16.484,0.79264,0.7928,1.50,3.00
2012.07.12 05:34:16.833,0.79266,0.7928,1.50,3.00
2012.07.12 05:34:17.400,0.79265,0.7928,1.50,3.00
2012.07.12 05:34:17.734,0.79263,0.7928,3.00,3.00
2012.07.12 05:34:19.605,0.79262,0.7928,1.88,4.50
2012.07.12 05:34:19.804,0.79262,0.7928,1.50,4.50
2012.07.12 05:34:20.499,0.79263,0.7928,1.50,3.00
2012.07.12 05:34:21.096,0.79262,0.7928,1.50,4.50
2012.07.12 05:34:21.609,0.79263,0.7928,1.50,3.00
2012.07.12 05:34:22.182,0.79262,0.7928,1.50,4.50
2012.07.12 05:34:22.958,0.79263,0.7928,1.50,3.00
2012.07.12 05:34:23.515,0.79262,0.7928,1.50,4.50
2012.07.12 05:34:23.872,0.79264,0.7928,1.50,4.50
2012.07.12 05:34:26.453,0.79262,0.7928,1.50,4.50
2012.07.12 05:34:27.242,0.79264,0.7928,1.50,4.50
2012.07.12 05:34:27.373,0.79264,0.7928,1.50,4.50
2012.07.12 05:34:27.883,0.79266,0.7928,1.50,3.00
2012.07.12 05:34:29.612,0.79264,0.7928,2.25,4.50
2012.07.12 05:34:30.703,0.79263,0.79279,1.50,1.50
2012.07.12 05:34:31.256,0.79264,0.7928,1.50,4.50
2012.07.12 05:34:37.452,0.79268,0.7928,1.50,3.00
2012.07.12 05:34:37.784,0.79268,0.79284,1.50,2.25
2012.07.12 05:34:37.855,0.7927,0.79284,1.50,2.25
2012.07.12 05:34:38.570,0.79269,0.79284,1.50,2.25
2012.07.12 05:34:39.133,0.7927,0.79284,1.50,2.25
2012.07.12 05:34:39.664,0.79269,0.79284,1.50,2.25
2012.07.12 05:34:40.193,0.7927,0.79284,1.50,2.25
2012.07.12 05:34:40.705,0.79269,0.79284,1.50,2.25
2012.07.12 05:34:41.392,0.79268,0.79284,1.50,2.25
2012.07.12 05:34:42.021,0.79269,0.79284,1.50,2.25
2012.07.12 05:34:42.384,0.79267,0.79283,1.50,1.50
2012.07.12 05:34:43.245,0.79271,0.79284,1.50,1.50
2012.07.12 05:34:43.763,0.7927,0.79284,1.50,1.50
2012.07.12 05:34:44.314,0.79269,0.79284,1.50,1.50
2012.07.12 05:34:44.862,0.79268,0.79284,1.50,1.50
2012.07.12 05:34:46.042,0.79269,0.79284,1.50,1.50
2012.07.12 05:34:47.902,0.79269,0.79284,1.50,1.50
2012.07.12 05:34:48.451,0.79269,0.79284,1.50,1.50
2012.07.12 05:34:51.123,0.7927,0.79284,1.50,1.50
2012.07.12 05:34:51.861,0.79269,0.79284,1.50,1.50
2012.07.12 05:34:52.382,0.7927,0.79284,1.50,1.50
2012.07.12 05:34:56.252,0.79269,0.79284,1.50,1.50
2012.07.12 05:34:56.789,0.79271,0.79284,1.50,1.50
2012.07.12 05:35:00.922,0.7927,0.79284,1.50,1.50
2012.07.12 05:35:02.251,0.7927,0.79284,1.50,1.50
2012.07.12 05:35:02.804,0.79271,0.79284,1.50,1.50
2012.07.12 05:35:02.872,0.79269,0.79284,1.50,1.50
2012.07.12 05:35:02.942,0.79271,0.79284,1.50,1.50
2012.07.12 05:35:04.295,0.79269,0.79284,1.50,1.50
2012.07.12 05:35:04.862,0.7927,0.79284,1.50,1.50
2012.07.12 05:35:05.521,0.79269,0.79284,1.50,1.50
2012.07.12 05:35:06.411,0.7927,0.79284,1.50,1.50
2012.07.12 05:35:07.094,0.79269,0.79284,1.50,1.50
2012.07.12 05:35:12.771,0.7927,0.79284,1.50,2.25
2012.07.12 05:35:13.334,0.79269,0.79284,1.50,2.25
2012.07.12 05:35:13.999,0.7927,0.79284,1.50,2.25
2012.07.12 05:35:14.503,0.79269,0.79284,1.50,2.25
2012.07.12 05:35:15.182,0.7927,0.79284,1.50,2.25
2012.07.12 05:35:15.691,0.79269,0.79284,1.50,2.25
2012.07.12 05:35:16.492,0.7927,0.79284,1.50,2.25
2012.07.12 05:35:19.072,0.79269,0.79284,1.50,2.25
2012.07.12 05:35:19.631,0.7927,0.79284,1.50,2.25
2012.07.12 05:35:20.173,0.79269,0.79284,1.50,2.25
2012.07.12 05:35:20.721,0.7927,0.79284,1.50,2.25
2012.07.12 05:35:21.223,0.79269,0.79284,1.50,2.25
2012.07.12 05:35:21.963,0.7927,0.79284,1.50,2.25
2012.07.12 05:35:22.402,0.79268,0.79284,1.50,2.25
2012.07.12 05:35:22.964,0.79268,0.79284,1.50,2.25
2012.07.12 05:35:23.506,0.79269,0.79284,1.50,2.25
2012.07.12 05:35:24.189,0.7927,0.79284,1.50,2.25
2012.07.12 05:35:25.053,0.79269,0.79284,1.50,2.25
2012.07.12 05:35:25.373,0.79267,0.79282,1.50,1.50
2012.07.12 05:35:25.911,0.79268,0.79282,1.50,1.50
2012.07.12 05:35:26.282,0.7927,0.79282,1.50,1.50
2012.07.12 05:35:26.814,0.79269,0.79282,1.50,1.50
2012.07.12 05:35:27.371,0.7927,0.79282,1.50,1.50
2012.07.12 05:35:28.064,0.79269,0.79284,1.50,2.25
2012.07.12 05:35:28.829,0.7927,0.79284,1.50,2.25
2012.07.12 05:35:39.363,0.79273,0.79284,1.50,2.25
2012.07.12 05:35:39.712,0.79271,0.79284,1.50,2.25
2012.07.12 05:35:39.901,0.79273,0.79284,1.50,2.25
2012.07.12 05:35:40.103,0.79271,0.79284,1.50,2.25
2012.07.12 05:35:41.314,0.79274,0.79284,1.50,2.25
2012.07.12 05:35:41.875,0.79273,0.79284,1.50,2.25
2012.07.12 05:35:42.399,0.79272,0.79284,1.50,2.25
2012.07.12 05:35:46.321,0.79274,0.79284,1.50,2.25
2012.07.12 05:35:46.993,0.79274,0.79284,3.00,1.50
2012.07.12 05:35:47.072,0.79279,0.7929,1.50,2.25
2012.07.12 05:35:47.215,0.79281,0.7929,1.50,2.25
2012.07.12 05:35:47.426,0.79285,0.79297,1.50,1.65
2012.07.12 05:35:47.499,0.79285,0.79298,1.50,2.25
2012.07.12 05:35:47.716,0.79288,0.79298,1.50,1.50
2012.07.12 05:35:47.995,0.79286,0.79298,1.50,1.50
2012.07.12 05:35:48.133,0.79284,0.79298,1.50,1.50
2012.07.12 05:35:48.348,0.79282,0.79298,1.50,1.50
2012.07.12 05:35:48.744,0.79283,0.79297,1.50,1.50
2012.07.12 05:35:48.884,0.79281,0.79296,3.75,1.50
2012.07.12 05:35:48.955,0.79281,0.79297,3.75,1.13
2012.07.12 05:35:49.027,0.79281,0.79297,3.75,1.13
2012.07.12 05:35:49.774,0.79282,0.79297,1.50,1.13
2012.07.12 05:35:56.566,0.79284,0.79296,1.50,1.50
2012.07.12 05:35:56.634,0.79284,0.79296,1.50,1.50
2012.07.12 05:35:56.823,0.79284,0.79297,1.50,1.50
2012.07.12 05:35:57.034,0.79282,0.79296,1.50,1.50
2012.07.12 05:35:57.584,0.79283,0.79296,1.50,1.50
2012.07.12 05:35:58.342,0.79282,0.79296,1.50,1.50
2012.07.12 05:35:59.521,0.79283,0.79296,1.50,1.50
2012.07.12 05:36:00.294,0.79282,0.79296,1.50,1.50
2012.07.12 05:36:00.843,0.79283,0.79296,1.50,1.50
2012.07.12 05:36:01.951,0.79282,0.79296,1.50,1.50
2012.07.12 05:36:02.472,0.79283,0.79297,1.50,1.50
2012.07.12 05:36:02.693,0.79281,0.79297,1.50,1.50
2012.07.12 05:36:17.409,0.7928,0.79296,1.50,1.50
2012.07.12 05:36:17.744,0.7928,0.79296,1.50,1.50
2012.07.12 05:36:33.352,0.7928,0.79296,1.50,1.50
2012.07.12 05:36:45.234,0.79283,0.79296,1.50,1.50
2012.07.12 05:36:45.788,0.79282,0.79296,1.50,1.50
2012.07.12 05:36:46.343,0.79283,0.79296,1.50,1.50
2012.07.12 05:36:46.663,0.79283,0.79296,1.50,1.50
2012.07.12 05:36:46.862,0.79282,0.79296,1.50,1.50
2012.07.12 05:36:50.033,0.79283,0.79296,1.50,1.50
2012.07.12 05:36:50.834,0.79283,0.79296,1.50,1.50
2012.07.12 05:36:51.047,0.7928,0.79291,1.50,2.25
2012.07.12 05:36:51.613,0.79279,0.79291,1.50,2.25
2012.07.12 05:36:56.864,0.7928,0.79291,1.50,2.25
2012.07.12 05:36:59.803,0.79279,0.79291,1.50,2.25
2012.07.12 05:37:00.197,0.79277,0.79291,3.00,2.25
2012.07.12 05:37:00.646,0.79279,0.79291,1.50,3.00
2012.07.12 05:37:04.892,0.79277,0.79291,1.50,3.00
2012.07.12 05:37:05.688,0.79278,0.79291,1.50,3.00
2012.07.12 05:37:06.304,0.79278,0.79294,1.50,1.13
2012.07.12 05:37:06.639,0.7928,0.79292,1.50,1.13
2012.07.12 05:37:07.202,0.79279,0.79292,1.50,1.13
2012.07.12 05:37:07.723,0.7928,0.79292,1.50,1.13
2012.07.12 05:37:08.272,0.79279,0.79292,1.50,1.13
2012.07.12 05:37:08.784,0.7928,0.79292,1.50,1.13
2012.07.12 05:37:10.072,0.79279,0.79292,1.50,1.88
2012.07.12 05:37:11.714,0.7928,0.79292,1.50,1.88
2012.07.12 05:37:12.367,0.7928,0.79292,1.50,1.88
2012.07.12 05:37:15.033,0.7928,0.79292,1.50,1.50
2012.07.12 05:37:15.760,0.79281,0.79292,1.50,1.50
2012.07.12 05:37:16.445,0.7928,0.79292,1.50,1.50
2012.07.12 05:37:17.118,0.79281,0.79292,1.50,1.50
2012.07.12 05:37:18.084,0.7928,0.79292,1.50,1.50
2012.07.12 05:37:21.495,0.79282,0.79293,1.50,1.13
2012.07.12 05:37:21.763,0.79282,0.79295,1.50,1.50
2012.07.12 05:37:22.577,0.79283,0.79297,1.50,2.63
2012.07.12 05:37:22.951,0.79281,0.79297,1.50,2.63
2012.07.12 05:37:25.334,0.79282,0.79295,1.50,1.50
2012.07.12 05:37:25.595,0.79284,0.79298,1.50,1.50
2012.07.12 05:37:25.667,0.79284,0.79298,1.50,1.50
2012.07.12 05:37:26.025,0.79286,0.79297,1.50,1.50
2012.07.12 05:37:26.163,0.79286,0.79299,1.50,1.88
2012.07.12 05:37:26.374,0.79284,0.793,3.00,1.13
2012.07.12 05:37:26.703,0.79283,0.79301,1.50,3.75
2012.07.12 05:37:27.252,0.79282,0.79297,1.50,1.50
2012.07.12 05:37:27.592,0.79281,0.79295,1.50,1.50
2012.07.12 05:37:27.975,0.79279,0.79295,1.50,1.50
2012.07.12 05:37:28.512,0.7928,0.79295,1.50,1.50
2012.07.12 05:37:32.833,0.79281,0.79295,3.00,1.50
2012.07.12 05:37:32.965,0.79284,0.79296,1.50,1.13
2012.07.12 05:37:33.175,0.79284,0.79299,3.00,2.25
2012.07.12 05:37:33.245,0.79284,0.79299,3.00,1.50
2012.07.12 05:37:33.314,0.79288,0.79299,1.50,1.50
2012.07.12 05:37:33.663,0.79291,0.79304,1.50,1.50
2012.07.12 05:37:34.193,0.79292,0.79304,1.50,1.50
2012.07.12 05:37:34.713,0.79291,0.79304,1.50,1.50
2012.07.12 05:37:35.866,0.79288,0.79304,1.50,1.65
2012.07.12 05:37:36.004,0.79288,0.79305,1.50,2.78
2012.07.12 05:37:36.133,0.79288,0.79305,1.50,1.88
2012.07.12 05:37:36.634,0.7929,0.79305,1.50,1.88
2012.07.12 05:37:37.145,0.79289,0.79305,1.50,1.88
2012.07.12 05:37:37.405,0.79285,0.79302,1.50,3.00
2012.07.12 05:37:37.817,0.79285,0.79299,1.50,1.50
2012.07.12 05:37:37.887,0.79285,0.79299,1.50,1.50
2012.07.12 05:37:38.244,0.79285,0.79299,1.50,1.50
2012.07.12 05:37:38.405,0.79285,0.79299,1.50,1.50
2012.07.12 05:37:39.045,0.79285,0.79299,1.50,1.50
2012.07.12 05:37:39.184,0.79285,0.79299,1.50,1.50
2012.07.12 05:37:39.802,0.79286,0.79299,1.50,1.50
2012.07.12 05:37:40.389,0.79286,0.79299,1.50,1.50
2012.07.12 05:37:42.709,0.79287,0.79301,1.50,3.00
2012.07.12 05:37:42.787,0.7929,0.79303,1.50,1.50
2012.07.12 05:37:42.868,0.79292,0.79304,1.50,2.63
2012.07.12 05:37:42.947,0.7929,0.79304,1.50,1.50
2012.07.12 05:37:43.514,0.79291,0.79304,1.50,1.50
2012.07.12 05:37:43.863,0.79289,0.79303,1.50,1.50
2012.07.12 05:37:44.515,0.79291,0.79303,1.50,1.50
2012.07.12 05:37:45.055,0.7929,0.79305,1.50,1.50
2012.07.12 05:37:45.804,0.79289,0.79304,1.50,1.50
2012.07.12 05:37:46.373,0.79287,0.79304,1.50,1.50
2012.07.12 05:37:47.182,0.79287,0.79304,1.50,1.50
2012.07.12 05:37:47.252,0.79287,0.79304,1.50,1.50
2012.07.12 05:37:48.212,0.79287,0.79304,1.50,1.50
2012.07.12 05:37:49.643,0.79286,0.79302,1.50,1.50
2012.07.12 05:37:49.985,0.79286,0.79299,1.50,1.50
2012.07.12 05:37:50.685,0.79287,0.79299,1.50,1.50
2012.07.12 05:37:51.283,0.79286,0.79299,1.50,1.50
2012.07.12 05:37:52.003,0.79287,0.79299,1.50,1.50
2012.07.12 05:37:52.604,0.79286,0.79299,1.50,1.50
2012.07.12 05:37:53.123,0.79287,0.79299,1.50,1.50
2012.07.12 05:37:53.672,0.79286,0.79299,1.50,1.50
2012.07.12 05:37:54.195,0.79287,0.79299,1.50,1.50
2012.07.12 05:37:54.324,0.79287,0.79299,1.50,1.50
2012.07.12 05:37:54.535,0.7929,0.79299,1.50,1.50
2012.07.12 05:37:54.674,0.79289,0.79303,1.50,1.50
2012.07.12 05:37:55.444,0.7929,0.79303,1.50,1.50
2012.07.12 05:37:55.866,0.79293,0.79304,1.50,1.50
2012.07.12 05:37:56.518,0.79293,0.79303,1.50,1.50
2012.07.12 05:37:56.653,0.7929,0.79303,1.50,1.50
2012.07.12 05:37:57.545,0.79291,0.79306,1.50,1.50
2012.07.12 05:38:02.212,0.7929,0.79306,1.50,1.50
2012.07.12 05:38:02.726,0.79289,0.79305,3.00,1.50
2012.07.12 05:38:03.043,0.79291,0.79305,1.50,1.50
2012.07.12 05:38:03.554,0.7929,0.79305,1.50,1.50
2012.07.12 05:38:03.883,0.79289,0.79305,1.50,1.50
2012.07.12 05:38:04.935,0.79291,0.79305,1.50,1.50
2012.07.12 05:38:06.945,0.7929,0.79305,1.50,1.50
2012.07.12 05:38:07.132,0.79291,0.79305,1.50,1.50
2012.07.12 05:38:07.859,0.7929,0.79305,1.50,1.50
2012.07.12 05:38:08.528,0.79291,0.79305,1.50,1.50
2012.07.12 05:38:10.463,0.7929,0.79305,1.50,1.50
2012.07.12 05:38:10.834,0.79287,0.79305,1.50,1.50
2012.07.12 05:38:11.275,0.79289,0.79305,1.50,1.50
2012.07.12 05:38:11.606,0.7929,0.79305,3.00,1.50
2012.07.12 05:38:11.752,0.79292,0.79305,1.50,1.50
2012.07.12 05:38:12.253,0.79291,0.79305,1.50,1.50
2012.07.12 05:38:13.213,0.7929,0.79305,1.50,1.50
2012.07.12 05:38:15.325,0.7929,0.79305,1.50,1.50
2012.07.12 05:38:16.134,0.79289,0.79305,1.50,1.50
2012.07.12 05:38:16.663,0.7929,0.79305,1.50,1.50
2012.07.12 05:38:19.123,0.79289,0.79305,1.50,1.50
2012.07.12 05:38:19.658,0.79288,0.79305,1.50,1.50
2012.07.12 05:38:19.867,0.79288,0.79305,1.50,1.50
2012.07.12 05:38:20.056,0.79291,0.79305,1.50,1.50
2012.07.12 05:38:20.454,0.79289,0.79305,3.00,1.50
2012.07.12 05:38:21.253,0.7929,0.79305,1.50,1.50
2012.07.12 05:38:21.785,0.79289,0.79305,1.50,1.50
2012.07.12 05:38:24.492,0.7929,0.79305,1.50,1.50
2012.07.12 05:38:24.755,0.79286,0.79305,1.50,2.03
2012.07.12 05:38:25.227,0.79286,0.79302,1.50,1.50
2012.07.12 05:38:25.585,0.79288,0.79305,1.50,2.25
2012.07.12 05:38:25.993,0.79291,0.79305,1.50,1.88
2012.07.12 05:38:26.515,0.79289,0.79305,1.50,1.88
2012.07.12 05:38:27.414,0.79291,0.79305,1.50,1.88
2012.07.12 05:38:27.688,0.7929,0.79305,1.50,1.50
2012.07.12 05:38:27.834,0.79292,0.79305,1.50,1.50
2012.07.12 05:38:28.347,0.79293,0.79305,1.50,1.50
2012.07.12 05:38:28.613,0.7929,0.79305,1.50,1.50
2012.07.12 05:38:33.523,0.7929,0.79306,1.50,1.50
2012.07.12 05:38:33.783,0.79291,0.79306,1.50,2.25
2012.07.12 05:38:33.923,0.79288,0.79306,1.50,2.63
2012.07.12 05:38:34.182,0.7929,0.79306,1.50,2.63
2012.07.12 05:38:34.703,0.79289,0.79306,3.00,2.63
2012.07.12 05:38:35.054,0.79291,0.79306,1.50,2.63
2012.07.12 05:38:35.927,0.79291,0.79306,1.50,2.63
2012.07.12 05:38:36.242,0.79293,0.79306,1.50,1.50
2012.07.12 05:38:36.805,0.79292,0.79307,1.50,1.50
2012.07.12 05:38:37.261,0.79295,0.79307,1.50,1.50
2012.07.12 05:38:37.404,0.79293,0.79307,1.50,1.50
2012.07.12 05:38:37.535,0.79295,0.79307,1.50,1.50
2012.07.12 05:38:38.111,0.79294,0.79307,1.50,1.50
2012.07.12 05:38:38.606,0.79292,0.79307,1.50,1.50
2012.07.12 05:38:41.265,0.79293,0.79307,1.50,1.50
2012.07.12 05:38:41.694,0.79296,0.79307,1.50,1.50
2012.07.12 05:38:41.767,0.79296,0.79307,1.50,1.50
2012.07.12 05:38:42.400,0.79299,0.79311,1.50,1.50
2012.07.12 05:38:42.479,0.79305,0.79313,3.00,1.50
2012.07.12 05:38:42.557,0.79305,0.79319,4.50,2.25
2012.07.12 05:38:42.628,0.79308,0.7932,1.50,2.25
2012.07.12 05:38:42.709,0.79306,0.79319,1.50,1.50
2012.07.12 05:38:42.789,0.79308,0.79319,1.50,1.50
2012.07.12 05:38:43.126,0.79309,0.7932,1.50,2.25
2012.07.12 05:38:43.384,0.79306,0.7932,1.50,2.25
2012.07.12 05:38:43.934,0.79307,0.7932,1.50,2.25
2012.07.12 05:38:44.065,0.79307,0.7932,1.50,3.00
2012.07.12 05:38:44.136,0.79305,0.7932,1.50,3.00
2012.07.12 05:38:44.474,0.79304,0.79319,1.50,1.50
2012.07.12 05:38:45.037,0.79305,0.79319,1.50,1.50
2012.07.12 05:38:45.456,0.79303,0.79319,1.50,1.50
2012.07.12 05:38:46.605,0.79304,0.79319,1.50,1.50
2012.07.12 05:38:49.055,0.79303,0.79319,1.50,1.50
2012.07.12 05:38:49.124,0.79301,0.79319,3.75,1.50
2012.07.12 05:38:49.687,0.79302,0.79319,1.50,1.50
2012.07.12 05:38:51.389,0.79305,0.79318,1.50,1.50
2012.07.12 05:39:00.558,0.79302,0.79317,1.50,2.25
2012.07.12 05:39:01.089,0.79303,0.79317,1.50,2.25
2012.07.12 05:39:03.255,0.79301,0.79317,5.25,2.25
2012.07.12 05:39:04.003,0.79302,0.79317,1.50,2.25
2012.07.12 05:39:10.823,0.79301,0.79317,3.75,2.25
2012.07.12 05:39:11.384,0.79301,0.79315,2.25,1.50
2012.07.12 05:39:11.516,0.79301,0.79314,2.25,1.50
2012.07.12 05:39:11.645,0.79298,0.79314,2.25,1.50
2012.07.12 05:39:12.046,0.79297,0.79311,2.25,3.00
2012.07.12 05:39:12.264,0.79299,0.79314,1.50,1.50
2012.07.12 05:39:12.332,0.79299,0.79314,1.50,1.50
2012.07.12 05:39:12.474,0.79297,0.79314,1.50,3.00
2012.07.12 05:39:12.544,0.793,0.79314,1.50,1.50
2012.07.12 05:39:13.092,0.79299,0.79314,1.50,1.50
2012.07.12 05:39:14.184,0.793,0.79314,1.50,1.50
2012.07.12 05:39:14.754,0.79299,0.79314,1.50,1.50
2012.07.12 05:39:15.271,0.793,0.79314,1.50,1.50
2012.07.12 05:39:15.821,0.79299,0.79314,1.50,1.50
2012.07.12 05:39:16.432,0.793,0.79314,1.50,1.50
2012.07.12 05:39:17.034,0.79299,0.79314,1.50,1.50
2012.07.12 05:39:17.582,0.793,0.79314,1.50,1.50
2012.07.12 05:39:18.385,0.79299,0.79314,1.50,1.50
2012.07.12 05:39:18.525,0.79297,0.79312,1.50,1.50
2012.07.12 05:39:18.598,0.79295,0.7931,2.63,3.00
2012.07.12 05:39:18.953,0.79309,0.79322,1.50,1.88
2012.07.12 05:39:19.096,0.79302,0.79317,1.50,3.00
2012.07.12 05:39:19.165,0.793,0.79317,1.50,3.75
2012.07.12 05:39:19.237,0.79299,0.79316,1.50,1.13
2012.07.12 05:39:19.782,0.79298,0.79316,2.25,3.38
2012.07.12 05:39:20.349,0.79299,0.79316,1.50,1.88
2012.07.12 05:39:21.134,0.793,0.79316,1.50,1.88
2012.07.12 05:39:21.663,0.79301,0.79316,1.50,2.63
2012.07.12 05:39:21.802,0.79299,0.79316,1.50,2.63
2012.07.12 05:39:22.364,0.793,0.79316,1.50,1.88
2012.07.12 05:39:22.912,0.79299,0.79316,1.50,1.88
2012.07.12 05:39:23.463,0.793,0.79316,1.50,2.63
2012.07.12 05:39:23.983,0.79299,0.79316,1.50,1.88
2012.07.12 05:39:24.257,0.79301,0.79316,1.50,1.88
2012.07.12 05:39:25.024,0.79301,0.79315,1.50,1.50
2012.07.12 05:39:26.973,0.79299,0.79315,1.50,1.50
2012.07.12 05:39:27.173,0.79301,0.79315,1.50,1.50
2012.07.12 05:39:28.082,0.79301,0.79315,1.50,1.50
2012.07.12 05:39:33.895,0.79302,0.79315,1.50,1.50
2012.07.12 05:39:34.245,0.79305,0.79316,1.50,1.50
2012.07.12 05:39:34.329,0.79305,0.79318,1.50,1.50
2012.07.12 05:39:34.408,0.79307,0.79318,1.88,1.50
2012.07.12 05:39:34.768,0.79315,0.79327,2.25,1.50
2012.07.12 05:39:34.848,0.79318,0.79329,1.50,1.13
2012.07.12 05:39:34.926,0.79318,0.79333,1.50,1.50
2012.07.12 05:39:36.452,0.79318,0.79335,3.75,2.25
2012.07.12 05:39:36.662,0.79321,0.79336,2.25,1.50
2012.07.12 05:39:37.725,0.79321,0.79336,2.25,1.50
2012.07.12 05:39:37.933,0.79322,0.79338,1.50,4.88
2012.07.12 05:39:38.685,0.79322,0.79338,2.25,2.25
2012.07.12 05:39:39.214,0.79322,0.7934,2.25,5.63
2012.07.12 05:39:40.122,0.79321,0.79339,4.88,1.88
2012.07.12 05:39:40.894,0.79322,0.79338,1.13,1.13
2012.07.12 05:39:48.152,0.79321,0.79338,3.75,1.88
2012.07.12 05:39:48.672,0.7932,0.79338,2.25,7.88
2012.07.12 05:39:48.953,0.79318,0.79336,2.63,1.50
2012.07.12 05:39:49.493,0.79319,0.79337,2.25,2.25
2012.07.12 05:39:56.651,0.79318,0.79336,3.38,1.50
2012.07.12 05:39:57.220,0.79319,0.79335,1.13,1.13
2012.07.12 05:40:01.172,0.79316,0.7933,2.25,2.25
2012.07.12 05:40:01.246,0.79316,0.79332,2.25,2.25
2012.07.12 05:40:01.313,0.79316,0.79332,1.50,3.00
2012.07.12 05:40:01.455,0.79313,0.79329,2.25,2.25
2012.07.12 05:40:01.595,0.79311,0.79326,1.50,1.50
2012.07.12 05:40:02.143,0.7931,0.79327,3.38,2.25
2012.07.12 05:40:02.693,0.7931,0.79328,4.88,3.38
2012.07.12 05:40:03.232,0.79312,0.79328,1.50,1.50
2012.07.12 05:40:03.763,0.79311,0.79327,1.50,2.25
2012.07.12 05:40:04.044,0.7931,0.79325,1.50,1.13
2012.07.12 05:40:04.374,0.79308,0.79325,1.65,2.63
2012.07.12 05:40:04.445,0.79308,0.79325,1.65,1.88
2012.07.12 05:40:04.517,0.79312,0.79327,1.50,2.63
2012.07.12 05:40:04.863,0.79315,0.7933,1.50,2.25
2012.07.12 05:40:05.404,0.79314,0.7933,1.50,3.75
2012.07.12 05:40:13.572,0.79315,0.7933,1.50,2.25
2012.07.12 05:40:14.057,0.79317,0.79332,2.25,1.50
2012.07.12 05:40:14.623,0.79317,0.79334,1.13,2.63
2012.07.12 05:40:17.323,0.79318,0.79334,1.50,2.63
2012.07.12 05:40:24.831,0.79318,0.79334,1.50,1.88
2012.07.12 05:40:25.413,0.79319,0.79335,1.50,1.50
2012.07.12 05:40:26.723,0.79316,0.79334,4.50,1.50
2012.07.12 05:40:26.794,0.79318,0.79334,1.50,1.50
2012.07.12 05:40:27.644,0.79316,0.79332,4.50,1.50
2012.07.12 05:40:27.989,0.79316,0.7933,1.88,3.75
2012.07.12 05:40:28.596,0.79316,0.79329,1.88,1.50
2012.07.12 05:40:29.153,0.79316,0.7933,1.88,2.25
2012.07.12 05:40:34.941,0.79316,0.7933,1.13,2.25
2012.07.12 05:40:46.275,0.79317,0.7933,1.50,2.25
2012.07.12 05:40:46.356,0.79317,0.79333,3.00,1.50
2012.07.12 05:40:46.488,0.79317,0.79335,3.00,2.25
2012.07.12 05:40:46.693,0.7932,0.79336,1.50,6.38
2012.07.12 05:40:47.035,0.79319,0.79335,1.50,3.38
2012.07.12 05:40:47.553,0.79317,0.79333,4.50,2.25
2012.07.12 05:40:54.966,0.79317,0.79335,2.25,3.38
2012.07.12 05:40:58.971,0.79317,0.79334,1.50,2.25
2012.07.12 05:40:59.765,0.79316,0.79334,2.25,3.00
2012.07.12 05:41:15.483,0.79315,0.79333,3.00,2.25
2012.07.12 05:41:27.282,0.79316,0.79332,2.25,1.50
2012.07.12 05:41:27.684,0.79314,0.7933,1.50,1.50
2012.07.12 05:41:28.227,0.79311,0.79329,2.25,1.88
2012.07.12 05:41:33.483,0.79312,0.79328,2.25,1.50
2012.07.12 05:41:34.045,0.7931,0.79327,5.25,2.25
2012.07.12 05:41:34.463,0.7931,0.79325,3.75,1.50
2012.07.12 05:41:34.539,0.7931,0.79327,3.75,2.25
2012.07.12 05:41:38.552,0.79311,0.79329,3.75,1.88
2012.07.12 05:41:39.063,0.79313,0.79329,1.50,1.88
2012.07.12 05:41:39.664,0.79312,0.79328,2.25,1.50
2012.07.12 05:41:43.554,0.79312,0.7933,2.25,4.13
2012.07.12 05:41:46.212,0.79312,0.79328,2.25,1.50
2012.07.12 05:41:46.732,0.79313,0.79329,1.50,1.88
2012.07.12 05:41:47.510,0.79311,0.79329,3.75,1.88
2012.07.12 05:41:48.133,0.79313,0.79329,1.50,1.88
2012.07.12 05:41:53.519,0.79311,0.79329,2.25,1.88
2012.07.12 05:41:54.293,0.79311,0.79327,2.25,1.50
2012.07.12 05:41:54.543,0.79311,0.79329,2.25,1.88
2012.07.12 05:41:57.463,0.79313,0.79329,1.50,1.88
2012.07.12 05:41:58.012,0.79312,0.79328,2.25,1.50
2012.07.12 05:41:59.992,0.79312,0.7933,2.25,2.63
2012.07.12 05:42:02.094,0.7931,0.79328,4.50,1.50
2012.07.12 05:42:02.734,0.79311,0.79329,2.25,1.88
2012.07.12 05:42:02.803,0.79311,0.79327,2.25,1.50
2012.07.12 05:42:09.501,0.79312,0.79328,2.25,1.50
2012.07.12 05:42:11.065,0.7931,0.79326,3.00,1.50
2012.07.12 05:42:11.982,0.7931,0.79327,3.00,3.00
2012.07.12 05:42:12.504,0.79311,0.79327,1.50,1.50
2012.07.12 05:42:13.033,0.79311,0.79326,1.50,1.50
2012.07.12 05:42:13.544,0.79311,0.79327,1.50,1.50
2012.07.12 05:42:19.843,0.79311,0.79329,3.00,4.13
2012.07.12 05:42:22.354,0.79311,0.79327,2.25,1.50
2012.07.12 05:42:28.833,0.79312,0.79328,1.50,1.13
2012.07.12 05:42:29.372,0.7931,0.79328,6.00,2.63
2012.07.12 05:42:29.675,0.79313,0.79328,1.50,1.13
2012.07.12 05:42:30.141,0.79311,0.79328,2.25,1.13
2012.07.12 05:42:32.305,0.79311,0.79328,2.25,1.13
2012.07.12 05:42:33.443,0.79311,0.79328,2.25,2.63
2012.07.12 05:42:34.094,0.79312,0.79328,1.50,2.63
2012.07.12 05:42:36.508,0.79313,0.79328,1.50,2.63
2012.07.12 05:42:41.420,0.79313,0.79328,1.50,1.13
2012.07.12 05:42:44.260,0.79311,0.79328,3.75,1.13
2012.07.12 05:42:46.451,0.79312,0.79328,1.50,1.13
2012.07.12 05:42:46.961,0.79311,0.79328,2.25,1.13
2012.07.12 05:42:47.582,0.7931,0.79324,2.25,1.50
2012.07.12 05:42:47.924,0.79303,0.7932,1.50,1.13
2012.07.12 05:42:50.723,0.79301,0.79319,3.00,1.88
2012.07.12 05:42:51.231,0.79302,0.7932,1.50,2.63
2012.07.12 05:42:52.223,0.79302,0.79318,1.50,1.50
2012.07.12 05:42:52.724,0.79301,0.79319,3.00,1.88
2012.07.12 05:42:53.188,0.79303,0.7932,1.06,3.38
2012.07.12 05:42:53.545,0.7931,0.79322,1.50,1.13
2012.07.12 05:42:53.614,0.79308,0.79322,1.50,1.13
2012.07.12 05:42:54.297,0.79308,0.79323,1.50,1.13
2012.07.12 05:42:54.377,0.79308,0.79322,1.50,1.13
2012.07.12 05:42:54.787,0.79306,0.79319,2.25,2.63
2012.07.12 05:42:54.867,0.79301,0.79319,4.50,2.63
2012.07.12 05:42:54.944,0.79301,0.79319,3.75,2.63
2012.07.12 05:42:55.482,0.79302,0.7932,1.50,5.63
2012.07.12 05:43:00.665,0.79302,0.7932,1.81,4.88
2012.07.12 05:43:01.015,0.79308,0.79322,1.50,1.13
2012.07.12 05:43:01.551,0.79307,0.79322,1.50,1.13
2012.07.12 05:43:02.303,0.79308,0.79322,1.50,1.13
2012.07.12 05:43:02.996,0.79307,0.79322,1.50,1.13
2012.07.12 05:43:04.663,0.79306,0.79322,4.50,1.13
2012.07.12 05:43:05.307,0.79307,0.79322,1.50,1.13
2012.07.12 05:43:07.663,0.79306,0.79322,4.50,1.13
2012.07.12 05:43:09.026,0.79306,0.79322,4.50,3.38
2012.07.12 05:43:10.935,0.79306,0.79321,4.50,1.50
2012.07.12 05:43:11.145,0.79302,0.79316,1.06,1.50
2012.07.12 05:43:11.357,0.793,0.79316,3.00,1.50
2012.07.12 05:43:11.894,0.793,0.79316,2.25,1.50
2012.07.12 05:43:12.177,0.793,0.79312,2.25,1.13
2012.07.12 05:43:12.526,0.79297,0.79308,1.50,2.63
2012.07.12 05:43:12.607,0.7929,0.79306,3.75,2.25
2012.07.12 05:43:13.175,0.79288,0.79306,2.25,1.50
2012.07.12 05:43:13.246,0.79291,0.79306,2.25,2.25
2012.07.12 05:43:13.593,0.79291,0.79308,2.25,2.63
2012.07.12 05:43:13.733,0.79291,0.79308,2.25,2.63
2012.07.12 05:43:16.613,0.79291,0.79307,3.75,2.25
2012.07.12 05:43:29.865,0.79291,0.79305,2.25,2.25
2012.07.12 05:43:32.436,0.79291,0.79307,3.75,2.25
2012.07.12 05:43:32.575,0.79293,0.79309,1.50,2.25
2012.07.12 05:43:32.834,0.79293,0.79309,1.50,1.50
2012.07.12 05:43:33.764,0.79292,0.79308,1.50,1.50
2012.07.12 05:43:38.731,0.79292,0.79308,2.25,1.50
2012.07.12 05:43:38.981,0.79292,0.7931,2.25,4.50
2012.07.12 05:43:39.613,0.79291,0.79309,7.88,1.50
2012.07.12 05:43:41.452,0.79292,0.7931,2.25,6.00
2012.07.12 05:43:42.069,0.79292,0.7931,2.25,4.50
2012.07.12 05:43:44.393,0.79292,0.7931,1.50,4.50
2012.07.12 05:43:44.874,0.79291,0.79305,2.25,1.50
2012.07.12 05:43:45.649,0.79291,0.79307,2.25,2.25
2012.07.12 05:43:50.163,0.79291,0.79307,2.25,1.50
2012.07.12 05:43:56.944,0.79292,0.7931,1.50,4.50
2012.07.12 05:43:57.738,0.79291,0.79309,3.75,2.25
2012.07.12 05:44:02.533,0.79292,0.7931,1.50,6.00
2012.07.12 05:44:03.882,0.79291,0.79309,3.75,2.25
2012.07.12 05:44:04.913,0.79292,0.7931,1.50,4.50
2012.07.12 05:44:13.541,0.79293,0.79309,1.50,2.25
2012.07.12 05:44:15.142,0.79292,0.79308,1.50,2.25
2012.07.12 05:44:22.081,0.79291,0.79309,3.75,2.25
2012.07.12 05:44:22.762,0.79293,0.79309,1.50,2.25
2012.07.12 05:44:23.335,0.79292,0.7931,1.50,4.50
2012.07.12 05:44:23.870,0.79293,0.79309,1.50,2.25
2012.07.12 05:44:24.741,0.79292,0.79308,1.50,2.25
2012.07.12 05:44:25.472,0.79295,0.7931,1.50,3.00
2012.07.12 05:44:25.603,0.79296,0.7931,1.50,3.00
2012.07.12 05:44:25.915,0.79298,0.7931,1.50,2.25
2012.07.12 05:44:26.195,0.793,0.79315,1.50,1.50
2012.07.12 05:44:26.265,0.79298,0.79315,1.50,1.50
2012.07.12 05:44:26.394,0.79298,0.79315,1.50,1.50
2012.07.12 05:44:29.124,0.79298,0.79315,1.50,2.25
2012.07.12 05:44:29.193,0.79298,0.79315,1.50,3.38
2012.07.12 05:44:29.565,0.79292,0.7931,3.00,2.25
2012.07.12 05:44:30.087,0.79292,0.7931,1.50,1.50
2012.07.12 05:44:30.225,0.79295,0.79311,1.50,3.75
2012.07.12 05:44:31.734,0.79293,0.79311,1.50,3.75
2012.07.12 05:44:32.123,0.79295,0.79311,1.50,3.75
2012.07.12 05:44:34.062,0.79293,0.79311,1.50,4.50
2012.07.12 05:44:35.282,0.79294,0.79311,1.50,3.00
2012.07.12 05:44:36.210,0.79294,0.7931,1.50,1.50
2012.07.12 05:44:46.817,0.79294,0.79311,1.50,3.00
2012.07.12 05:44:47.554,0.79294,0.7931,1.50,1.50
2012.07.12 05:44:48.258,0.79295,0.79311,1.50,4.50
2012.07.12 05:44:48.764,0.79294,0.79311,1.50,3.00
2012.07.12 05:44:49.943,0.79293,0.79311,1.50,4.50
2012.07.12 05:44:50.076,0.79295,0.79311,1.50,4.50
2012.07.12 05:44:50.404,0.79293,0.79311,1.50,4.50
2012.07.12 05:44:50.533,0.79295,0.79311,1.50,4.50
2012.07.12 05:44:50.603,0.79293,0.79311,1.50,5.25
2012.07.12 05:44:51.222,0.79294,0.79311,1.50,3.75
2012.07.12 05:44:51.761,0.79294,0.7931,1.50,1.50
2012.07.12 05:44:52.421,0.79295,0.79311,1.50,5.25
2012.07.12 05:44:52.955,0.79294,0.7931,1.50,1.50
2012.07.12 05:44:53.473,0.79293,0.79311,2.25,5.25
2012.07.12 05:44:56.303,0.79294,0.79311,1.50,3.75
2012.07.12 05:44:56.975,0.79294,0.7931,1.50,1.50
2012.07.12 05:44:57.535,0.79293,0.79311,1.50,5.25
2012.07.12 05:44:58.335,0.79291,0.79309,1.50,1.50
2012.07.12 05:44:58.655,0.7929,0.79307,2.25,1.50
2012.07.12 05:44:59.174,0.79291,0.79309,1.50,2.63
2012.07.12 05:45:31.414,0.79293,0.79308,1.50,1.13
2012.07.12 05:45:31.928,0.79292,0.79308,1.50,2.63
2012.07.12 05:45:32.812,0.79293,0.79308,1.50,1.13
2012.07.12 05:45:33.343,0.79295,0.7931,1.50,1.88
2012.07.12 05:45:33.865,0.79293,0.7931,1.50,1.88
2012.07.12 05:45:35.063,0.79291,0.79309,3.00,2.25
2012.07.12 05:45:35.728,0.79293,0.79309,1.50,2.25
2012.07.12 05:45:38.523,0.79291,0.79309,1.50,2.25
2012.07.12 05:45:39.992,0.79293,0.79309,1.50,2.25
2012.07.12 05:45:47.641,0.79292,0.79308,1.50,2.25
2012.07.12 05:45:48.182,0.79293,0.79309,1.50,2.25
2012.07.12 05:45:54.881,0.79292,0.79308,1.50,2.25
2012.07.12 05:46:01.301,0.79291,0.79309,1.50,2.25
2012.07.12 05:46:01.633,0.7929,0.79307,2.25,2.40
2012.07.12 05:46:01.904,0.79286,0.79303,4.50,1.50
2012.07.12 05:46:02.234,0.79289,0.79304,1.50,1.50
2012.07.12 05:46:02.590,0.79291,0.79305,3.75,1.13
2012.07.12 05:46:03.225,0.79287,0.79304,1.50,1.50
2012.07.12 05:46:03.297,0.79286,0.79304,6.00,1.50
2012.07.12 05:46:03.697,0.79286,0.79302,3.75,1.50
2012.07.12 05:46:04.239,0.79286,0.79304,5.25,2.25
2012.07.12 05:46:07.953,0.79287,0.79305,1.50,4.50
2012.07.12 05:46:08.713,0.79288,0.79304,1.50,2.25
2012.07.12 05:46:09.254,0.79287,0.79303,1.50,2.25
2012.07.12 05:46:20.507,0.79288,0.79304,1.50,2.25
2012.07.12 05:46:20.786,0.79286,0.79304,4.50,2.25
2012.07.12 05:46:21.165,0.79288,0.79304,1.50,2.25
2012.07.12 05:46:21.760,0.79287,0.79303,1.50,2.25
2012.07.12 05:46:28.518,0.79288,0.79304,1.50,2.25
2012.07.12 05:46:29.073,0.79287,0.79303,1.50,2.25
2012.07.12 05:46:29.615,0.79288,0.79304,1.50,2.25
2012.07.12 05:46:30.137,0.79288,0.79304,3.38,2.25
2012.07.12 05:46:30.497,0.79292,0.79308,2.25,4.20
2012.07.12 05:46:30.577,0.79289,0.79306,3.75,1.58
2012.07.12 05:46:31.355,0.7929,0.79306,1.50,1.50
2012.07.12 05:46:32.298,0.79289,0.79306,2.25,3.00
2012.07.12 05:46:32.659,0.79291,0.79306,1.50,1.50
2012.07.12 05:46:33.645,0.7929,0.79306,1.50,1.50
2012.07.12 05:46:34.167,0.79291,0.79306,1.50,1.50
2012.07.12 05:46:34.770,0.79288,0.79305,1.50,4.50
2012.07.12 05:46:34.978,0.79287,0.79303,2.25,1.50
2012.07.12 05:46:35.768,0.79288,0.79305,1.50,4.50
2012.07.12 05:46:36.706,0.79287,0.79303,2.25,2.25
2012.07.12 05:46:41.443,0.79288,0.79304,1.50,3.00
2012.07.12 05:46:46.172,0.79286,0.79304,2.63,2.25
2012.07.12 05:46:50.264,0.79288,0.79304,1.50,2.25
2012.07.12 05:46:50.979,0.79286,0.79304,2.63,2.25
2012.07.12 05:46:54.512,0.79288,0.79304,1.50,2.25
2012.07.12 05:46:55.042,0.79287,0.79303,2.25,2.25
2012.07.12 05:46:59.514,0.79287,0.79303,2.25,3.38
2012.07.12 05:46:59.729,0.79284,0.793,3.00,2.63
2012.07.12 05:46:59.807,0.79284,0.79296,3.00,3.00
2012.07.12 05:46:59.996,0.79282,0.79295,1.43,1.50
2012.07.12 05:47:00.256,0.7928,0.79295,2.25,2.25
2012.07.12 05:47:00.536,0.7928,0.79296,3.00,1.50
2012.07.12 05:47:00.883,0.7928,0.79298,4.50,2.25
2012.07.12 05:47:01.023,0.7928,0.79296,4.50,1.50
2012.07.12 05:47:01.374,0.7928,0.79296,4.50,3.00
2012.07.12 05:47:04.765,0.7928,0.79295,2.25,1.50
2012.07.12 05:47:04.905,0.79281,0.79297,1.50,1.50
2012.07.12 05:47:05.303,0.7928,0.79296,3.75,2.25
2012.07.12 05:47:05.823,0.7928,0.79296,3.75,1.50
2012.07.12 05:47:06.371,0.7928,0.79297,2.25,2.25
2012.07.12 05:47:10.815,0.79281,0.79297,1.50,2.25
2012.07.12 05:47:11.705,0.7928,0.79298,3.75,2.25
2012.07.12 05:47:32.994,0.7928,0.79298,3.75,1.50
2012.07.12 05:47:33.431,0.79282,0.79299,1.50,3.38
2012.07.12 05:47:33.904,0.7928,0.79296,5.25,1.50
2012.07.12 05:47:34.691,0.79281,0.79297,1.50,1.50
2012.07.12 05:47:40.313,0.79282,0.79299,1.50,5.63
2012.07.12 05:47:40.443,0.79281,0.79299,1.50,5.63
2012.07.12 05:47:42.491,0.79281,0.79299,1.50,5.63
2012.07.12 05:47:42.564,0.79283,0.79299,1.50,5.63
2012.07.12 05:47:43.083,0.79282,0.79298,1.50,1.50
2012.07.12 05:47:44.535,0.79282,0.79298,1.50,2.25
2012.07.12 05:47:46.563,0.79282,0.79298,1.50,1.50
2012.07.12 05:47:47.083,0.79283,0.79299,1.50,4.88
2012.07.12 05:47:47.689,0.79282,0.79298,1.50,1.50
2012.07.12 05:47:48.192,0.79282,0.79299,1.50,3.38
2012.07.12 05:47:48.722,0.79282,0.79298,1.50,1.50
2012.07.12 05:47:51.752,0.79282,0.79299,1.50,3.38
2012.07.12 05:47:52.368,0.79281,0.79299,1.50,4.88
2012.07.12 05:47:54.534,0.79283,0.79299,1.50,4.88
2012.07.12 05:47:54.606,0.79281,0.79299,1.50,4.88
2012.07.12 05:47:56.322,0.79281,0.79299,1.50,5.63
2012.07.12 05:48:01.774,0.7928,0.79296,3.75,1.50
2012.07.12 05:48:01.903,0.7928,0.79298,3.75,2.25
2012.07.12 05:48:05.314,0.79281,0.79299,1.50,4.88
2012.07.12 05:48:07.302,0.79282,0.79299,1.50,3.38
2012.07.12 05:48:08.108,0.79282,0.79299,1.50,3.38
2012.07.12 05:48:08.622,0.79281,0.79299,1.50,4.88
2012.07.12 05:48:14.823,0.79281,0.79299,1.50,4.88
2012.07.12 05:48:14.963,0.7928,0.79296,3.75,1.50
2012.07.12 05:48:15.469,0.79281,0.79297,1.50,1.50
2012.07.12 05:48:16.088,0.7928,0.79298,3.75,2.25
2012.07.12 05:48:16.446,0.7928,0.79296,3.75,1.50
2012.07.12 05:48:16.812,0.7928,0.79298,3.75,2.25
2012.07.12 05:48:17.042,0.7928,0.79296,2.25,1.50
2012.07.12 05:48:17.807,0.7928,0.79295,2.25,1.50
2012.07.12 05:48:18.469,0.7928,0.79296,2.25,1.50
2012.07.12 05:48:30.918,0.7928,0.79296,2.25,2.25
2012.07.12 05:48:34.196,0.7928,0.79294,2.25,3.75
2012.07.12 05:48:34.346,0.79275,0.7929,3.75,1.50
2012.07.12 05:48:34.883,0.79275,0.79291,3.75,3.00
2012.07.12 05:48:37.227,0.79276,0.79292,1.50,3.00
2012.07.12 05:48:37.892,0.79276,0.79292,1.50,2.25
2012.07.12 05:48:38.416,0.79275,0.79292,3.00,2.25
2012.07.12 05:48:38.969,0.79276,0.79292,1.50,2.25
2012.07.12 05:48:41.710,0.79275,0.79292,3.00,3.00
2012.07.12 05:48:46.013,0.79275,0.79291,4.50,2.63
2012.07.12 05:48:54.204,0.79275,0.79289,4.50,1.13
2012.07.12 05:48:54.347,0.79271,0.79285,1.50,1.50
2012.07.12 05:48:54.863,0.7927,0.79287,2.25,3.00
2012.07.12 05:48:55.561,0.79271,0.79287,1.50,3.00
2012.07.12 05:48:57.084,0.79269,0.79287,1.50,3.00
2012.07.12 05:48:57.244,0.79271,0.79287,1.50,1.50
2012.07.12 05:48:59.900,0.7927,0.79286,1.50,2.25
2012.07.12 05:49:03.257,0.79268,0.79285,2.25,2.25
2012.07.12 05:49:03.406,0.79267,0.79283,6.00,1.50
2012.07.12 05:49:03.953,0.79267,0.79284,4.50,2.25
2012.07.12 05:49:04.457,0.79267,0.79283,6.00,1.50
2012.07.12 05:49:05.147,0.79268,0.79284,2.25,2.25
2012.07.12 05:49:06.443,0.79268,0.79284,2.25,3.00
2012.07.12 05:49:06.586,0.79266,0.79282,2.25,3.00
2012.07.12 05:49:10.744,0.79265,0.79282,1.50,3.75
2012.07.12 05:49:10.885,0.79265,0.79281,1.50,2.25
2012.07.12 05:49:11.095,0.7926,0.79276,1.50,2.25
2012.07.12 05:49:11.236,0.79258,0.79275,2.63,2.25
2012.07.12 05:49:11.834,0.79259,0.79275,1.88,2.25
2012.07.12 05:49:12.105,0.79261,0.79277,1.50,6.00
2012.07.12 05:49:12.305,0.79261,0.79277,1.50,3.75
2012.07.12 05:49:12.823,0.79262,0.79277,1.50,3.00
2012.07.12 05:49:13.094,0.7926,0.79277,1.50,3.00
2012.07.12 05:49:13.673,0.7926,0.79275,1.50,1.50
2012.07.12 05:49:13.818,0.79257,0.79272,1.50,2.25
2012.07.12 05:49:14.303,0.79259,0.79272,1.50,2.25
2012.07.12 05:49:15.225,0.79258,0.79272,1.50,2.25
2012.07.12 05:49:15.784,0.79259,0.79272,1.50,2.25
2012.07.12 05:49:16.234,0.7926,0.79272,2.25,2.25
2012.07.12 05:49:18.093,0.7926,0.7927,2.25,1.50
2012.07.12 05:49:18.444,0.79247,0.79263,2.25,3.75
2012.07.12 05:49:18.518,0.79247,0.79263,1.50,3.75
2012.07.12 05:49:19.065,0.79247,0.79263,1.50,3.75
2012.07.12 05:49:21.124,0.79246,0.79263,3.00,3.75
2012.07.12 05:49:21.195,0.79246,0.79263,3.00,3.00
2012.07.12 05:49:21.719,0.79246,0.79263,3.00,3.00
2012.07.12 05:49:23.595,0.79246,0.79262,2.25,2.25
2012.07.12 05:49:23.940,0.79244,0.79259,1.50,1.50
2012.07.12 05:49:24.589,0.79244,0.79259,1.50,1.50
2012.07.12 05:49:24.748,0.79244,0.79261,1.50,1.50
2012.07.12 05:49:25.334,0.79244,0.7926,3.00,1.50
2012.07.12 05:49:27.267,0.79244,0.79262,3.00,2.25
2012.07.12 05:49:28.612,0.79244,0.79261,1.50,1.50
2012.07.12 05:49:29.168,0.79244,0.79262,3.00,2.25
2012.07.12 05:49:29.794,0.79245,0.7926,1.50,1.50
2012.07.12 05:49:30.322,0.79245,0.79261,1.50,1.50
2012.07.12 05:49:31.626,0.79245,0.79261,2.25,1.50
2012.07.12 05:49:32.183,0.79245,0.7926,1.50,1.50
2012.07.12 05:49:32.703,0.79245,0.79259,1.50,1.50
2012.07.12 05:49:32.776,0.79245,0.79261,1.50,1.50
2012.07.12 05:49:37.044,0.79243,0.79259,3.00,1.50
2012.07.12 05:49:39.853,0.79242,0.7926,6.90,1.50
2012.07.12 05:49:41.645,0.79243,0.79259,2.25,1.50
2012.07.12 05:49:47.702,0.79243,0.79261,3.00,1.50
2012.07.12 05:49:48.283,0.79243,0.7926,1.50,1.50
2012.07.12 05:49:49.094,0.79243,0.79259,3.00,1.50
2012.07.12 05:49:51.773,0.79243,0.79261,3.00,1.50
2012.07.12 05:49:51.904,0.79243,0.7926,1.50,2.25
2012.07.12 05:49:52.246,0.79242,0.79257,1.50,3.75
2012.07.12 05:49:52.316,0.79243,0.79259,3.75,1.50
2012.07.12 05:49:52.384,0.79243,0.79259,4.50,2.25
2012.07.12 05:49:52.595,0.79239,0.79255,3.38,1.50
2012.07.12 05:49:52.665,0.79239,0.79255,4.13,1.50
2012.07.12 05:49:53.064,0.79244,0.79259,1.50,2.25
2012.07.12 05:49:53.670,0.79244,0.7926,1.50,2.25
2012.07.12 05:50:01.173,0.79244,0.7926,1.50,1.50
2012.07.12 05:50:01.515,0.79245,0.79261,1.50,3.00
2012.07.12 05:50:02.084,0.79244,0.7926,1.50,2.25
2012.07.12 05:50:03.303,0.79243,0.79259,4.50,1.50
2012.07.12 05:50:04.099,0.79244,0.7926,2.25,3.00
2012.07.12 05:50:05.436,0.79245,0.79261,1.50,2.25
2012.07.12 05:50:06.037,0.79243,0.79261,4.50,2.25
2012.07.12 05:50:06.695,0.79243,0.79259,4.50,1.50
2012.07.12 05:50:07.198,0.79244,0.79262,2.25,5.25
2012.07.12 05:50:07.787,0.79239,0.79256,2.33,1.50
2012.07.12 05:50:07.865,0.79238,0.79256,4.20,1.50
2012.07.12 05:50:07.934,0.79239,0.79256,1.14,1.50
2012.07.12 05:50:08.286,0.79239,0.79254,1.06,1.50
2012.07.12 05:50:08.417,0.79238,0.79254,1.88,1.50
2012.07.12 05:50:08.686,0.79236,0.79251,1.50,1.50
2012.07.12 05:50:09.234,0.79234,0.79252,3.31,2.25
2012.07.12 05:50:09.660,0.79235,0.79251,2.25,1.50
2012.07.12 05:50:09.946,0.79238,0.79253,3.00,1.50
2012.07.12 05:50:10.089,0.79238,0.79256,6.00,3.00
2012.07.12 05:50:10.370,0.79238,0.79256,5.25,3.00
2012.07.12 05:50:10.957,0.79238,0.79254,5.25,1.50
2012.07.12 05:50:12.205,0.79238,0.79256,5.25,3.00
2012.07.12 05:50:12.849,0.79239,0.79255,1.50,2.25
2012.07.12 05:50:14.283,0.79239,0.79255,2.25,2.25
2012.07.12 05:50:18.463,0.79238,0.79256,5.25,2.25
2012.07.12 05:50:18.794,0.7924,0.79256,1.50,3.75
2012.07.12 05:50:19.469,0.79239,0.79255,1.50,2.25
2012.07.12 05:50:19.888,0.79239,0.79255,2.25,2.25
2012.07.12 05:50:21.664,0.79239,0.79252,2.25,2.25
2012.07.12 05:50:21.867,0.79235,0.79249,1.50,1.50
2012.07.12 05:50:22.404,0.79235,0.7925,1.50,2.25
2012.07.12 05:50:23.077,0.79235,0.79252,1.50,5.25
2012.07.12 05:50:23.788,0.79233,0.79247,2.25,2.25
2012.07.12 05:50:24.068,0.79236,0.79251,1.50,3.00
2012.07.12 05:50:24.609,0.79236,0.79251,1.50,3.00
2012.07.12 05:50:25.202,0.79236,0.7925,1.50,1.50
2012.07.12 05:50:26.445,0.79236,0.79251,1.50,3.00
2012.07.12 05:50:28.094,0.79236,0.7925,1.50,1.50
2012.07.12 05:50:28.623,0.79236,0.79251,1.50,2.25
2012.07.12 05:50:32.475,0.79236,0.79252,1.50,6.75
2012.07.12 05:50:33.143,0.79236,0.7925,1.50,1.50
2012.07.12 05:50:36.813,0.79236,0.79252,1.50,5.25
2012.07.12 05:50:49.265,0.79233,0.79248,5.25,1.50
2012.07.12 05:50:49.825,0.79231,0.79247,2.25,3.75
2012.07.12 05:50:50.197,0.7923,0.79247,2.25,2.25
2012.07.12 05:50:50.405,0.7923,0.79247,2.25,2.25
2012.07.12 05:50:50.683,0.79233,0.79247,1.50,2.25
2012.07.12 05:50:51.260,0.7923,0.79247,2.25,2.25
2012.07.12 05:51:02.814,0.79229,0.79245,2.25,2.25
2012.07.12 05:51:02.949,0.79229,0.79245,1.50,2.25
2012.07.12 05:51:03.226,0.79228,0.79244,3.00,1.50
2012.07.12 05:51:03.828,0.7923,0.79246,2.25,2.25
2012.07.12 05:51:06.678,0.79228,0.79245,3.00,2.25
2012.07.12 05:51:07.095,0.79228,0.79244,4.50,1.50
2012.07.12 05:51:07.724,0.79228,0.79244,3.00,1.50
2012.07.12 05:51:08.715,0.79228,0.79244,3.75,1.50
2012.07.12 05:51:10.304,0.7923,0.79246,2.25,4.50
2012.07.12 05:51:10.625,0.79232,0.79246,2.25,2.25
2012.07.12 05:51:10.884,0.7923,0.79246,3.75,2.25
2012.07.12 05:51:11.386,0.7923,0.79245,1.50,1.50
2012.07.12 05:51:11.943,0.79228,0.79246,3.00,4.50
2012.07.12 05:51:12.485,0.79234,0.79246,1.50,3.75
2012.07.12 05:51:12.625,0.79235,0.79251,2.25,3.75
2012.07.12 05:51:13.123,0.79234,0.79249,1.50,1.50
2012.07.12 05:51:14.014,0.79236,0.79249,1.50,1.50
2012.07.12 05:51:14.084,0.79236,0.79251,1.50,3.75
2012.07.12 05:51:14.616,0.79234,0.7925,3.00,1.50
2012.07.12 05:51:15.164,0.79236,0.7925,1.50,1.50
2012.07.12 05:51:15.854,0.79234,0.7925,3.00,1.50
2012.07.12 05:51:16.734,0.79236,0.7925,1.50,1.50
2012.07.12 05:51:17.482,0.79236,0.79251,1.50,4.50
2012.07.12 05:51:21.493,0.79235,0.79251,2.25,4.50
2012.07.12 05:51:35.983,0.79234,0.79251,3.00,3.00
2012.07.12 05:51:38.332,0.79234,0.7925,3.00,1.50
2012.07.12 05:51:39.058,0.79234,0.79251,3.00,3.00
2012.07.12 05:51:40.953,0.79234,0.79251,1.50,4.50
