2018.01.30 11:00:00.113,0.73319,0.73329,2.89,1.00
2018.01.30 11:00:00.611,0.73323,0.7333,1.00,1.00
2018.01.30 11:00:00.769,0.73328,0.73338,3.00,5.44
2018.01.30 11:00:01.325,0.73328,0.73338,2.25,2.81
2018.01.30 11:00:01.871,0.7333,0.73338,1.00,1.50
2018.01.30 11:00:02.412,0.7333,0.73339,1.00,1.00
2018.01.30 11:00:15.233,0.73331,0.73339,1.00,1.00
2018.01.30 11:00:16.102,0.7333,0.73339,1.00,1.00
2018.01.30 11:00:16.644,0.73329,0.73338,2.44,1.31
2018.01.30 11:00:17.829,0.73329,0.73339,2.25,1.31
2018.01.30 11:00:18.345,0.73329,0.73339,1.50,2.62
2018.01.30 11:00:18.553,0.73325,0.73335,1.10,3.19
2018.01.30 11:00:19.057,0.73324,0.73333,1.00,3.00
2018.01.30 11:00:19.321,0.73322,0.73332,1.57,2.06
2018.01.30 11:00:19.793,0.73321,0.7333,1.00,1.00
2018.01.30 11:00:20.052,0.73319,0.73329,3.82,3.37
2018.01.30 11:00:20.310,0.73319,0.73327,4.31,1.00
2018.01.30 11:00:21.972,0.7332,0.73327,3.00,1.00
2018.01.30 11:00:22.584,0.73321,0.73327,1.00,1.00
2018.01.30 11:00:22.739,0.73321,0.73329,1.69,1.00
2018.01.30 11:00:23.277,0.73322,0.7333,2.06,1.00
2018.01.30 11:00:24.533,0.73322,0.7333,4.69,1.00
2018.01.30 11:00:24.739,0.73321,0.7333,1.00,1.00
2018.01.30 11:00:25.274,0.73321,0.73329,1.00,1.00
2018.01.30 11:00:25.796,0.7332,0.73329,1.10,1.50
2018.01.30 11:00:29.338,0.7332,0.73328,1.00,1.00
2018.01.30 11:00:41.921,0.73319,0.73328,1.00,1.87
2018.01.30 11:00:42.747,0.73319,0.73328,1.00,1.50
2018.01.30 11:00:54.948,0.7332,0.73328,1.76,1.00
2018.01.30 11:00:55.001,0.73323,0.7333,1.44,1.50
2018.01.30 11:00:55.054,0.73322,0.7333,3.37,1.00
2018.01.30 11:00:55.107,0.73322,0.73328,1.50,1.00
2018.01.30 11:00:55.159,0.73321,0.73328,1.87,1.00
2018.01.30 11:00:55.211,0.73322,0.7333,1.12,1.00
2018.01.30 11:00:57.694,0.73324,0.7333,1.00,1.00
2018.01.30 11:00:57.746,0.73324,0.73332,1.00,1.00
2018.01.30 11:00:58.264,0.73323,0.73332,4.01,1.00
2018.01.30 11:00:58.700,0.73323,0.73332,4.01,1.00
2018.01.30 11:00:59.293,0.73324,0.73332,1.50,1.00
2018.01.30 11:00:59.848,0.73325,0.73332,1.00,1.00
2018.01.30 11:01:00.612,0.73324,0.73332,1.00,1.00
2018.01.30 11:01:02.490,0.73324,0.73332,1.31,1.00
2018.01.30 11:01:04.057,0.73323,0.73332,5.70,1.00
2018.01.30 11:01:05.041,0.73323,0.73332,3.64,1.00
2018.01.30 11:01:06.077,0.73324,0.73332,1.12,1.50
2018.01.30 11:01:06.736,0.73321,0.73328,1.00,1.00
2018.01.30 11:01:07.256,0.7332,0.73328,1.50,1.00
2018.01.30 11:01:10.222,0.73322,0.73328,1.31,1.00
2018.01.30 11:01:10.811,0.73321,0.73328,3.75,1.00
2018.01.30 11:01:14.331,0.73322,0.73328,2.06,1.00
2018.01.30 11:01:18.420,0.73322,0.73328,5.43,1.00
2018.01.30 11:01:19.234,0.73322,0.73328,3.37,1.00
2018.01.30 11:01:19.894,0.73322,0.73328,5.43,1.00
2018.01.30 11:01:20.525,0.73322,0.73328,2.81,1.00
2018.01.30 11:01:21.878,0.73322,0.7333,2.62,1.00
2018.01.30 11:01:24.307,0.73322,0.7333,4.95,1.00
2018.01.30 11:01:24.916,0.73322,0.7333,4.68,1.00
2018.01.30 11:01:25.496,0.73322,0.7333,4.76,1.00
2018.01.30 11:01:26.466,0.73322,0.7333,2.51,1.00
2018.01.30 11:01:31.794,0.73322,0.7333,4.76,1.00
2018.01.30 11:01:32.334,0.73322,0.7333,3.26,1.00
2018.01.30 11:01:32.855,0.73322,0.7333,4.57,1.00
2018.01.30 11:01:33.761,0.73322,0.7333,3.26,1.00
2018.01.30 11:01:35.596,0.73322,0.7333,5.51,1.00
2018.01.30 11:01:36.146,0.73322,0.7333,2.44,1.00
2018.01.30 11:01:36.887,0.73322,0.73331,2.44,1.00
2018.01.30 11:01:37.752,0.73322,0.73331,4.31,1.00
2018.01.30 11:01:38.546,0.73322,0.73331,2.44,1.00
2018.01.30 11:01:42.131,0.73322,0.73331,4.50,1.00
2018.01.30 11:01:42.899,0.73322,0.73331,2.25,1.00
2018.01.30 11:01:43.641,0.73321,0.73329,1.10,1.25
2018.01.30 11:01:44.305,0.7332,0.73329,1.00,1.00
2018.01.30 11:01:51.889,0.7332,0.73328,1.00,1.00
2018.01.30 11:01:56.949,0.73321,0.73328,1.50,1.00
2018.01.30 11:01:57.451,0.73321,0.73329,2.62,1.00
2018.01.30 11:01:58.019,0.73322,0.73329,1.00,1.00
2018.01.30 11:01:58.648,0.73322,0.73329,1.31,1.00
2018.01.30 11:01:59.161,0.73321,0.73329,3.75,1.00
2018.01.30 11:01:59.683,0.73321,0.73329,3.75,1.00
2018.01.30 11:02:00.577,0.73322,0.73329,1.12,1.00
2018.01.30 11:02:01.165,0.73321,0.73329,3.75,1.00
2018.01.30 11:02:01.704,0.73322,0.73329,2.81,1.00
2018.01.30 11:02:02.713,0.73323,0.73329,1.00,1.00
2018.01.30 11:02:03.346,0.73322,0.73329,1.00,1.00
2018.01.30 11:02:04.123,0.73323,0.7333,1.25,1.00
2018.01.30 11:02:05.601,0.73322,0.7333,1.50,1.00
2018.01.30 11:02:07.880,0.73321,0.73328,1.50,1.12
2018.01.30 11:02:08.388,0.7332,0.73328,1.00,1.00
2018.01.30 11:02:13.998,0.73319,0.73328,1.50,1.57
2018.01.30 11:02:14.949,0.7332,0.73328,1.69,1.50
2018.01.30 11:02:15.490,0.73321,0.73329,1.87,1.00
2018.01.30 11:02:17.039,0.73321,0.73329,1.00,1.00
2018.01.30 11:02:17.982,0.73322,0.73329,1.00,1.00
2018.01.30 11:02:18.598,0.73323,0.73329,1.00,1.00
2018.01.30 11:02:19.188,0.73322,0.73329,1.00,1.00
2018.01.30 11:02:19.817,0.73321,0.73329,2.25,1.00
2018.01.30 11:02:21.949,0.73321,0.73328,1.50,1.00
2018.01.30 11:02:22.862,0.7332,0.73327,2.25,1.00
2018.01.30 11:02:26.562,0.73321,0.73327,1.25,1.00
2018.01.30 11:02:28.523,0.73322,0.73327,1.00,1.00
2018.01.30 11:02:29.073,0.73323,0.73327,1.00,1.00
2018.01.30 11:02:29.582,0.73323,0.73329,1.00,1.00
2018.01.30 11:02:34.590,0.7332,0.73328,1.50,1.00
2018.01.30 11:02:37.283,0.73321,0.73328,1.00,1.50
2018.01.30 11:02:38.583,0.73321,0.73329,2.06,1.00
2018.01.30 11:02:40.669,0.73322,0.73329,3.00,1.10
2018.01.30 11:02:42.348,0.73323,0.73329,1.69,1.00
2018.01.30 11:02:42.960,0.73322,0.73329,2.62,1.00
2018.01.30 11:02:43.546,0.73323,0.73331,2.25,1.50
2018.01.30 11:02:43.702,0.73328,0.73336,1.87,1.57
2018.01.30 11:02:43.753,0.7333,0.73336,1.00,1.10
2018.01.30 11:02:44.274,0.73329,0.73337,1.00,2.70
2018.01.30 11:02:45.368,0.73329,0.73337,1.00,1.00
2018.01.30 11:02:45.918,0.73328,0.73337,2.62,1.00
2018.01.30 11:02:47.015,0.73329,0.73337,1.50,1.00
2018.01.30 11:02:50.257,0.73328,0.73337,3.56,1.00
2018.01.30 11:02:50.647,0.73329,0.73337,1.31,1.00
2018.01.30 11:02:52.067,0.73332,0.73337,1.00,1.00
2018.01.30 11:02:52.626,0.73331,0.73337,1.00,1.00
2018.01.30 11:02:53.272,0.73329,0.73337,1.31,1.00
2018.01.30 11:02:54.841,0.73328,0.73337,3.94,1.00
2018.01.30 11:02:55.747,0.7333,0.73337,1.00,1.00
2018.01.30 11:02:56.411,0.73329,0.73337,1.12,1.10
2018.01.30 11:02:56.741,0.73329,0.73337,1.50,1.00
2018.01.30 11:02:57.245,0.73329,0.73337,1.50,1.00
2018.01.30 11:02:57.791,0.73329,0.73337,2.25,1.00
2018.01.30 11:02:58.566,0.73329,0.73337,5.62,1.00
2018.01.30 11:03:01.764,0.73331,0.73337,1.00,1.00
2018.01.30 11:03:02.346,0.7333,0.73337,1.25,1.00
2018.01.30 11:03:02.649,0.73333,0.7334,1.00,1.95
2018.01.30 11:03:02.979,0.73339,0.73346,1.00,1.00
2018.01.30 11:03:03.132,0.73339,0.73348,1.69,2.70
2018.01.30 11:03:03.391,0.73335,0.73342,1.00,1.00
2018.01.30 11:03:03.915,0.73334,0.73342,1.69,1.50
2018.01.30 11:03:04.230,0.73334,0.73342,3.19,1.50
2018.01.30 11:03:04.282,0.73338,0.73346,1.50,1.00
2018.01.30 11:03:04.854,0.73338,0.73347,1.50,1.00
2018.01.30 11:03:08.747,0.73339,0.73347,1.00,1.50
2018.01.30 11:03:10.324,0.73338,0.73347,4.12,1.50
2018.01.30 11:03:12.267,0.7334,0.73347,1.00,1.50
2018.01.30 11:03:13.144,0.73339,0.73347,1.00,1.50
2018.01.30 11:03:13.773,0.73338,0.73347,1.87,1.50
2018.01.30 11:03:18.271,0.73338,0.73342,1.50,1.00
2018.01.30 11:03:18.323,0.73335,0.73341,1.00,1.00
2018.01.30 11:03:18.377,0.73332,0.73339,2.06,1.00
2018.01.30 11:03:18.429,0.73332,0.73339,1.00,1.00
2018.01.30 11:03:18.482,0.7333,0.73339,1.12,1.50
2018.01.30 11:03:19.136,0.73331,0.73339,1.50,1.50
2018.01.30 11:03:20.670,0.73331,0.73337,1.00,1.00
2018.01.30 11:03:23.028,0.73333,0.73339,1.00,1.00
2018.01.30 11:03:23.304,0.73341,0.73349,1.50,1.50
2018.01.30 11:03:25.920,0.73341,0.73349,1.50,1.20
2018.01.30 11:03:26.698,0.73342,0.7335,1.50,1.95
2018.01.30 11:03:27.097,0.73339,0.73345,1.50,1.00
2018.01.30 11:03:27.149,0.73339,0.73345,1.00,1.00
2018.01.30 11:03:27.304,0.73339,0.73347,1.87,1.00
2018.01.30 11:03:28.818,0.73339,0.73347,1.50,1.50
2018.01.30 11:03:48.376,0.7334,0.73347,1.12,3.26
2018.01.30 11:03:48.615,0.73334,0.7334,1.12,1.00
2018.01.30 11:03:51.875,0.73337,0.73344,3.00,1.45
2018.01.30 11:03:51.926,0.73338,0.73344,1.12,1.00
2018.01.30 11:03:52.283,0.73339,0.73346,1.12,1.50
2018.01.30 11:03:55.195,0.73336,0.73342,1.00,1.00
2018.01.30 11:03:55.508,0.73335,0.7334,1.00,1.50
2018.01.30 11:03:56.359,0.73332,0.73339,1.87,1.13
2018.01.30 11:03:57.425,0.73332,0.7334,1.37,1.50
2018.01.30 11:03:57.958,0.73332,0.73339,1.87,1.00
2018.01.30 11:03:58.534,0.73332,0.7334,2.25,1.50
2018.01.30 11:04:02.271,0.73335,0.73342,2.32,2.32
2018.01.30 11:04:02.323,0.73338,0.73345,1.57,2.70
2018.01.30 11:04:02.375,0.73336,0.73341,1.00,1.00
2018.01.30 11:04:07.209,0.73336,0.73343,1.00,1.50
2018.01.30 11:04:08.809,0.73336,0.73342,1.00,1.00
2018.01.30 11:04:09.078,0.73333,0.7334,1.12,1.57
2018.01.30 11:04:10.439,0.73333,0.73339,1.00,1.25
2018.01.30 11:04:12.612,0.73333,0.7334,1.00,1.50
2018.01.30 11:04:12.817,0.73336,0.73341,1.00,1.50
2018.01.30 11:04:15.647,0.73336,0.73342,1.00,1.57
2018.01.30 11:04:17.122,0.73336,0.7334,1.00,1.00
2018.01.30 11:04:17.173,0.73336,0.73342,1.00,1.50
2018.01.30 11:04:17.581,0.73334,0.73342,1.87,1.50
2018.01.30 11:04:22.400,0.73333,0.73341,1.50,1.10
2018.01.30 11:04:22.709,0.73333,0.73339,1.12,1.00
2018.01.30 11:04:26.449,0.73332,0.73339,1.12,1.00
2018.01.30 11:04:31.885,0.73332,0.73338,1.00,1.00
2018.01.30 11:05:09.057,0.73332,0.73339,1.00,1.00
2018.01.30 11:05:10.551,0.73332,0.73338,1.00,1.00
2018.01.30 11:05:28.278,0.73331,0.73338,1.12,1.00
2018.01.30 11:05:42.165,0.73331,0.73337,1.00,1.00
2018.01.30 11:05:42.503,0.73326,0.73332,1.00,1.00
2018.01.30 11:05:42.760,0.73324,0.73332,1.12,1.00
2018.01.30 11:05:42.915,0.73322,0.7333,1.31,1.00
2018.01.30 11:05:43.449,0.73324,0.73332,1.12,1.95
2018.01.30 11:05:44.045,0.73324,0.73332,1.50,1.00
2018.01.30 11:05:44.556,0.73324,0.73332,3.75,1.00
2018.01.30 11:05:45.096,0.73324,0.73332,1.50,1.00
2018.01.30 11:05:45.692,0.73325,0.73332,1.13,1.00
2018.01.30 11:05:46.135,0.73327,0.73333,1.00,1.00
2018.01.30 11:05:46.187,0.73329,0.73336,1.50,1.50
2018.01.30 11:05:47.989,0.73329,0.73336,2.25,1.00
2018.01.30 11:05:48.907,0.73329,0.73337,2.25,1.13
2018.01.30 11:05:50.399,0.73329,0.73337,1.12,1.50
2018.01.30 11:06:08.546,0.73329,0.73337,1.31,1.44
2018.01.30 11:06:09.055,0.73328,0.73337,4.50,1.13
2018.01.30 11:06:17.490,0.73329,0.73337,1.50,1.00
2018.01.30 11:06:21.109,0.73329,0.73337,2.25,1.38
2018.01.30 11:06:21.786,0.73329,0.73337,1.50,1.13
2018.01.30 11:06:24.230,0.73328,0.73337,4.50,1.00
2018.01.30 11:06:24.281,0.73328,0.73335,1.12,1.00
2018.01.30 11:06:24.387,0.73328,0.73337,4.69,1.00
2018.01.30 11:06:25.416,0.7333,0.73337,1.00,1.00
2018.01.30 11:06:28.537,0.73329,0.73337,2.81,1.00
2018.01.30 11:06:31.317,0.73325,0.73333,1.12,1.00
2018.01.30 11:06:31.834,0.73324,0.73332,1.00,1.50
2018.01.30 11:06:33.975,0.73324,0.7333,1.00,1.00
2018.01.30 11:06:38.874,0.73324,0.73332,1.00,1.39
2018.01.30 11:06:47.754,0.73328,0.73334,1.50,1.13
2018.01.30 11:06:47.859,0.73329,0.73338,1.12,1.88
2018.01.30 11:06:49.225,0.73329,0.73338,1.69,1.00
2018.01.30 11:06:50.204,0.73329,0.73337,3.19,1.00
2018.01.30 11:06:51.423,0.73329,0.73339,2.62,4.50
2018.01.30 11:06:51.859,0.73327,0.73335,1.00,2.62
2018.01.30 11:06:52.153,0.73324,0.73333,1.31,1.00
2018.01.30 11:06:53.059,0.73324,0.73332,1.00,1.00
2018.01.30 11:06:53.589,0.73324,0.73331,1.00,1.00
2018.01.30 11:06:55.418,0.73323,0.73332,1.12,1.50
2018.01.30 11:06:56.384,0.73323,0.73332,1.95,1.50
2018.01.30 11:06:56.904,0.73324,0.73333,1.50,1.00
2018.01.30 11:06:57.345,0.73324,0.73332,2.44,1.63
2018.01.30 11:06:57.893,0.73324,0.73332,2.06,1.25
2018.01.30 11:07:00.739,0.73324,0.73332,2.25,1.58
2018.01.30 11:07:01.258,0.73324,0.73332,2.06,1.39
2018.01.30 11:07:01.793,0.73323,0.73332,1.25,1.39
2018.01.30 11:07:06.431,0.73323,0.73332,1.88,1.57
2018.01.30 11:07:08.032,0.73323,0.73331,1.00,1.00
2018.01.30 11:07:08.395,0.73321,0.73329,1.50,1.00
2018.01.30 11:07:08.845,0.73321,0.73329,1.00,4.13
2018.01.30 11:07:08.949,0.73319,0.73326,1.50,1.00
2018.01.30 11:07:10.501,0.73319,0.73328,1.87,1.57
2018.01.30 11:07:11.051,0.73319,0.73328,2.62,1.95
2018.01.30 11:07:11.658,0.73319,0.73329,2.62,2.70
2018.01.30 11:07:12.044,0.73317,0.73326,6.75,1.00
2018.01.30 11:07:12.636,0.73317,0.73325,6.37,1.00
2018.01.30 11:07:13.601,0.73319,0.73327,1.12,2.51
2018.01.30 11:07:14.601,0.73318,0.73327,1.87,1.50
2018.01.30 11:07:15.146,0.73319,0.73327,1.00,2.06
2018.01.30 11:07:15.651,0.73319,0.73327,1.50,1.87
2018.01.30 11:07:16.499,0.73318,0.73326,2.62,1.00
2018.01.30 11:07:17.123,0.73319,0.73326,1.00,1.00
2018.01.30 11:07:19.552,0.73318,0.73325,3.00,1.00
2018.01.30 11:07:21.100,0.73318,0.73327,4.12,1.00
2018.01.30 11:07:26.839,0.7332,0.73327,1.00,1.50
2018.01.30 11:07:27.389,0.7332,0.73328,1.25,1.50
2018.01.30 11:07:33.583,0.73321,0.73328,1.00,1.00
2018.01.30 11:07:34.148,0.7332,0.73328,2.06,1.00
2018.01.30 11:07:37.044,0.7332,0.73328,3.38,1.00
2018.01.30 11:07:37.546,0.7332,0.73328,1.87,1.00
2018.01.30 11:07:43.143,0.7332,0.73328,3.00,1.00
2018.01.30 11:07:43.816,0.73319,0.73328,5.44,1.00
2018.01.30 11:07:44.482,0.73319,0.73327,1.37,1.10
2018.01.30 11:07:45.002,0.73319,0.73326,1.00,1.00
2018.01.30 11:07:45.551,0.73319,0.73325,1.00,1.00
2018.01.30 11:07:56.612,0.73314,0.7332,1.87,1.00
2018.01.30 11:07:56.665,0.73311,0.7332,3.37,1.50
2018.01.30 11:07:57.200,0.73311,0.73319,1.31,1.00
2018.01.30 11:07:57.735,0.7331,0.73319,2.81,1.00
2018.01.30 11:07:59.039,0.73311,0.73319,1.25,1.00
2018.01.30 11:07:59.973,0.73311,0.73318,1.00,1.00
2018.01.30 11:08:01.225,0.73311,0.73319,1.00,1.12
2018.01.30 11:08:04.735,0.73312,0.73319,1.50,1.00
2018.01.30 11:08:05.018,0.73313,0.73321,1.00,1.00
2018.01.30 11:08:05.686,0.73315,0.73321,1.00,1.00
2018.01.30 11:08:05.738,0.73318,0.73326,1.00,1.57
2018.01.30 11:08:07.659,0.73316,0.73323,1.00,1.00
2018.01.30 11:08:07.965,0.73314,0.73321,1.50,1.00
2018.01.30 11:08:08.402,0.73312,0.73321,1.87,1.12
2018.01.30 11:08:08.914,0.73312,0.7332,1.00,1.12
2018.01.30 11:08:09.582,0.73311,0.7332,1.50,1.12
2018.01.30 11:08:10.129,0.73312,0.7332,1.00,2.06
2018.01.30 11:08:10.692,0.73311,0.73321,1.50,1.00
2018.01.30 11:08:11.218,0.73311,0.73321,2.62,1.25
2018.01.30 11:08:13.077,0.73311,0.73321,1.50,1.56
2018.01.30 11:08:13.779,0.73311,0.73321,1.31,1.44
2018.01.30 11:08:14.329,0.73311,0.73321,1.50,1.13
2018.01.30 11:08:14.872,0.73311,0.7332,1.87,1.00
2018.01.30 11:08:15.468,0.73311,0.7332,1.50,1.13
2018.01.30 11:08:15.973,0.73311,0.7332,1.12,1.00
2018.01.30 11:08:16.474,0.7331,0.73319,1.50,1.25
2018.01.30 11:08:17.111,0.7331,0.73319,1.50,1.37
2018.01.30 11:08:17.658,0.73309,0.73318,2.25,1.12
2018.01.30 11:08:21.293,0.73309,0.73319,1.12,2.44
2018.01.30 11:08:21.963,0.73309,0.73319,2.81,2.63
2018.01.30 11:08:22.676,0.7331,0.73319,1.00,1.13
2018.01.30 11:08:26.825,0.73309,0.73319,4.31,1.63
2018.01.30 11:08:27.571,0.73309,0.73319,4.50,1.81
2018.01.30 11:08:27.790,0.73309,0.73319,4.12,1.31
2018.01.30 11:08:34.141,0.73311,0.73319,1.00,1.00
2018.01.30 11:08:34.724,0.73311,0.7332,1.12,1.13
2018.01.30 11:08:36.207,0.73311,0.73321,2.25,3.38
2018.01.30 11:08:36.741,0.7331,0.7332,3.19,1.00
2018.01.30 11:08:37.290,0.7331,0.73321,3.75,5.44
2018.01.30 11:08:37.823,0.7331,0.73321,2.62,3.37
2018.01.30 11:08:41.418,0.7331,0.73318,2.62,1.00
2018.01.30 11:08:41.998,0.7331,0.73318,1.50,1.00
2018.01.30 11:08:43.928,0.7331,0.73319,1.50,1.69
2018.01.30 11:08:44.433,0.73311,0.73319,1.00,1.00
2018.01.30 11:08:45.066,0.73311,0.7332,1.00,1.50
2018.01.30 11:08:46.506,0.73311,0.7332,1.00,1.88
2018.01.30 11:08:47.067,0.73311,0.7332,1.00,1.13
2018.01.30 11:08:47.792,0.73311,0.7332,1.00,2.06
2018.01.30 11:08:48.346,0.73311,0.7332,1.00,1.88
2018.01.30 11:08:49.739,0.73311,0.7332,1.00,2.06
2018.01.30 11:08:50.996,0.73311,0.7332,1.00,1.50
2018.01.30 11:08:52.131,0.73311,0.7332,1.00,1.88
2018.01.30 11:08:52.729,0.7331,0.7332,1.87,1.88
2018.01.30 11:08:55.562,0.7331,0.7332,2.81,3.00
2018.01.30 11:08:56.106,0.7331,0.7332,3.19,2.63
2018.01.30 11:08:56.752,0.7331,0.7332,2.25,1.88
2018.01.30 11:08:57.433,0.7331,0.7332,3.38,1.88
2018.01.30 11:08:57.949,0.7331,0.7332,2.25,1.88
2018.01.30 11:08:58.453,0.7331,0.7332,2.06,2.25
2018.01.30 11:08:59.012,0.7331,0.7332,1.00,5.81
2018.01.30 11:08:59.537,0.73309,0.73319,3.75,1.00
2018.01.30 11:09:00.137,0.73309,0.73319,5.44,1.88
2018.01.30 11:09:00.738,0.7331,0.73318,1.12,1.62
2018.01.30 11:09:02.713,0.73309,0.73319,1.12,2.25
2018.01.30 11:09:03.257,0.7331,0.73318,1.12,1.00
2018.01.30 11:09:03.817,0.73309,0.73319,3.75,1.13
2018.01.30 11:09:04.352,0.7331,0.7332,1.00,5.63
2018.01.30 11:09:05.728,0.73309,0.7332,2.44,5.70
2018.01.30 11:09:06.334,0.7331,0.7332,1.69,5.44
2018.01.30 11:09:06.837,0.7331,0.7332,1.00,2.63
2018.01.30 11:09:13.784,0.7331,0.7332,1.00,1.69
2018.01.30 11:09:14.315,0.7331,0.7332,1.00,1.88
2018.01.30 11:09:14.987,0.7331,0.7332,2.44,4.31
2018.01.30 11:09:15.652,0.7331,0.7332,1.00,2.06
2018.01.30 11:09:16.665,0.7331,0.7332,1.88,3.38
2018.01.30 11:09:16.986,0.7331,0.7332,1.50,1.88
2018.01.30 11:09:17.090,0.7331,0.73317,1.50,1.00
2018.01.30 11:09:18.097,0.73309,0.73318,1.12,3.00
2018.01.30 11:09:18.642,0.73308,0.73317,2.25,1.00
2018.01.30 11:09:30.420,0.7331,0.73318,1.00,2.25
2018.01.30 11:09:30.962,0.7331,0.73319,1.00,2.81
2018.01.30 11:09:31.607,0.7331,0.73319,1.00,1.31
2018.01.30 11:09:32.148,0.73311,0.73319,1.00,1.13
2018.01.30 11:09:33.342,0.73311,0.73319,1.00,1.63
2018.01.30 11:09:33.885,0.73311,0.7332,1.00,3.38
2018.01.30 11:09:37.928,0.73311,0.7332,1.00,3.56
2018.01.30 11:09:38.284,0.73311,0.73319,1.00,1.56
2018.01.30 11:09:38.892,0.73311,0.7332,1.00,3.00
2018.01.30 11:09:39.899,0.73311,0.73319,1.00,1.56
2018.01.30 11:09:41.711,0.73311,0.73319,1.00,1.44
2018.01.30 11:09:43.865,0.7331,0.7332,1.00,3.94
2018.01.30 11:09:45.587,0.7331,0.73319,1.00,1.56
2018.01.30 11:09:46.102,0.7331,0.7332,1.00,3.94
2018.01.30 11:09:50.256,0.7331,0.73319,1.00,1.81
2018.01.30 11:09:51.510,0.7331,0.73317,1.00,2.06
2018.01.30 11:09:52.043,0.7331,0.73317,1.00,1.63
2018.01.30 11:09:52.896,0.7331,0.73318,1.00,1.88
2018.01.30 11:09:52.948,0.7331,0.73319,1.00,3.94
2018.01.30 11:09:54.275,0.7331,0.73318,1.00,1.38
2018.01.30 11:09:54.815,0.7331,0.73316,1.00,1.31
2018.01.30 11:09:55.335,0.73309,0.73317,1.00,2.44
2018.01.30 11:09:56.090,0.7331,0.73318,1.00,1.63
2018.01.30 11:09:56.872,0.73311,0.73318,1.00,1.87
2018.01.30 11:09:57.703,0.73311,0.73319,1.00,1.44
2018.01.30 11:09:59.328,0.73311,0.73319,1.00,1.87
2018.01.30 11:09:59.878,0.7331,0.73318,1.12,2.44
2018.01.30 11:10:00.426,0.73309,0.73317,1.37,1.31
2018.01.30 11:10:01.425,0.73309,0.73317,1.00,1.69
2018.01.30 11:10:01.629,0.73308,0.73315,1.00,1.00
2018.01.30 11:10:02.345,0.73308,0.73316,1.00,2.25
2018.01.30 11:10:02.756,0.7331,0.73317,1.12,1.00
2018.01.30 11:10:03.066,0.73312,0.73319,1.00,2.63
2018.01.30 11:10:07.639,0.73311,0.73318,1.00,1.38
2018.01.30 11:10:08.170,0.73311,0.73319,1.00,1.63
2018.01.30 11:10:10.729,0.73311,0.73319,1.00,1.13
2018.01.30 11:10:14.264,0.73311,0.73319,1.00,1.38
2018.01.30 11:10:14.996,0.73311,0.73319,1.00,1.13
2018.01.30 11:10:15.511,0.73311,0.73319,1.00,1.63
2018.01.30 11:10:16.243,0.73311,0.73319,1.00,1.13
2018.01.30 11:10:20.709,0.73311,0.7332,1.00,1.31
2018.01.30 11:10:21.227,0.73311,0.7332,1.00,1.50
2018.01.30 11:10:21.879,0.73311,0.7332,1.00,1.50
2018.01.30 11:10:22.442,0.73311,0.7332,1.00,1.50
2018.01.30 11:10:23.412,0.73311,0.7332,1.00,1.69
2018.01.30 11:10:23.970,0.73311,0.7332,1.00,3.00
2018.01.30 11:10:28.779,0.73311,0.7332,1.00,1.12
2018.01.30 11:10:29.116,0.73319,0.73326,1.00,1.00
2018.01.30 11:10:29.650,0.7332,0.73327,1.00,1.50
2018.01.30 11:10:30.666,0.7332,0.73327,1.00,2.44
2018.01.30 11:10:31.315,0.7332,0.73327,1.00,2.25
2018.01.30 11:10:31.873,0.7332,0.73328,1.00,1.50
2018.01.30 11:10:32.445,0.7332,0.73328,1.00,2.44
2018.01.30 11:10:32.972,0.73319,0.73328,1.12,2.44
2018.01.30 11:10:33.610,0.73319,0.73328,1.12,1.50
2018.01.30 11:10:36.308,0.73322,0.73328,1.00,1.50
2018.01.30 11:10:38.090,0.73322,0.73328,1.00,2.25
2018.01.30 11:10:38.893,0.73322,0.73327,1.00,1.13
2018.01.30 11:10:39.695,0.73322,0.73327,1.00,2.06
2018.01.30 11:10:40.238,0.73322,0.73327,1.00,1.25
2018.01.30 11:10:40.746,0.73322,0.73327,1.00,2.06
2018.01.30 11:10:41.396,0.73322,0.73327,1.00,1.13
2018.01.30 11:10:41.965,0.73322,0.73328,1.00,1.00
2018.01.30 11:10:44.116,0.73322,0.73328,1.00,3.94
2018.01.30 11:10:44.991,0.73322,0.73328,1.00,1.13
2018.01.30 11:10:45.611,0.73322,0.73327,1.00,1.00
2018.01.30 11:10:46.132,0.73322,0.73328,1.00,1.12
2018.01.30 11:10:46.644,0.73323,0.73328,1.00,1.00
2018.01.30 11:10:49.142,0.73323,0.73328,1.00,1.50
2018.01.30 11:10:49.803,0.73323,0.73328,1.00,1.00
2018.01.30 11:10:50.336,0.73323,0.73328,1.00,1.38
2018.01.30 11:10:51.286,0.73322,0.73328,1.00,1.00
2018.01.30 11:10:51.789,0.73323,0.73329,1.00,2.25
2018.01.30 11:10:52.303,0.73323,0.73329,1.00,1.87
2018.01.30 11:10:55.180,0.73324,0.7333,1.00,1.13
2018.01.30 11:10:58.740,0.73326,0.73331,1.00,1.44
2018.01.30 11:11:01.701,0.73324,0.7333,1.00,1.00
2018.01.30 11:11:03.249,0.73324,0.7333,1.00,2.44
2018.01.30 11:11:03.785,0.73324,0.7333,1.00,2.25
2018.01.30 11:11:04.854,0.73328,0.73332,1.00,1.31
2018.01.30 11:11:04.906,0.73329,0.73335,1.00,1.87
2018.01.30 11:11:05.415,0.73328,0.73334,1.00,1.00
2018.01.30 11:11:06.172,0.73328,0.73336,1.12,4.31
2018.01.30 11:11:06.224,0.7333,0.73336,1.00,2.44
2018.01.30 11:11:06.555,0.73331,0.7334,1.00,4.50
2018.01.30 11:11:07.126,0.73331,0.73339,1.00,1.31
2018.01.30 11:11:07.742,0.73331,0.7334,1.00,6.19
2018.01.30 11:11:08.753,0.73331,0.73339,1.00,2.25
2018.01.30 11:11:09.294,0.73331,0.73339,1.00,2.25
2018.01.30 11:11:12.307,0.73331,0.73339,1.00,1.88
2018.01.30 11:11:13.651,0.73332,0.73339,1.00,1.88
2018.01.30 11:11:15.984,0.73332,0.73339,1.00,1.25
2018.01.30 11:11:16.532,0.73332,0.7334,1.00,6.00
2018.01.30 11:11:17.076,0.73332,0.7334,1.00,3.00
2018.01.30 11:11:18.526,0.73331,0.73338,1.00,1.13
2018.01.30 11:11:19.056,0.73331,0.73338,1.00,2.25
2018.01.30 11:11:20.111,0.73331,0.73337,1.00,1.56
2018.01.30 11:11:21.100,0.73331,0.73338,1.00,2.81
2018.01.30 11:11:22.636,0.73331,0.73336,1.00,1.56
2018.01.30 11:11:22.794,0.7333,0.73337,1.00,1.50
2018.01.30 11:11:23.153,0.73328,0.73337,1.12,1.25
2018.01.30 11:11:23.775,0.73328,0.73338,1.12,4.31
2018.01.30 11:11:24.593,0.73328,0.73337,2.25,2.44
2018.01.30 11:11:25.969,0.73328,0.73337,2.25,1.50
2018.01.30 11:11:26.490,0.73328,0.73337,2.25,1.50
2018.01.30 11:11:27.065,0.73328,0.73337,2.25,1.88
2018.01.30 11:11:27.647,0.73328,0.73337,1.00,3.94
2018.01.30 11:11:27.698,0.73329,0.73337,1.00,1.00
2018.01.30 11:11:28.234,0.73329,0.73338,2.25,1.12
2018.01.30 11:11:28.746,0.73329,0.73338,2.25,1.63
2018.01.30 11:11:29.339,0.73329,0.73338,2.25,1.81
2018.01.30 11:11:30.035,0.73329,0.73338,1.50,1.56
2018.01.30 11:11:30.605,0.73329,0.73338,1.50,1.12
2018.01.30 11:11:31.346,0.73329,0.73338,1.50,1.63
2018.01.30 11:11:32.299,0.73329,0.73338,2.25,1.31
2018.01.30 11:11:33.143,0.73329,0.73338,1.50,1.31
2018.01.30 11:11:33.297,0.73329,0.73338,1.12,3.94
2018.01.30 11:11:34.038,0.73327,0.73334,1.00,1.63
2018.01.30 11:11:34.165,0.73323,0.73332,1.00,1.13
2018.01.30 11:11:34.682,0.73322,0.73331,1.50,2.25
2018.01.30 11:11:35.020,0.73322,0.73331,1.00,4.50
2018.01.30 11:11:35.586,0.73321,0.73331,1.50,6.94
2018.01.30 11:11:37.200,0.73321,0.7333,1.50,1.50
2018.01.30 11:11:37.935,0.73321,0.7333,1.00,4.50
2018.01.30 11:11:41.078,0.7332,0.7333,2.25,7.31
2018.01.30 11:11:41.963,0.7332,0.73329,1.50,1.87
2018.01.30 11:11:42.471,0.7332,0.73329,1.50,1.31
2018.01.30 11:11:43.279,0.7332,0.73329,1.69,2.81
2018.01.30 11:11:43.806,0.73319,0.73328,1.00,1.00
2018.01.30 11:11:47.776,0.73319,0.73328,1.00,1.38
2018.01.30 11:11:48.286,0.73319,0.73329,1.50,3.56
2018.01.30 11:11:48.439,0.73321,0.73329,1.00,1.50
2018.01.30 11:11:48.753,0.73327,0.73334,1.00,1.50
2018.01.30 11:11:49.163,0.73325,0.73334,1.00,1.12
2018.01.30 11:11:49.215,0.73325,0.73334,1.00,1.69
2018.01.30 11:11:49.785,0.73324,0.73333,1.00,1.88
2018.01.30 11:11:50.320,0.73323,0.73333,1.25,3.75
2018.01.30 11:11:51.578,0.73323,0.73332,1.88,1.88
2018.01.30 11:11:52.515,0.73323,0.73333,1.25,4.13
2018.01.30 11:11:52.840,0.73325,0.73333,1.00,3.00
2018.01.30 11:11:53.344,0.73325,0.73333,1.00,2.63
2018.01.30 11:11:54.649,0.73323,0.73333,1.00,1.88
2018.01.30 11:11:55.717,0.73323,0.73333,1.37,3.38
2018.01.30 11:11:56.403,0.73325,0.73333,1.00,1.88
2018.01.30 11:11:56.988,0.73324,0.73333,1.00,1.88
2018.01.30 11:11:57.656,0.73324,0.73333,1.25,1.88
2018.01.30 11:11:57.904,0.73328,0.73336,1.87,1.50
2018.01.30 11:11:58.408,0.7333,0.73338,1.00,3.38
2018.01.30 11:11:59.180,0.7333,0.73338,1.00,1.88
2018.01.30 11:11:59.824,0.73329,0.73338,1.12,1.88
2018.01.30 11:12:04.990,0.73329,0.73337,1.50,1.75
2018.01.30 11:12:05.147,0.73326,0.73335,1.00,1.00
2018.01.30 11:12:06.024,0.73326,0.73335,1.00,1.50
2018.01.30 11:12:06.624,0.73326,0.73335,1.00,1.13
2018.01.30 11:12:08.041,0.73325,0.73334,1.00,3.38
2018.01.30 11:12:08.767,0.73325,0.73333,1.00,1.88
2018.01.30 11:12:08.819,0.73323,0.73333,1.00,2.25
2018.01.30 11:12:09.929,0.73323,0.73333,1.00,3.19
2018.01.30 11:12:10.361,0.73321,0.7333,1.10,1.38
2018.01.30 11:12:10.954,0.73321,0.73329,1.00,1.63
2018.01.30 11:12:12.215,0.73321,0.7333,1.00,2.25
2018.01.30 11:12:13.336,0.73321,0.73328,1.00,1.00
2018.01.30 11:12:19.005,0.7332,0.73328,1.00,1.38
2018.01.30 11:12:19.537,0.7332,0.73328,1.00,1.13
2018.01.30 11:12:23.785,0.7332,0.73328,1.00,1.38
2018.01.30 11:12:25.099,0.7332,0.73328,1.00,1.00
2018.01.30 11:12:34.348,0.73321,0.73328,1.00,1.00
2018.01.30 11:12:35.529,0.73321,0.73329,1.00,1.50
2018.01.30 11:12:36.053,0.73321,0.73329,1.00,1.38
2018.01.30 11:12:36.417,0.73321,0.7333,1.00,2.25
2018.01.30 11:12:37.122,0.73321,0.73329,1.12,1.00
2018.01.30 11:12:37.328,0.73326,0.73332,5.06,1.00
2018.01.30 11:12:37.380,0.73328,0.73337,1.12,2.33
2018.01.30 11:12:37.535,0.7333,0.73337,1.00,1.38
2018.01.30 11:12:37.740,0.7333,0.73337,1.00,1.13
2018.01.30 11:12:38.743,0.7333,0.73339,1.12,1.38
2018.01.30 11:12:40.300,0.7333,0.73339,1.50,1.88
2018.01.30 11:12:40.893,0.7333,0.73339,1.50,1.88
2018.01.30 11:12:41.360,0.73332,0.7334,1.00,3.75
2018.01.30 11:12:42.977,0.73331,0.73339,1.12,2.25
2018.01.30 11:12:43.645,0.73331,0.73339,1.12,3.00
2018.01.30 11:12:44.160,0.7333,0.73339,1.50,3.56
2018.01.30 11:12:46.878,0.7333,0.73338,1.50,1.63
2018.01.30 11:12:47.785,0.7333,0.73338,1.50,1.13
2018.01.30 11:12:50.128,0.7333,0.73338,1.50,2.63
2018.01.30 11:12:50.751,0.7333,0.73338,1.00,2.63
2018.01.30 11:12:51.344,0.7333,0.73338,1.37,1.88
2018.01.30 11:12:54.956,0.7333,0.73338,1.12,2.06
2018.01.30 11:12:57.578,0.7333,0.73338,1.00,1.88
2018.01.30 11:12:58.344,0.73331,0.73338,1.00,1.13
2018.01.30 11:13:00.039,0.73331,0.73339,1.00,3.19
2018.01.30 11:13:00.812,0.73331,0.73339,1.00,1.88
2018.01.30 11:13:01.326,0.73331,0.73339,1.00,2.25
2018.01.30 11:13:06.903,0.73333,0.7334,2.06,1.50
2018.01.30 11:13:07.416,0.73334,0.7334,1.00,1.00
2018.01.30 11:13:07.518,0.73332,0.7334,2.25,1.00
2018.01.30 11:13:08.024,0.73332,0.73339,1.50,1.00
2018.01.30 11:13:10.882,0.73329,0.73336,2.32,1.00
2018.01.30 11:13:11.141,0.73324,0.73332,1.00,1.00
2018.01.30 11:13:11.783,0.73323,0.73332,1.10,1.00
2018.01.30 11:13:11.988,0.73323,0.7333,1.00,1.00
2018.01.30 11:13:12.915,0.73323,0.73329,1.00,1.00
2018.01.30 11:13:13.119,0.73321,0.73328,1.00,1.00
2018.01.30 11:13:13.628,0.73321,0.73326,1.00,1.00
2018.01.30 11:13:13.680,0.73319,0.73326,1.50,1.00
2018.01.30 11:13:20.646,0.7332,0.73326,1.00,1.00
2018.01.30 11:13:20.698,0.7332,0.73328,3.82,1.00
2018.01.30 11:13:26.332,0.7332,0.73327,1.00,1.00
2018.01.30 11:13:26.906,0.7332,0.73328,1.00,1.13
2018.01.30 11:13:29.011,0.73319,0.73327,1.57,1.00
2018.01.30 11:13:51.178,0.73319,0.73325,1.10,1.00
2018.01.30 11:13:51.806,0.73319,0.73327,1.10,1.00
2018.01.30 11:13:59.536,0.73318,0.73326,2.81,1.12
2018.01.30 11:14:01.277,0.73318,0.73326,2.62,1.00
2018.01.30 11:14:01.824,0.7332,0.73326,1.00,1.00
2018.01.30 11:14:06.934,0.73322,0.7333,3.19,1.00
2018.01.30 11:14:07.090,0.73323,0.7333,2.25,1.00
2018.01.30 11:14:07.141,0.73323,0.73333,1.12,1.20
2018.01.30 11:14:07.294,0.73325,0.73335,1.00,2.32
2018.01.30 11:14:07.603,0.7333,0.73339,1.00,1.25
2018.01.30 11:14:08.753,0.7333,0.73339,1.13,1.38
2018.01.30 11:14:09.275,0.7333,0.73339,1.00,1.13
2018.01.30 11:14:10.171,0.73334,0.73342,1.00,4.20
2018.01.30 11:14:10.301,0.73335,0.73345,1.25,2.70
2018.01.30 11:14:10.456,0.73337,0.73345,1.00,2.25
2018.01.30 11:14:10.974,0.73337,0.73345,1.00,3.08
2018.01.30 11:14:11.482,0.73336,0.73347,1.00,4.01
2018.01.30 11:14:12.027,0.73336,0.73345,1.00,1.58
2018.01.30 11:14:12.573,0.73336,0.73346,1.00,4.01
2018.01.30 11:14:12.727,0.73336,0.73345,1.00,1.10
2018.01.30 11:14:13.324,0.73335,0.73345,1.00,4.58
2018.01.30 11:14:13.875,0.73335,0.73344,1.00,1.58
2018.01.30 11:14:14.506,0.73335,0.73343,1.00,1.20
2018.01.30 11:14:15.014,0.73335,0.73343,1.00,1.20
2018.01.30 11:14:16.169,0.73335,0.73344,1.00,4.01
2018.01.30 11:14:16.323,0.73333,0.73343,1.00,2.33
2018.01.30 11:14:17.124,0.73333,0.73343,1.25,3.08
2018.01.30 11:14:17.665,0.73333,0.73343,1.00,2.33
2018.01.30 11:14:18.273,0.73332,0.73342,1.25,3.08
2018.01.30 11:14:18.375,0.73331,0.7334,1.50,1.95
2018.01.30 11:14:18.426,0.7333,0.7334,1.12,2.33
2018.01.30 11:14:20.073,0.7333,0.73339,1.00,2.70
2018.01.30 11:14:20.587,0.73329,0.73339,1.50,2.70
2018.01.30 11:14:20.851,0.73329,0.73339,1.50,4.20
2018.01.30 11:14:21.182,0.73334,0.73342,1.00,1.10
2018.01.30 11:14:24.231,0.73335,0.73343,1.00,1.45
2018.01.30 11:14:24.743,0.73334,0.73343,1.00,2.14
2018.01.30 11:14:25.382,0.73334,0.73343,1.00,2.14
2018.01.30 11:14:26.236,0.73334,0.73344,1.50,3.00
2018.01.30 11:14:27.099,0.73337,0.73345,1.00,1.25
2018.01.30 11:14:27.612,0.73338,0.73347,2.81,1.00
2018.01.30 11:14:29.165,0.73339,0.73349,1.00,2.25
2018.01.30 11:14:29.796,0.73339,0.73349,1.01,3.00
2018.01.30 11:14:30.572,0.7334,0.7335,1.00,3.56
2018.01.30 11:14:31.636,0.7334,0.7335,1.12,3.94
2018.01.30 11:14:31.941,0.73338,0.73348,1.50,4.12
2018.01.30 11:14:32.044,0.73338,0.73346,1.50,1.00
2018.01.30 11:14:32.302,0.73336,0.73345,1.12,3.00
2018.01.30 11:14:32.736,0.73336,0.73345,1.00,3.19
2018.01.30 11:14:32.840,0.73336,0.73345,1.00,1.69
2018.01.30 11:14:32.891,0.73336,0.73345,1.00,3.19
2018.01.30 11:14:33.453,0.73336,0.73345,1.00,2.81
2018.01.30 11:14:34.088,0.73336,0.73344,1.00,1.63
2018.01.30 11:14:34.141,0.73336,0.73345,1.50,1.00
2018.01.30 11:14:34.651,0.73337,0.73346,1.00,3.38
2018.01.30 11:14:35.194,0.73336,0.73346,1.00,4.50
2018.01.30 11:14:35.246,0.73336,0.73346,1.00,6.38
2018.01.30 11:14:35.788,0.73336,0.73345,1.00,1.95
2018.01.30 11:14:36.362,0.73335,0.73344,1.00,1.50
2018.01.30 11:14:36.731,0.73332,0.73342,1.20,1.38
2018.01.30 11:14:37.194,0.73334,0.73343,1.00,3.00
2018.01.30 11:14:37.695,0.73334,0.73343,3.00,2.63
2018.01.30 11:14:38.241,0.73334,0.73343,3.19,1.13
2018.01.30 11:14:39.433,0.73334,0.73344,2.25,1.13
2018.01.30 11:14:41.989,0.73334,0.73343,1.00,1.00
2018.01.30 11:14:42.878,0.73334,0.73343,1.00,1.38
2018.01.30 11:14:43.124,0.73334,0.73344,1.00,3.38
2018.01.30 11:14:46.642,0.73335,0.73344,1.00,2.63
2018.01.30 11:14:49.036,0.73335,0.73344,1.00,2.62
2018.01.30 11:14:49.087,0.73338,0.73345,1.00,2.25
2018.01.30 11:14:49.258,0.73338,0.73348,3.00,2.70
2018.01.30 11:14:49.464,0.73339,0.73347,1.00,1.37
2018.01.30 11:14:50.593,0.73339,0.73348,1.00,1.88
2018.01.30 11:14:51.099,0.73339,0.73349,1.87,5.63
2018.01.30 11:14:51.661,0.73339,0.73348,1.00,1.00
2018.01.30 11:14:52.171,0.7334,0.73349,1.00,1.38
2018.01.30 11:14:52.679,0.73341,0.73351,3.37,7.50
2018.01.30 11:14:52.732,0.73343,0.73351,1.00,1.87
2018.01.30 11:14:52.888,0.73344,0.73353,1.00,3.00
2018.01.30 11:14:54.108,0.73344,0.73354,1.25,2.62
2018.01.30 11:14:54.936,0.73344,0.73354,1.87,3.38
2018.01.30 11:14:55.921,0.73344,0.73354,1.00,2.63
2018.01.30 11:14:56.715,0.73344,0.73354,1.31,2.06
2018.01.30 11:14:57.369,0.7335,0.73358,1.00,1.76
2018.01.30 11:14:58.552,0.73349,0.73358,1.00,1.50
2018.01.30 11:14:59.176,0.73349,0.73359,1.00,3.00
2018.01.30 11:14:59.579,0.73349,0.73359,1.00,3.08
2018.01.30 11:15:00.101,0.7335,0.73359,1.00,2.63
2018.01.30 11:15:00.735,0.7335,0.73359,1.00,2.81
2018.01.30 11:15:01.278,0.7335,0.73359,1.00,1.12
2018.01.30 11:15:01.857,0.7335,0.73359,1.00,1.88
2018.01.30 11:15:02.370,0.7335,0.73359,1.00,2.25
2018.01.30 11:15:02.936,0.7335,0.73359,1.00,2.25
2018.01.30 11:15:03.090,0.7335,0.73359,1.00,1.88
2018.01.30 11:15:03.621,0.7335,0.73359,1.00,2.06
2018.01.30 11:15:03.725,0.7335,0.73359,1.00,1.69
2018.01.30 11:15:05.403,0.7335,0.73359,1.00,1.44
2018.01.30 11:15:05.456,0.73347,0.73357,1.87,2.25
2018.01.30 11:15:05.509,0.73347,0.73355,1.00,1.25
2018.01.30 11:15:05.568,0.73345,0.73354,1.00,1.13
2018.01.30 11:15:06.082,0.73346,0.73354,1.00,3.38
2018.01.30 11:15:06.304,0.73346,0.73354,1.00,3.83
2018.01.30 11:15:07.046,0.73344,0.73354,1.00,3.83
2018.01.30 11:15:07.148,0.73344,0.73354,1.00,3.83
2018.01.30 11:15:07.706,0.73344,0.73354,1.00,6.08
2018.01.30 11:15:09.546,0.73344,0.73353,1.00,2.70
2018.01.30 11:15:09.649,0.73342,0.73351,1.00,1.10
2018.01.30 11:15:10.194,0.73343,0.73351,1.00,3.08
2018.01.30 11:15:10.779,0.73343,0.73351,1.00,3.08
2018.01.30 11:15:11.006,0.73343,0.73351,1.00,3.83
2018.01.30 11:15:11.512,0.73343,0.73351,1.00,3.83
2018.01.30 11:15:13.240,0.73343,0.73351,1.00,1.10
2018.01.30 11:15:14.242,0.73344,0.73351,1.12,1.00
2018.01.30 11:15:14.751,0.73343,0.73351,1.87,1.00
2018.01.30 11:15:15.352,0.73344,0.73351,1.12,1.00
2018.01.30 11:15:17.019,0.73341,0.73349,1.00,1.38
2018.01.30 11:15:17.201,0.73339,0.73348,1.00,1.58
2018.01.30 11:15:21.810,0.73339,0.73348,1.88,1.20
2018.01.30 11:15:22.346,0.73339,0.73348,3.56,1.00
2018.01.30 11:15:22.868,0.73339,0.73348,3.00,1.00
2018.01.30 11:15:23.411,0.7334,0.73348,1.50,1.00
2018.01.30 11:15:23.968,0.73339,0.73348,2.06,1.00
2018.01.30 11:15:25.045,0.73339,0.73349,1.13,1.20
2018.01.30 11:15:25.418,0.73339,0.73348,1.00,1.58
2018.01.30 11:15:26.089,0.73339,0.73346,1.00,1.00
2018.01.30 11:15:26.142,0.73337,0.73346,1.50,1.00
2018.01.30 11:15:26.615,0.73339,0.73347,1.00,4.01
2018.01.30 11:15:27.604,0.73339,0.73347,1.00,1.39
2018.01.30 11:15:28.111,0.7334,0.73349,1.00,4.58
2018.01.30 11:15:30.136,0.7334,0.73348,1.00,1.10
2018.01.30 11:15:34.050,0.7334,0.73349,1.00,3.08
2018.01.30 11:15:34.359,0.73343,0.73352,1.69,1.57
2018.01.30 11:15:35.456,0.73346,0.73353,1.50,1.20
2018.01.30 11:15:35.509,0.73347,0.73355,1.00,1.95
2018.01.30 11:15:35.804,0.73349,0.73357,1.00,2.14
2018.01.30 11:15:36.097,0.73349,0.73357,1.00,1.57
2018.01.30 11:15:38.728,0.7335,0.73358,1.00,1.58
2018.01.30 11:15:39.733,0.7335,0.73359,1.12,3.45
2018.01.30 11:15:40.348,0.7335,0.73359,1.12,3.83
2018.01.30 11:15:47.283,0.7335,0.73359,2.44,3.08
2018.01.30 11:15:48.020,0.7335,0.73359,1.12,3.08
2018.01.30 11:15:49.665,0.7335,0.73359,2.44,2.33
2018.01.30 11:15:50.532,0.7335,0.7336,1.50,2.33
2018.01.30 11:15:51.030,0.7335,0.73357,2.25,1.00
2018.01.30 11:15:51.339,0.73352,0.73357,1.00,1.00
2018.01.30 11:15:53.181,0.7335,0.73357,2.44,1.00
2018.01.30 11:16:00.642,0.73349,0.73357,1.00,1.00
2018.01.30 11:16:03.405,0.73349,0.73356,1.00,1.00
2018.01.30 11:16:08.103,0.7335,0.73356,1.12,1.00
2018.01.30 11:16:08.626,0.7335,0.73357,1.12,1.00
2018.01.30 11:16:09.152,0.73349,0.73357,1.87,1.00
2018.01.30 11:16:09.694,0.7335,0.73357,1.12,1.00
2018.01.30 11:16:11.770,0.73349,0.73357,1.87,1.00
2018.01.30 11:16:15.222,0.7335,0.73357,1.31,1.00
2018.01.30 11:16:15.757,0.73349,0.73357,1.87,1.00
2018.01.30 11:16:21.162,0.7335,0.73357,1.12,1.00
2018.01.30 11:16:21.873,0.73349,0.73357,2.62,1.00
2018.01.30 11:16:29.149,0.73349,0.73357,2.25,1.20
2018.01.30 11:16:29.714,0.73349,0.73357,1.25,1.20
2018.01.30 11:16:36.219,0.73347,0.73354,1.00,1.20
2018.01.30 11:16:36.322,0.73344,0.73352,1.00,2.32
2018.01.30 11:16:36.425,0.73344,0.7335,1.00,1.20
2018.01.30 11:16:36.728,0.73342,0.73348,2.44,1.00
2018.01.30 11:16:38.008,0.7334,0.73348,3.94,1.00
2018.01.30 11:16:38.549,0.7334,0.73348,2.81,1.00
2018.01.30 11:16:39.072,0.7334,0.73347,1.12,1.00
2018.01.30 11:16:39.616,0.73339,0.73346,1.12,1.12
2018.01.30 11:16:40.392,0.73339,0.73346,1.12,1.50
2018.01.30 11:16:40.911,0.73339,0.73346,1.00,1.00
2018.01.30 11:16:52.145,0.73339,0.73346,2.63,1.00
2018.01.30 11:16:52.908,0.73339,0.73347,2.44,1.00
2018.01.30 11:16:53.452,0.73339,0.73347,1.50,1.00
2018.01.30 11:16:53.968,0.73339,0.73347,2.44,1.00
2018.01.30 11:16:54.499,0.73339,0.73347,1.12,1.00
2018.01.30 11:16:55.975,0.73339,0.73347,1.87,1.38
2018.01.30 11:16:56.523,0.73339,0.73347,1.87,1.00
2018.01.30 11:16:58.536,0.73339,0.73347,4.13,1.00
2018.01.30 11:17:04.732,0.73339,0.73347,1.50,1.13
2018.01.30 11:17:05.043,0.73335,0.73342,1.00,1.00
2018.01.30 11:17:08.515,0.73336,0.73344,1.50,1.10
2018.01.30 11:17:08.567,0.73338,0.73345,1.00,1.50
2018.01.30 11:17:09.068,0.73338,0.73346,1.12,1.00
2018.01.30 11:17:09.596,0.73339,0.73346,1.50,1.00
2018.01.30 11:17:14.697,0.73339,0.73346,2.25,1.00
2018.01.30 11:17:15.515,0.7334,0.73348,1.00,1.00
2018.01.30 11:17:15.673,0.73343,0.73349,1.69,1.00
2018.01.30 11:17:15.775,0.73343,0.73351,3.38,1.00
2018.01.30 11:17:16.325,0.73344,0.73351,2.81,1.00
2018.01.30 11:17:19.912,0.73342,0.7335,1.12,1.00
2018.01.30 11:17:20.754,0.73342,0.73349,1.00,1.00
2018.01.30 11:17:22.041,0.7334,0.73349,3.19,1.00
2018.01.30 11:17:22.349,0.7334,0.73349,2.81,1.00
2018.01.30 11:17:22.888,0.73341,0.73349,1.88,1.00
2018.01.30 11:17:24.971,0.73341,0.73347,1.00,1.00
2018.01.30 11:17:37.571,0.7334,0.73347,1.50,1.00
2018.01.30 11:17:38.080,0.73339,0.73347,1.12,1.00
2018.01.30 11:17:38.805,0.73339,0.73346,1.12,1.00
2018.01.30 11:17:40.382,0.73339,0.73347,1.12,1.13
2018.01.30 11:17:41.476,0.73339,0.73347,2.44,1.00
2018.01.30 11:17:42.021,0.73341,0.73347,1.25,1.00
2018.01.30 11:17:42.128,0.73342,0.7335,1.12,1.00
2018.01.30 11:17:42.180,0.73343,0.7335,2.63,1.00
2018.01.30 11:17:42.692,0.73345,0.73351,1.00,1.00
2018.01.30 11:17:44.659,0.73347,0.73353,1.00,1.00
2018.01.30 11:17:44.711,0.73347,0.73355,2.63,1.00
2018.01.30 11:17:45.234,0.73348,0.73356,1.50,1.00
2018.01.30 11:17:46.214,0.73348,0.73357,3.19,1.88
2018.01.30 11:17:51.576,0.73349,0.73355,1.00,1.00
2018.01.30 11:17:51.788,0.73349,0.73357,1.00,2.25
2018.01.30 11:17:52.289,0.73349,0.73357,1.37,1.50
2018.01.30 11:17:53.698,0.73349,0.73357,1.63,1.00
2018.01.30 11:17:54.214,0.7335,0.73358,1.63,1.87
2018.01.30 11:17:54.909,0.7335,0.73358,2.81,1.00
2018.01.30 11:17:55.460,0.73354,0.73361,1.00,1.00
2018.01.30 11:17:55.872,0.73358,0.73365,2.06,1.50
2018.01.30 11:17:56.030,0.73359,0.73367,1.50,1.00
2018.01.30 11:17:56.537,0.73359,0.73367,2.51,1.00
2018.01.30 11:17:57.525,0.73358,0.73366,1.10,1.00
2018.01.30 11:17:58.032,0.73359,0.73366,1.00,1.50
2018.01.30 11:17:59.226,0.73359,0.73366,1.38,1.00
2018.01.30 11:17:59.787,0.73359,0.73366,2.44,1.00
2018.01.30 11:18:00.323,0.7336,0.73366,1.00,1.00
2018.01.30 11:18:00.948,0.7336,0.73366,1.37,1.00
2018.01.30 11:18:01.287,0.73358,0.73366,2.25,1.50
2018.01.30 11:18:01.832,0.73359,0.73366,1.00,1.00
2018.01.30 11:18:02.424,0.73359,0.73366,1.50,1.00
2018.01.30 11:18:02.943,0.73359,0.73366,1.31,1.00
2018.01.30 11:18:04.492,0.7336,0.73366,1.00,1.00
2018.01.30 11:18:07.351,0.73358,0.73366,4.31,1.50
2018.01.30 11:18:07.506,0.73356,0.73363,1.37,1.00
2018.01.30 11:18:07.558,0.73353,0.7336,2.55,1.50
2018.01.30 11:18:07.956,0.73351,0.73359,1.69,1.50
2018.01.30 11:18:08.428,0.73352,0.73357,1.00,1.00
2018.01.30 11:18:08.809,0.73353,0.7336,1.44,1.00
2018.01.30 11:18:09.411,0.73353,0.7336,1.25,1.00
2018.01.30 11:18:10.543,0.73351,0.7336,3.37,1.50
2018.01.30 11:18:11.005,0.7335,0.73358,4.31,1.00
2018.01.30 11:18:11.508,0.73351,0.73359,1.69,1.00
2018.01.30 11:18:12.060,0.73351,0.73357,1.69,1.00
2018.01.30 11:18:12.111,0.73351,0.73359,1.50,1.00
2018.01.30 11:18:12.614,0.73351,0.73358,2.25,1.00
2018.01.30 11:18:13.380,0.73351,0.73358,2.25,1.00
2018.01.30 11:18:13.677,0.73349,0.73358,1.69,1.00
2018.01.30 11:18:14.224,0.73348,0.73357,1.31,1.50
2018.01.30 11:18:15.448,0.73348,0.73356,3.56,1.00
2018.01.30 11:18:16.958,0.7335,0.73356,1.31,1.00
2018.01.30 11:18:17.600,0.73349,0.73356,3.37,1.00
2018.01.30 11:18:19.262,0.73349,0.73357,1.69,1.50
2018.01.30 11:18:19.506,0.7335,0.73357,1.31,1.50
2018.01.30 11:18:21.204,0.73349,0.73357,2.81,1.00
2018.01.30 11:18:24.189,0.73349,0.73357,1.25,1.00
2018.01.30 11:18:24.788,0.73349,0.73357,2.44,1.00
2018.01.30 11:18:26.184,0.73349,0.73357,1.31,1.00
2018.01.30 11:18:26.714,0.73348,0.73357,2.44,1.50
2018.01.30 11:18:29.100,0.73348,0.73357,1.87,1.00
2018.01.30 11:18:30.349,0.73348,0.73357,1.69,1.00
2018.01.30 11:18:30.657,0.73348,0.73357,2.62,1.00
2018.01.30 11:18:31.115,0.73348,0.73355,1.69,1.00
2018.01.30 11:18:31.469,0.73348,0.73355,1.50,1.00
2018.01.30 11:18:32.089,0.73347,0.73355,4.95,1.00
2018.01.30 11:18:32.955,0.73347,0.73355,8.32,1.00
2018.01.30 11:18:34.053,0.73347,0.73355,7.01,1.00
2018.01.30 11:18:38.271,0.73348,0.73355,2.25,1.00
2018.01.30 11:18:38.902,0.73347,0.73355,6.07,1.00
2018.01.30 11:18:39.745,0.73347,0.73355,3.56,1.00
2018.01.30 11:18:40.002,0.73345,0.73351,1.29,1.00
2018.01.30 11:18:40.054,0.73343,0.73351,2.89,1.00
2018.01.30 11:18:40.413,0.73343,0.73349,1.00,1.00
2018.01.30 11:18:40.608,0.7334,0.73349,1.87,1.50
2018.01.30 11:18:40.710,0.73338,0.73347,2.51,1.00
2018.01.30 11:18:41.229,0.73339,0.73346,1.25,1.00
2018.01.30 11:18:42.225,0.73338,0.73346,1.76,1.00
2018.01.30 11:18:43.597,0.73338,0.73346,3.26,1.00
2018.01.30 11:18:44.256,0.73338,0.73346,1.39,1.00
2018.01.30 11:18:44.791,0.73339,0.73346,1.00,1.00
2018.01.30 11:18:45.129,0.73335,0.73342,3.00,1.00
2018.01.30 11:18:45.285,0.73335,0.73341,1.25,1.00
2018.01.30 11:18:45.337,0.73336,0.7334,1.00,1.50
2018.01.30 11:18:45.390,0.73331,0.73338,1.87,1.00
2018.01.30 11:18:45.916,0.73332,0.73338,1.87,1.00
2018.01.30 11:18:46.945,0.7333,0.73338,2.25,1.00
2018.01.30 11:18:47.669,0.7333,0.73338,2.62,1.00
2018.01.30 11:18:47.798,0.73331,0.73338,1.88,1.00
2018.01.30 11:18:48.327,0.73331,0.73338,1.63,1.00
2018.01.30 11:18:48.649,0.7333,0.73336,1.38,1.00
2018.01.30 11:18:48.751,0.7333,0.73336,1.25,1.00
2018.01.30 11:18:49.287,0.7333,0.73336,3.56,1.00
2018.01.30 11:18:49.812,0.73331,0.73336,1.44,1.00
2018.01.30 11:18:49.863,0.73331,0.73338,1.87,1.00
2018.01.30 11:18:50.394,0.73331,0.73338,1.25,1.00
2018.01.30 11:18:51.146,0.73331,0.73338,2.63,1.00
2018.01.30 11:18:51.852,0.73331,0.73338,1.38,1.00
2018.01.30 11:18:52.563,0.7333,0.73338,2.06,1.00
2018.01.30 11:18:53.027,0.73336,0.73342,1.69,2.25
2018.01.30 11:18:53.132,0.73337,0.73345,2.06,1.00
2018.01.30 11:18:54.080,0.73335,0.73344,5.70,1.50
2018.01.30 11:18:54.583,0.73337,0.73344,1.25,1.50
2018.01.30 11:18:55.604,0.73336,0.73344,1.31,1.00
2018.01.30 11:18:55.964,0.73337,0.73344,1.69,1.00
2018.01.30 11:18:56.466,0.73338,0.73345,1.13,1.50
2018.01.30 11:18:56.983,0.73337,0.73345,2.51,1.50
2018.01.30 11:18:58.180,0.73338,0.73345,1.25,1.50
2018.01.30 11:18:58.759,0.73337,0.73345,3.26,1.50
2018.01.30 11:18:59.272,0.73338,0.73345,1.25,1.50
2018.01.30 11:18:59.786,0.73337,0.73345,3.26,1.50
2018.01.30 11:19:00.308,0.73338,0.73345,1.25,1.50
2018.01.30 11:19:01.561,0.73337,0.73345,3.19,1.50
2018.01.30 11:19:02.395,0.73338,0.73345,1.00,1.50
2018.01.30 11:19:02.957,0.73337,0.73345,1.69,1.50
2018.01.30 11:19:04.066,0.73337,0.73345,3.56,1.95
2018.01.30 11:19:04.598,0.73337,0.73345,2.44,1.95
2018.01.30 11:19:08.441,0.73337,0.73345,1.69,1.95
2018.01.30 11:19:08.754,0.7333,0.73337,1.13,1.00
2018.01.30 11:19:09.359,0.73328,0.73337,3.38,1.10
2018.01.30 11:19:09.989,0.73329,0.73337,1.88,1.00
2018.01.30 11:19:12.339,0.73328,0.73337,3.00,1.00
2018.01.30 11:19:12.884,0.73328,0.73337,2.63,1.00
2018.01.30 11:19:14.290,0.7333,0.73337,1.38,1.00
2018.01.30 11:19:15.087,0.7333,0.73337,1.13,1.00
2018.01.30 11:19:15.430,0.73334,0.73338,1.00,1.00
2018.01.30 11:19:16.011,0.73333,0.73339,1.56,1.00
2018.01.30 11:19:16.657,0.73332,0.73338,5.81,1.00
2018.01.30 11:19:16.811,0.73333,0.7334,2.25,1.00
2018.01.30 11:19:17.355,0.73333,0.7334,1.31,1.00
2018.01.30 11:19:17.459,0.73334,0.7334,1.37,1.00
2018.01.30 11:19:17.622,0.73337,0.73343,1.69,1.00
2018.01.30 11:19:18.161,0.73337,0.73344,1.88,1.00
2018.01.30 11:19:18.416,0.73338,0.73346,3.38,1.10
2018.01.30 11:19:18.954,0.73338,0.73346,2.63,1.00
2018.01.30 11:19:19.539,0.73338,0.73346,3.19,1.00
2018.01.30 11:19:19.985,0.7334,0.73348,2.25,1.00
2018.01.30 11:19:20.447,0.7334,0.73348,3.00,1.00
2018.01.30 11:19:20.975,0.7334,0.73348,2.44,1.00
2018.01.30 11:19:22.101,0.73339,0.73348,4.69,1.00
2018.01.30 11:19:22.637,0.7334,0.73348,2.63,1.10
2018.01.30 11:19:23.214,0.73339,0.73348,4.13,1.00
2018.01.30 11:19:26.703,0.73339,0.73348,3.38,1.50
2018.01.30 11:19:27.326,0.73339,0.73347,1.12,1.00
2018.01.30 11:19:28.943,0.73338,0.73346,3.00,1.00
2018.01.30 11:19:32.259,0.73339,0.73346,1.37,1.00
2018.01.30 11:19:37.252,0.73339,0.73346,4.50,1.00
2018.01.30 11:19:37.877,0.73339,0.73346,1.69,1.00
2018.01.30 11:19:39.085,0.7334,0.73346,2.25,1.00
2018.01.30 11:19:39.417,0.73342,0.73349,1.00,1.50
2018.01.30 11:19:39.677,0.73342,0.73351,3.75,1.00
2018.01.30 11:19:40.114,0.73345,0.73352,1.69,1.00
2018.01.30 11:19:40.165,0.73345,0.73354,1.76,1.00
2018.01.30 11:19:40.698,0.73344,0.73353,1.95,1.00
2018.01.30 11:19:41.257,0.73344,0.73351,1.25,1.00
2018.01.30 11:19:41.562,0.73344,0.73351,1.81,1.00
2018.01.30 11:19:41.823,0.73344,0.73353,1.31,1.00
2018.01.30 11:19:42.568,0.73344,0.73353,1.69,1.00
2018.01.30 11:19:42.743,0.73344,0.73353,1.25,1.00
2018.01.30 11:19:43.162,0.73343,0.7335,1.31,1.00
2018.01.30 11:19:43.977,0.73343,0.73352,1.88,1.00
2018.01.30 11:19:44.493,0.73343,0.73352,1.25,1.00
2018.01.30 11:19:45.045,0.73343,0.73352,1.31,1.00
2018.01.30 11:19:45.612,0.73343,0.73352,1.31,1.00
2018.01.30 11:19:46.651,0.73343,0.73352,1.69,1.00
2018.01.30 11:19:47.165,0.73343,0.73352,1.50,1.00
2018.01.30 11:19:48.055,0.73343,0.73352,1.50,1.00
2018.01.30 11:19:48.897,0.73343,0.73352,2.25,1.00
2018.01.30 11:19:49.412,0.73343,0.73352,1.69,1.00
2018.01.30 11:19:49.946,0.73343,0.73352,2.25,1.00
2018.01.30 11:19:50.464,0.73343,0.73349,1.38,1.00
2018.01.30 11:19:50.779,0.73343,0.73352,1.69,1.00
2018.01.30 11:19:51.400,0.73343,0.73352,1.62,1.00
2018.01.30 11:19:51.656,0.73343,0.7335,1.25,1.00
2018.01.30 11:19:52.172,0.7334,0.73349,1.85,1.00
2018.01.30 11:19:52.735,0.73341,0.73349,1.38,1.00
2018.01.30 11:19:53.240,0.7334,0.73349,1.85,1.00
2018.01.30 11:19:54.070,0.73342,0.73348,1.63,1.00
2018.01.30 11:19:54.237,0.73342,0.7335,1.63,2.25
2018.01.30 11:19:55.652,0.73342,0.73349,1.38,1.00
2018.01.30 11:19:57.433,0.73342,0.73349,1.00,1.00
2018.01.30 11:20:01.070,0.73342,0.7335,1.01,1.00
2018.01.30 11:20:01.122,0.73344,0.73352,1.00,1.50
2018.01.30 11:20:01.427,0.73343,0.7335,1.44,1.00
2018.01.30 11:20:01.944,0.73344,0.73351,1.00,1.00
2018.01.30 11:20:05.684,0.73343,0.73351,1.25,1.00
2018.01.30 11:20:07.858,0.73344,0.73351,1.25,1.00
2018.01.30 11:20:12.377,0.73344,0.7335,1.00,1.00
2018.01.30 11:20:15.016,0.73345,0.73351,1.25,1.00
2018.01.30 11:20:31.662,0.73345,0.73352,1.50,1.00
2018.01.30 11:20:33.199,0.73345,0.73352,1.12,1.00
2018.01.30 11:20:40.592,0.73344,0.73352,1.12,1.00
2018.01.30 11:20:42.116,0.73344,0.73351,1.87,1.00
2018.01.30 11:20:46.060,0.73342,0.73351,2.80,1.00
2018.01.30 11:20:46.772,0.73342,0.73349,1.00,1.00
2018.01.30 11:20:47.286,0.73341,0.73349,1.30,1.00
2018.01.30 11:20:47.589,0.7334,0.73347,1.87,1.00
2018.01.30 11:20:53.950,0.7334,0.73347,3.75,1.00
2018.01.30 11:20:55.788,0.73341,0.73348,2.25,1.00
2018.01.30 11:21:02.058,0.73341,0.73348,2.23,1.00
2018.01.30 11:21:03.649,0.73341,0.73348,3.17,1.00
2018.01.30 11:21:04.037,0.73341,0.73348,2.06,1.00
2018.01.30 11:21:04.400,0.73342,0.73348,3.00,1.00
2018.01.30 11:21:04.841,0.73343,0.7335,1.50,1.00
2018.01.30 11:21:05.114,0.73348,0.73352,1.00,1.00
2018.01.30 11:21:05.260,0.7335,0.73358,1.00,1.57
2018.01.30 11:21:06.146,0.73351,0.73358,1.50,1.00
2018.01.30 11:21:06.198,0.73352,0.7336,1.00,1.00
2018.01.30 11:21:06.706,0.73352,0.73361,1.25,1.50
2018.01.30 11:21:07.783,0.73352,0.73361,1.31,1.00
2018.01.30 11:21:08.311,0.73352,0.73361,1.25,1.00
2018.01.30 11:21:08.904,0.73352,0.73361,1.44,1.50
2018.01.30 11:21:09.670,0.73352,0.73361,1.31,1.00
2018.01.30 11:21:10.216,0.73352,0.73361,1.56,1.00
2018.01.30 11:21:10.862,0.73352,0.73362,1.31,1.50
2018.01.30 11:21:12.335,0.73352,0.73362,1.62,1.87
2018.01.30 11:21:14.018,0.73352,0.73362,2.06,1.50
2018.01.30 11:21:14.523,0.73352,0.73362,1.31,1.00
2018.01.30 11:21:15.029,0.73352,0.73362,1.69,1.00
2018.01.30 11:21:15.141,0.73352,0.73362,2.25,1.00
2018.01.30 11:21:15.244,0.73352,0.73362,1.69,1.00
2018.01.30 11:21:16.583,0.73352,0.73362,1.50,1.50
2018.01.30 11:21:17.163,0.73352,0.73362,1.87,1.00
2018.01.30 11:21:18.766,0.73353,0.73362,1.25,1.00
2018.01.30 11:21:19.570,0.73357,0.73362,1.00,1.00
2018.01.30 11:21:19.622,0.73359,0.73365,1.12,2.25
2018.01.30 11:21:19.785,0.73359,0.73369,1.87,4.54
2018.01.30 11:21:19.887,0.73355,0.73364,1.00,1.50
2018.01.30 11:21:19.991,0.73353,0.73363,1.57,1.50
2018.01.30 11:21:20.528,0.73352,0.73362,1.95,1.00
2018.01.30 11:21:24.331,0.73352,0.73361,1.12,1.00
2018.01.30 11:21:29.569,0.73352,0.73361,1.87,1.25
2018.01.30 11:21:30.491,0.73352,0.73361,1.50,1.25
2018.01.30 11:21:30.543,0.7335,0.73359,1.57,1.00
2018.01.30 11:21:30.849,0.73349,0.73359,1.00,6.94
2018.01.30 11:21:31.412,0.73349,0.73359,1.00,5.44
2018.01.30 11:21:31.517,0.73349,0.73356,1.00,3.26
2018.01.30 11:21:31.570,0.73345,0.73353,1.00,2.44
2018.01.30 11:21:31.622,0.73343,0.73352,1.00,1.00
2018.01.30 11:21:33.094,0.73342,0.73353,1.00,3.26
2018.01.30 11:21:34.596,0.73342,0.73352,1.00,1.00
2018.01.30 11:21:37.595,0.73343,0.73351,1.00,1.00
2018.01.30 11:21:38.302,0.73342,0.73352,1.69,1.87
2018.01.30 11:21:41.480,0.73343,0.73352,1.25,1.12
2018.01.30 11:21:42.019,0.73343,0.73353,1.00,2.25
2018.01.30 11:21:43.045,0.73344,0.73353,1.00,1.87
2018.01.30 11:21:45.005,0.73347,0.73357,1.50,3.26
2018.01.30 11:21:45.057,0.73346,0.73355,1.57,1.50
2018.01.30 11:21:45.159,0.73343,0.73353,2.32,1.00
2018.01.30 11:21:45.211,0.73346,0.73353,1.00,1.00
2018.01.30 11:21:46.588,0.73346,0.73354,1.00,3.37
2018.01.30 11:21:46.691,0.73343,0.73353,6.00,1.50
2018.01.30 11:21:47.210,0.73343,0.73352,1.87,1.00
2018.01.30 11:21:47.717,0.73343,0.73354,3.94,3.19
2018.01.30 11:21:48.249,0.73343,0.73353,1.00,1.25
2018.01.30 11:21:49.286,0.73342,0.73353,3.07,2.06
2018.01.30 11:21:50.629,0.73342,0.73353,2.32,1.50
2018.01.30 11:21:50.941,0.73342,0.73353,3.07,1.50
2018.01.30 11:21:51.002,0.73342,0.73353,2.32,1.50
2018.01.30 11:21:51.535,0.73344,0.73354,2.44,1.50
2018.01.30 11:21:51.847,0.73348,0.73354,6.26,1.00
2018.01.30 11:21:52.052,0.7335,0.73359,1.00,1.00
2018.01.30 11:21:57.344,0.73349,0.73359,1.95,3.00
2018.01.30 11:21:58.369,0.73349,0.73358,1.95,1.00
2018.01.30 11:22:00.409,0.73345,0.73355,2.51,1.12
2018.01.30 11:22:00.511,0.73343,0.73353,1.31,1.00
2018.01.30 11:22:01.974,0.73343,0.73353,1.44,1.25
2018.01.30 11:22:02.026,0.73342,0.73352,2.44,1.00
2018.01.30 11:22:02.582,0.73342,0.73352,2.62,1.25
2018.01.30 11:22:03.482,0.73342,0.73352,2.62,2.25
2018.01.30 11:22:09.371,0.73342,0.73352,2.25,3.94
2018.01.30 11:22:10.219,0.73342,0.73352,2.25,2.25
2018.01.30 11:22:10.860,0.73342,0.73352,2.25,2.25
2018.01.30 11:22:11.960,0.73342,0.73352,2.06,2.25
2018.01.30 11:22:18.196,0.73343,0.73352,3.00,1.00
2018.01.30 11:22:18.298,0.73344,0.73354,1.69,1.00
2018.01.30 11:22:18.349,0.73346,0.73354,1.00,1.50
2018.01.30 11:22:22.220,0.73345,0.73353,1.00,1.00
2018.01.30 11:22:22.272,0.73343,0.73354,1.69,3.00
2018.01.30 11:22:23.786,0.73343,0.73352,1.69,1.00
2018.01.30 11:22:24.349,0.73343,0.73352,3.00,1.00
2018.01.30 11:22:30.517,0.73343,0.73352,1.69,1.00
2018.01.30 11:22:33.962,0.73344,0.73352,1.69,1.00
2018.01.30 11:22:34.325,0.73345,0.73355,2.62,3.37
2018.01.30 11:22:34.378,0.73348,0.73355,1.00,1.12
2018.01.30 11:22:34.561,0.73349,0.73359,2.25,1.07
2018.01.30 11:22:35.064,0.73351,0.73359,1.00,1.00
2018.01.30 11:22:36.770,0.7335,0.7336,1.39,1.50
2018.01.30 11:22:37.309,0.7335,0.7336,1.57,1.87
2018.01.30 11:22:38.913,0.73351,0.7336,1.50,3.00
2018.01.30 11:22:39.451,0.73351,0.7336,1.69,1.50
2018.01.30 11:22:40.935,0.73351,0.73361,2.06,3.75
2018.01.30 11:22:41.189,0.73353,0.73361,1.00,1.50
2018.01.30 11:22:41.703,0.73352,0.73361,1.12,1.00
2018.01.30 11:22:42.206,0.73351,0.73361,1.20,3.00
2018.01.30 11:22:42.742,0.73351,0.73361,1.50,2.25
2018.01.30 11:22:43.602,0.73351,0.73361,1.31,4.39
2018.01.30 11:22:43.913,0.73349,0.73359,1.31,1.50
2018.01.30 11:22:44.281,0.73351,0.7336,1.37,1.00
2018.01.30 11:22:44.491,0.73354,0.73363,1.12,2.70
2018.01.30 11:22:44.903,0.73355,0.73365,1.87,3.07
2018.01.30 11:22:45.209,0.73355,0.73365,1.87,2.70
2018.01.30 11:22:45.622,0.73355,0.73365,2.81,3.45
2018.01.30 11:22:45.727,0.73358,0.73365,2.44,1.00
2018.01.30 11:22:45.831,0.73359,0.73369,1.12,2.32
2018.01.30 11:22:46.165,0.73361,0.73369,1.00,1.57
2018.01.30 11:22:46.695,0.7336,0.7337,6.00,2.14
2018.01.30 11:22:47.187,0.73363,0.73373,4.12,3.07
2018.01.30 11:22:47.590,0.73362,0.73371,1.00,1.95
2018.01.30 11:22:48.106,0.73361,0.7337,1.12,1.20
2018.01.30 11:22:48.671,0.73361,0.73371,3.00,4.95
2018.01.30 11:22:48.775,0.73364,0.73372,1.00,2.51
2018.01.30 11:22:48.937,0.73361,0.73371,2.25,1.10
2018.01.30 11:22:49.482,0.73361,0.73371,1.87,1.20
2018.01.30 11:22:49.783,0.73363,0.73371,1.12,1.45
2018.01.30 11:22:50.333,0.73363,0.73371,3.94,1.00
2018.01.30 11:22:50.867,0.73365,0.73374,1.50,1.45
2018.01.30 11:22:50.921,0.73365,0.73374,1.31,2.14
2018.01.30 11:22:51.443,0.73364,0.73373,1.50,1.39
2018.01.30 11:22:51.888,0.73362,0.73373,1.12,2.70
2018.01.30 11:22:52.966,0.73363,0.73373,1.69,1.57
2018.01.30 11:22:53.510,0.73363,0.73373,1.00,3.07
2018.01.30 11:22:53.843,0.73373,0.73383,1.25,1.45
2018.01.30 11:22:53.948,0.73375,0.73384,1.50,1.20
2018.01.30 11:22:54.264,0.73372,0.73377,1.12,1.00
2018.01.30 11:22:54.317,0.73375,0.73383,1.00,1.95
2018.01.30 11:22:54.551,0.73374,0.73383,1.00,1.50
2018.01.30 11:22:54.707,0.73373,0.73381,1.00,1.00
2018.01.30 11:22:54.844,0.73371,0.73381,1.95,1.00
2018.01.30 11:22:56.374,0.73372,0.73381,1.00,1.00
2018.01.30 11:22:58.337,0.73373,0.73381,1.00,1.50
2018.01.30 11:22:58.906,0.73372,0.73381,1.00,1.00
2018.01.30 11:22:59.474,0.73372,0.73383,1.00,3.00
2018.01.30 11:22:59.985,0.73373,0.73383,1.87,2.25
2018.01.30 11:23:00.440,0.73372,0.73381,1.00,3.00
2018.01.30 11:23:01.448,0.73372,0.7338,1.00,1.00
2018.01.30 11:23:02.233,0.73371,0.7338,1.00,2.25
2018.01.30 11:23:02.757,0.7337,0.7338,2.25,1.50
2018.01.30 11:23:03.306,0.7337,0.73379,2.25,1.00
2018.01.30 11:23:04.146,0.7337,0.7338,1.00,2.25
2018.01.30 11:23:07.634,0.7337,0.73379,1.00,1.00
2018.01.30 11:23:08.860,0.7337,0.73374,1.00,1.00
2018.01.30 11:23:08.912,0.73366,0.73374,1.00,1.50
2018.01.30 11:23:09.015,0.73364,0.73374,1.00,2.25
2018.01.30 11:23:09.437,0.73364,0.73372,1.00,1.00
2018.01.30 11:23:10.650,0.73362,0.73371,1.00,1.00
2018.01.30 11:23:11.165,0.73361,0.7337,1.00,1.00
2018.01.30 11:23:12.405,0.73362,0.7337,1.87,1.00
2018.01.30 11:23:12.507,0.73364,0.73373,1.50,2.25
2018.01.30 11:23:13.528,0.73363,0.73373,1.12,1.50
2018.01.30 11:23:13.786,0.73363,0.73371,1.00,1.00
2018.01.30 11:23:14.316,0.73362,0.73371,1.00,1.00
2018.01.30 11:23:15.545,0.73361,0.7337,1.12,1.00
2018.01.30 11:23:16.059,0.7336,0.73369,1.50,1.00
2018.01.30 11:23:16.847,0.7336,0.73368,1.00,1.00
2018.01.30 11:23:18.002,0.7336,0.7337,1.00,3.00
2018.01.30 11:23:20.282,0.73361,0.7337,1.00,2.25
2018.01.30 11:23:24.789,0.73361,0.7337,1.00,2.63
2018.01.30 11:23:24.943,0.7336,0.7337,1.00,4.50
2018.01.30 11:23:25.480,0.73361,0.73368,1.00,1.19
2018.01.30 11:23:26.017,0.73361,0.73368,1.00,1.13
2018.01.30 11:23:26.531,0.73361,0.73369,1.00,4.31
2018.01.30 11:23:27.067,0.73361,0.73369,1.00,2.63
2018.01.30 11:23:27.793,0.73361,0.73369,1.00,2.63
2018.01.30 11:23:28.039,0.73361,0.73369,1.00,1.50
2018.01.30 11:23:28.701,0.73361,0.73369,1.00,1.88
2018.01.30 11:23:29.207,0.73361,0.73369,1.00,1.13
2018.01.30 11:23:29.994,0.73361,0.73369,1.00,1.38
2018.01.30 11:23:32.546,0.73361,0.73369,1.00,1.13
2018.01.30 11:23:33.074,0.73361,0.73369,1.00,1.38
2018.01.30 11:23:33.560,0.7336,0.7337,1.37,1.12
2018.01.30 11:23:34.304,0.7336,0.7337,2.29,2.25
2018.01.30 11:23:34.840,0.7336,0.7337,1.37,1.31
2018.01.30 11:23:39.330,0.73365,0.73372,1.25,1.12
2018.01.30 11:23:39.641,0.73372,0.73381,1.12,1.00
2018.01.30 11:23:40.149,0.73373,0.73381,1.00,1.88
2018.01.30 11:23:40.792,0.73372,0.73382,1.30,4.69
2018.01.30 11:23:41.306,0.73372,0.7338,1.00,1.50
2018.01.30 11:23:41.953,0.73372,0.73379,1.00,1.00
2018.01.30 11:23:42.994,0.73371,0.73379,1.95,1.00
2018.01.30 11:23:43.046,0.73371,0.73381,2.51,1.57
2018.01.30 11:23:43.569,0.7337,0.7338,1.20,1.00
2018.01.30 11:23:44.104,0.7337,0.7338,1.20,1.95
2018.01.30 11:23:44.729,0.7337,0.7338,1.10,2.89
2018.01.30 11:23:45.259,0.7337,0.7338,1.10,2.70
2018.01.30 11:23:45.799,0.7337,0.7338,1.20,4.39
2018.01.30 11:23:46.267,0.7337,0.7338,1.20,2.51
2018.01.30 11:23:46.794,0.73371,0.73381,1.00,2.81
2018.01.30 11:23:46.846,0.73371,0.73381,1.00,4.31
2018.01.30 11:23:47.111,0.73371,0.73381,1.25,1.69
2018.01.30 11:23:47.164,0.73375,0.73384,2.44,1.50
2018.01.30 11:23:48.626,0.73376,0.73385,1.50,1.00
2018.01.30 11:23:48.939,0.73379,0.73387,1.12,1.00
2018.01.30 11:23:49.425,0.7338,0.73389,1.12,2.25
2018.01.30 11:23:49.821,0.73382,0.73389,1.00,1.00
2018.01.30 11:23:50.359,0.73381,0.73389,1.12,1.00
2018.01.30 11:23:50.824,0.73375,0.73385,1.00,1.00
2018.01.30 11:23:51.364,0.73376,0.73386,1.00,3.64
2018.01.30 11:23:51.878,0.73376,0.73386,1.00,3.07
2018.01.30 11:23:52.506,0.73376,0.73386,1.00,4.20
2018.01.30 11:23:52.608,0.73374,0.73383,1.12,1.31
2018.01.30 11:23:53.542,0.73376,0.73383,1.00,1.69
2018.01.30 11:23:54.069,0.73376,0.73384,1.50,1.00
2018.01.30 11:23:54.580,0.73373,0.73382,1.00,1.00
2018.01.30 11:23:55.634,0.73373,0.73382,1.00,1.95
2018.01.30 11:23:56.510,0.73373,0.73382,1.00,1.88
2018.01.30 11:23:56.773,0.73372,0.7338,1.00,1.00
2018.01.30 11:23:59.964,0.73372,0.73381,1.12,1.13
2018.01.30 11:24:00.484,0.73372,0.73381,1.12,1.31
2018.01.30 11:24:01.075,0.73372,0.73381,1.00,1.69
2018.01.30 11:24:02.988,0.73372,0.73381,1.00,1.88
2018.01.30 11:24:04.087,0.73372,0.73381,1.00,1.81
2018.01.30 11:24:04.489,0.73371,0.73381,1.00,2.81
2018.01.30 11:24:05.144,0.73371,0.73381,1.44,3.38
2018.01.30 11:24:05.980,0.73371,0.73381,1.25,1.50
2018.01.30 11:24:06.437,0.73372,0.73381,1.37,1.00
2018.01.30 11:24:07.331,0.73372,0.73382,1.58,2.25
2018.01.30 11:24:09.603,0.73372,0.73382,1.95,1.50
2018.01.30 11:24:10.941,0.73374,0.73382,1.69,1.00
2018.01.30 11:24:11.471,0.73374,0.73383,1.87,1.00
2018.01.30 11:24:11.985,0.73374,0.73383,1.00,1.00
2018.01.30 11:24:12.494,0.73373,0.73382,1.25,1.00
2018.01.30 11:24:15.888,0.73374,0.73383,1.12,1.10
2018.01.30 11:24:16.436,0.73378,0.73385,1.37,1.00
2018.01.30 11:24:16.538,0.73378,0.73387,5.44,1.00
2018.01.30 11:24:17.036,0.7338,0.73389,1.31,1.76
2018.01.30 11:24:18.287,0.7338,0.73389,1.12,1.38
2018.01.30 11:24:18.561,0.73381,0.73389,1.38,1.00
2018.01.30 11:24:18.909,0.73389,0.73394,1.37,1.00
2018.01.30 11:24:19.012,0.7339,0.73399,2.06,1.00
2018.01.30 11:24:19.373,0.73393,0.73401,1.50,1.00
2018.01.30 11:24:19.702,0.73398,0.73402,2.25,1.00
2018.01.30 11:24:19.857,0.73396,0.73402,1.00,1.00
2018.01.30 11:24:20.064,0.73393,0.73402,1.07,1.50
2018.01.30 11:24:20.117,0.73392,0.73402,1.20,3.00
2018.01.30 11:24:20.169,0.73392,0.734,1.12,1.00
2018.01.30 11:24:20.765,0.73392,0.734,1.12,1.87
2018.01.30 11:24:21.279,0.73392,0.734,1.12,2.25
2018.01.30 11:24:22.098,0.73392,0.73401,5.06,1.50
2018.01.30 11:24:22.426,0.73393,0.73401,1.37,1.50
2018.01.30 11:24:22.487,0.73393,0.73401,1.00,1.50
2018.01.30 11:24:23.016,0.73391,0.73401,1.57,1.87
2018.01.30 11:24:23.526,0.73391,0.734,1.00,1.00
2018.01.30 11:24:24.414,0.73391,0.734,4.20,1.00
2018.01.30 11:24:25.924,0.73391,0.73401,4.95,1.50
2018.01.30 11:24:26.356,0.73393,0.73401,2.06,1.00
2018.01.30 11:24:26.865,0.73395,0.73401,1.31,1.00
2018.01.30 11:24:27.448,0.73395,0.73402,1.12,1.00
2018.01.30 11:24:28.852,0.73394,0.73402,1.00,1.00
2018.01.30 11:24:29.731,0.73394,0.73402,3.19,1.50
2018.01.30 11:24:30.120,0.73399,0.73403,1.12,1.00
2018.01.30 11:24:30.672,0.73399,0.73403,1.00,1.00
2018.01.30 11:24:30.853,0.73399,0.73404,1.00,1.00
2018.01.30 11:24:31.060,0.73398,0.73407,1.87,2.25
2018.01.30 11:24:31.216,0.73398,0.73405,1.00,1.50
2018.01.30 11:24:31.525,0.734,0.73408,1.00,2.63
2018.01.30 11:24:31.577,0.734,0.73409,1.00,2.25
2018.01.30 11:24:32.217,0.73401,0.7341,1.00,3.56
2018.01.30 11:24:32.601,0.73401,0.7341,1.00,3.56
2018.01.30 11:24:32.703,0.73398,0.73406,1.00,3.00
2018.01.30 11:24:33.325,0.73398,0.73405,1.50,1.00
2018.01.30 11:24:33.376,0.73398,0.73408,1.50,5.62
2018.01.30 11:24:33.479,0.734,0.73408,1.00,3.00
2018.01.30 11:24:35.998,0.734,0.73407,1.00,1.00
2018.01.30 11:24:36.517,0.734,0.73408,1.00,1.25
2018.01.30 11:24:36.761,0.734,0.7341,1.00,1.25
2018.01.30 11:24:37.276,0.73401,0.7341,1.00,1.25
2018.01.30 11:24:39.851,0.73401,0.7341,1.00,1.69
2018.01.30 11:24:40.236,0.73401,0.7341,1.00,1.25
2018.01.30 11:24:40.703,0.73401,0.7341,1.00,1.50
2018.01.30 11:24:42.087,0.73401,0.7341,1.00,1.50
2018.01.30 11:24:42.504,0.73403,0.73412,1.00,2.81
2018.01.30 11:24:42.556,0.73403,0.73413,1.00,3.94
2018.01.30 11:24:42.883,0.73405,0.73413,1.00,2.25
2018.01.30 11:24:43.144,0.7341,0.73419,1.00,1.25
2018.01.30 11:24:43.504,0.73411,0.73419,1.00,1.50
2018.01.30 11:24:43.990,0.73411,0.73419,1.00,1.25
2018.01.30 11:24:44.544,0.73411,0.73419,1.00,1.31
2018.01.30 11:24:44.875,0.73421,0.73425,1.12,1.00
2018.01.30 11:24:44.927,0.73421,0.73429,1.87,1.69
2018.01.30 11:24:45.030,0.73422,0.73431,1.12,1.00
2018.01.30 11:24:45.082,0.73423,0.73433,1.50,1.00
2018.01.30 11:24:45.185,0.73423,0.73431,1.00,1.44
2018.01.30 11:24:45.238,0.7342,0.7343,1.37,1.69
2018.01.30 11:24:45.684,0.73422,0.73432,1.50,1.25
2018.01.30 11:24:46.096,0.73424,0.73434,1.00,1.25
2018.01.30 11:24:46.416,0.7343,0.73438,1.00,1.00
2018.01.30 11:24:46.723,0.73433,0.73441,1.12,4.31
2018.01.30 11:24:46.965,0.73434,0.73444,2.25,2.81
2018.01.30 11:24:47.069,0.73438,0.73444,1.50,1.00
2018.01.30 11:24:47.120,0.73439,0.73448,1.50,1.00
2018.01.30 11:24:47.225,0.73441,0.7345,1.00,1.00
2018.01.30 11:24:47.332,0.73445,0.73453,3.37,1.25
2018.01.30 11:24:47.505,0.73447,0.73456,1.12,1.00
2018.01.30 11:24:47.723,0.73449,0.73457,1.00,1.69
2018.01.30 11:24:48.036,0.73452,0.73461,1.00,1.69
2018.01.30 11:24:48.088,0.73454,0.73461,1.00,1.00
2018.01.30 11:24:48.139,0.73454,0.73464,1.00,1.47
2018.01.30 11:24:48.191,0.73455,0.73464,1.00,1.65
2018.01.30 11:24:48.305,0.73456,0.73463,1.00,1.25
2018.01.30 11:24:48.549,0.73457,0.73466,1.00,1.95
2018.01.30 11:24:48.600,0.73467,0.73469,4.12,1.50
2018.01.30 11:24:48.652,0.73471,0.73475,1.00,1.57
2018.01.30 11:24:48.703,0.73468,0.73475,1.50,1.12
2018.01.30 11:24:48.754,0.7347,0.73476,1.00,1.00
2018.01.30 11:24:49.095,0.73473,0.7348,1.00,2.06
2018.01.30 11:24:49.400,0.73475,0.7348,1.00,1.87
2018.01.30 11:24:49.941,0.73474,0.7348,1.00,1.87
2018.01.30 11:24:50.178,0.73472,0.73479,1.00,1.31
2018.01.30 11:24:50.281,0.73469,0.73476,1.12,2.25
2018.01.30 11:24:50.587,0.73471,0.73478,1.00,1.12
2018.01.30 11:24:50.973,0.73469,0.73479,1.00,2.06
2018.01.30 11:24:51.419,0.73471,0.73479,1.00,1.31
2018.01.30 11:24:51.972,0.73472,0.7348,1.00,1.12
2018.01.30 11:24:52.329,0.7347,0.73475,1.00,3.37
2018.01.30 11:24:52.678,0.73462,0.73471,1.00,1.12
2018.01.30 11:24:53.251,0.73461,0.7347,1.00,1.25
2018.01.30 11:24:53.357,0.73464,0.73473,1.00,1.12
2018.01.30 11:24:53.461,0.73462,0.73472,1.25,1.12
2018.01.30 11:24:53.979,0.73462,0.73472,1.25,2.44
2018.01.30 11:24:54.518,0.73462,0.73472,1.00,1.00
2018.01.30 11:24:55.047,0.73462,0.73472,1.31,1.69
2018.01.30 11:24:55.628,0.73463,0.73472,1.31,1.00
2018.01.30 11:24:56.170,0.73463,0.73472,1.25,1.00
2018.01.30 11:24:56.222,0.73467,0.73473,1.12,1.00
2018.01.30 11:24:56.398,0.73469,0.73479,1.44,1.37
2018.01.30 11:24:56.918,0.73469,0.73478,1.00,1.00
2018.01.30 11:24:57.441,0.7347,0.73477,1.00,1.00
2018.01.30 11:24:57.862,0.73472,0.73481,1.00,1.00
2018.01.30 11:24:58.800,0.73471,0.73481,1.25,1.69
2018.01.30 11:24:59.804,0.73471,0.73481,1.44,1.69
2018.01.30 11:25:00.265,0.73471,0.73475,1.00,1.00
2018.01.30 11:25:00.574,0.73467,0.73472,1.00,1.43
2018.01.30 11:25:00.732,0.73465,0.73472,1.00,2.06
2018.01.30 11:25:00.784,0.73461,0.73471,1.50,1.00
2018.01.30 11:25:01.224,0.7346,0.73468,1.00,1.00
2018.01.30 11:25:01.326,0.73457,0.73466,1.00,1.50
2018.01.30 11:25:01.378,0.7346,0.73466,1.00,1.00
2018.01.30 11:25:01.429,0.7346,0.73469,1.00,1.25
2018.01.30 11:25:02.514,0.7346,0.73469,1.00,1.63
2018.01.30 11:25:02.975,0.7346,0.7347,1.10,2.25
2018.01.30 11:25:03.429,0.73459,0.73465,1.00,1.00
2018.01.30 11:25:03.482,0.73457,0.73467,1.10,1.87
2018.01.30 11:25:03.803,0.73461,0.7347,1.00,1.12
2018.01.30 11:25:04.313,0.7346,0.7347,1.25,1.00
2018.01.30 11:25:05.600,0.7346,0.73468,1.01,1.00
2018.01.30 11:25:06.136,0.73458,0.73467,1.13,1.00
2018.01.30 11:25:07.038,0.73455,0.73465,1.01,1.00
2018.01.30 11:25:07.140,0.7346,0.73467,1.00,1.00
2018.01.30 11:25:07.294,0.73458,0.73466,1.10,1.00
2018.01.30 11:25:07.396,0.7346,0.73467,1.10,1.00
2018.01.30 11:25:07.610,0.7346,0.7347,1.75,1.00
2018.01.30 11:25:08.081,0.7346,0.73467,1.00,1.00
2018.01.30 11:25:08.236,0.73456,0.73466,1.94,1.00
2018.01.30 11:25:08.287,0.73459,0.73467,1.00,1.25
2018.01.30 11:25:08.818,0.73459,0.73468,1.10,1.00
2018.01.30 11:25:09.126,0.73456,0.73466,1.20,1.00
2018.01.30 11:25:09.655,0.73455,0.73465,2.33,1.00
2018.01.30 11:25:10.239,0.73455,0.73465,2.33,1.00
2018.01.30 11:25:10.600,0.73458,0.73468,2.14,1.00
2018.01.30 11:25:10.781,0.7346,0.73468,1.20,1.00
2018.01.30 11:25:11.333,0.7346,0.73468,1.20,1.00
2018.01.30 11:25:12.084,0.7346,0.73468,2.14,1.00
2018.01.30 11:25:12.627,0.7346,0.73468,1.95,1.00
2018.01.30 11:25:15.420,0.7346,0.73468,1.32,1.00
2018.01.30 11:25:15.996,0.7346,0.73468,1.13,1.00
2018.01.30 11:25:18.783,0.7346,0.73468,1.66,1.00
2018.01.30 11:25:21.028,0.7346,0.73468,1.20,1.00
2018.01.30 11:25:21.182,0.73457,0.73467,3.08,1.50
2018.01.30 11:25:21.473,0.73458,0.73467,1.95,1.50
2018.01.30 11:25:22.036,0.73458,0.73467,1.45,1.50
2018.01.30 11:25:22.618,0.73458,0.73467,2.14,1.50
2018.01.30 11:25:23.151,0.73458,0.73467,1.95,1.50
2018.01.30 11:25:23.989,0.73459,0.73467,1.01,1.50
2018.01.30 11:25:24.299,0.73458,0.73467,1.70,1.50
2018.01.30 11:25:25.470,0.73457,0.73467,2.14,1.50
2018.01.30 11:25:25.572,0.73457,0.73467,1.95,1.50
2018.01.30 11:25:25.674,0.73458,0.73467,1.95,1.50
2018.01.30 11:25:26.200,0.73458,0.73467,2.89,1.00
2018.01.30 11:25:26.746,0.73459,0.73467,1.44,1.00
2018.01.30 11:25:26.849,0.73452,0.73461,1.44,1.00
2018.01.30 11:25:26.901,0.73451,0.73459,1.95,1.00
2018.01.30 11:25:27.426,0.73451,0.73459,1.57,1.00
2018.01.30 11:25:27.731,0.73449,0.73457,1.57,1.00
2018.01.30 11:25:28.289,0.73449,0.73456,1.10,1.00
2018.01.30 11:25:28.973,0.73448,0.73456,2.51,1.00
2018.01.30 11:25:29.467,0.73448,0.73456,2.70,1.00
2018.01.30 11:25:29.670,0.73448,0.73456,1.76,1.00
2018.01.30 11:25:29.721,0.73448,0.73456,2.70,1.00
2018.01.30 11:25:29.939,0.73448,0.73456,1.76,1.00
2018.01.30 11:25:30.314,0.73448,0.73456,1.39,1.00
2018.01.30 11:25:30.979,0.73448,0.73456,1.20,1.00
2018.01.30 11:25:32.237,0.7345,0.73458,1.25,1.00
2018.01.30 11:25:32.744,0.73451,0.73459,1.25,1.00
2018.01.30 11:25:34.310,0.73451,0.73459,1.20,1.00
2018.01.30 11:25:34.832,0.73451,0.73459,1.00,1.00
2018.01.30 11:25:35.345,0.7345,0.73459,1.25,1.00
2018.01.30 11:25:36.862,0.7345,0.73459,1.44,1.00
2018.01.30 11:25:37.399,0.7345,0.73459,1.13,1.44
2018.01.30 11:25:37.932,0.7345,0.73459,1.00,1.25
2018.01.30 11:25:38.623,0.7345,0.73459,1.38,1.00
2018.01.30 11:25:39.084,0.73447,0.73457,3.45,1.13
2018.01.30 11:25:39.238,0.73446,0.73455,3.26,1.00
2018.01.30 11:25:39.544,0.7345,0.73458,1.50,1.00
2018.01.30 11:25:40.121,0.73449,0.73459,1.70,1.00
2018.01.30 11:25:40.630,0.73449,0.73459,1.32,1.00
2018.01.30 11:25:41.452,0.73449,0.73459,2.14,1.00
2018.01.30 11:25:42.031,0.73449,0.73459,1.95,1.00
2018.01.30 11:25:42.569,0.73453,0.7346,1.12,1.00
2018.01.30 11:25:43.079,0.7345,0.7346,1.76,1.00
2018.01.30 11:25:43.183,0.7345,0.73458,1.76,1.00
2018.01.30 11:25:43.596,0.7345,0.7346,2.70,1.00
2018.01.30 11:25:44.116,0.73452,0.73461,1.25,1.00
2018.01.30 11:25:45.440,0.7345,0.73461,3.45,1.00
2018.01.30 11:25:46.557,0.7345,0.73461,3.26,1.00
2018.01.30 11:25:46.817,0.73449,0.73459,1.57,1.00
2018.01.30 11:25:47.325,0.73449,0.73459,1.57,1.00
2018.01.30 11:25:48.011,0.73449,0.73459,2.14,1.31
2018.01.30 11:25:48.554,0.73449,0.73459,1.76,1.12
2018.01.30 11:25:49.075,0.73449,0.73459,1.20,1.12
2018.01.30 11:25:49.625,0.73451,0.7346,1.25,1.00
2018.01.30 11:25:50.469,0.7345,0.7346,4.20,1.00
2018.01.30 11:25:50.804,0.73458,0.73462,1.87,1.00
2018.01.30 11:25:50.857,0.73458,0.73465,2.25,1.00
2018.01.30 11:25:50.909,0.73458,0.73467,2.25,1.00
2018.01.30 11:25:51.064,0.73459,0.73468,1.29,1.50
2018.01.30 11:25:51.583,0.7346,0.73469,1.47,1.00
2018.01.30 11:25:51.688,0.73459,0.73468,1.10,1.00
2018.01.30 11:25:52.180,0.73457,0.73465,1.00,1.00
2018.01.30 11:25:52.333,0.73453,0.73463,2.70,1.00
2018.01.30 11:25:52.844,0.73454,0.73463,1.00,1.45
2018.01.30 11:25:53.200,0.73453,0.73461,1.00,1.20
2018.01.30 11:25:53.731,0.73452,0.73462,1.00,1.20
2018.01.30 11:25:54.439,0.73451,0.73461,1.69,1.20
2018.01.30 11:25:54.747,0.7345,0.73459,1.31,1.00
2018.01.30 11:25:55.263,0.73451,0.73459,1.00,1.00
2018.01.30 11:25:55.967,0.73451,0.73459,1.37,1.00
2018.01.30 11:25:56.682,0.73451,0.73461,1.37,1.20
2018.01.30 11:25:57.051,0.73453,0.73463,1.69,1.70
2018.01.30 11:25:57.157,0.73455,0.73465,1.12,1.45
2018.01.30 11:25:57.210,0.73455,0.73465,1.87,1.20
2018.01.30 11:25:57.262,0.73455,0.73465,1.12,1.20
2018.01.30 11:25:57.418,0.73454,0.73463,1.87,1.00
2018.01.30 11:25:57.469,0.73454,0.73463,1.00,1.95
2018.01.30 11:25:57.826,0.73455,0.73465,4.31,2.14
2018.01.30 11:25:57.877,0.73455,0.73465,2.44,1.20
2018.01.30 11:25:57.929,0.73459,0.73467,1.00,1.00
2018.01.30 11:25:58.128,0.7346,0.7347,1.69,1.20
2018.01.30 11:25:58.335,0.73458,0.73468,1.00,1.95
2018.01.30 11:25:58.489,0.73456,0.73466,1.12,1.00
2018.01.30 11:25:58.837,0.73458,0.73466,1.00,1.10
2018.01.30 11:25:58.889,0.73458,0.73468,2.62,1.76
2018.01.30 11:25:59.409,0.73458,0.73468,2.06,1.20
2018.01.30 11:25:59.974,0.73457,0.73467,2.06,1.95
2018.01.30 11:26:00.402,0.73458,0.73468,3.56,1.20
2018.01.30 11:26:00.941,0.73458,0.73468,2.62,1.20
2018.01.30 11:26:01.099,0.73458,0.73464,1.00,1.20
2018.01.30 11:26:01.150,0.73455,0.73464,1.00,1.20
2018.01.30 11:26:01.202,0.73454,0.73462,1.00,1.20
2018.01.30 11:26:01.781,0.73452,0.73461,1.00,1.39
2018.01.30 11:26:01.883,0.7345,0.73459,3.38,1.20
2018.01.30 11:26:02.395,0.7345,0.7346,1.69,1.20
2018.01.30 11:26:02.910,0.7345,0.7346,2.62,1.20
2018.01.30 11:26:03.804,0.73451,0.73459,1.38,1.50
2018.01.30 11:26:04.442,0.7345,0.73459,1.50,1.95
2018.01.30 11:26:05.023,0.7345,0.73457,1.50,1.00
2018.01.30 11:26:06.060,0.73449,0.73457,1.50,1.00
2018.01.30 11:26:07.430,0.73449,0.73455,1.00,1.00
2018.01.30 11:26:07.533,0.73448,0.73457,3.75,1.00
2018.01.30 11:26:07.637,0.73449,0.73457,1.38,1.00
2018.01.30 11:26:09.042,0.7345,0.73458,1.50,1.00
2018.01.30 11:26:16.677,0.7345,0.73458,1.00,1.38
2018.01.30 11:26:17.207,0.73449,0.73457,1.00,1.00
2018.01.30 11:26:20.654,0.73449,0.73457,1.44,1.00
2018.01.30 11:26:21.879,0.7345,0.73457,1.44,1.00
2018.01.30 11:26:22.474,0.7345,0.73457,1.25,1.00
2018.01.30 11:26:23.008,0.73449,0.73457,1.00,1.00
2018.01.30 11:26:23.539,0.73449,0.73457,1.44,1.00
2018.01.30 11:26:24.041,0.73449,0.73457,1.25,1.00
2018.01.30 11:26:24.861,0.73449,0.73453,1.00,1.00
2018.01.30 11:26:25.168,0.7345,0.73457,1.00,1.20
2018.01.30 11:26:25.308,0.73452,0.73458,1.00,1.00
2018.01.30 11:26:26.098,0.73453,0.73458,1.00,1.00
2018.01.30 11:26:26.621,0.73454,0.73459,1.00,1.00
2018.01.30 11:26:29.956,0.73452,0.73459,1.00,1.00
2018.01.30 11:26:34.793,0.73453,0.73459,1.44,1.00
2018.01.30 11:26:34.845,0.73453,0.73461,1.44,1.10
2018.01.30 11:26:35.396,0.73455,0.73461,1.12,1.00
2018.01.30 11:26:36.296,0.73455,0.7346,1.12,1.00
2018.01.30 11:26:38.845,0.73455,0.73463,1.00,1.95
2018.01.30 11:26:39.475,0.73455,0.73462,1.00,1.00
2018.01.30 11:26:40.165,0.73454,0.73463,1.25,2.70
2018.01.30 11:26:40.706,0.73454,0.73463,1.00,2.70
2018.01.30 11:26:41.250,0.73454,0.73463,1.25,3.07
2018.01.30 11:26:41.843,0.73453,0.73463,1.25,3.07
2018.01.30 11:26:42.591,0.73453,0.73463,1.37,3.26
2018.01.30 11:26:43.114,0.73455,0.73464,1.25,1.95
2018.01.30 11:26:43.890,0.73455,0.73464,1.12,1.50
2018.01.30 11:26:44.731,0.73454,0.73464,1.76,1.87
2018.01.30 11:26:45.451,0.73454,0.73463,1.25,1.00
2018.01.30 11:26:45.991,0.73453,0.73463,1.00,2.25
2018.01.30 11:26:52.052,0.73453,0.73462,1.00,1.50
2018.01.30 11:26:55.566,0.73452,0.73462,1.00,1.50
2018.01.30 11:26:58.811,0.73452,0.73462,1.57,1.44
2018.01.30 11:27:00.324,0.73452,0.73462,1.10,1.62
2018.01.30 11:27:01.029,0.73452,0.73462,1.10,2.06
2018.01.30 11:27:01.080,0.73452,0.73462,1.10,2.06
2018.01.30 11:27:01.596,0.73452,0.73462,1.10,2.06
2018.01.30 11:27:02.368,0.73452,0.73462,1.00,2.06
2018.01.30 11:27:02.626,0.73452,0.73462,1.00,2.06
2018.01.30 11:27:03.592,0.73452,0.73462,1.00,2.81
2018.01.30 11:27:04.226,0.73452,0.73462,1.00,2.81
2018.01.30 11:27:05.252,0.73449,0.73457,4.50,2.44
2018.01.30 11:27:05.356,0.73449,0.73459,4.50,1.31
2018.01.30 11:27:05.512,0.73453,0.73461,1.00,1.50
2018.01.30 11:27:06.065,0.73452,0.73462,1.00,3.37
2018.01.30 11:27:13.038,0.73452,0.73461,1.00,1.31
2018.01.30 11:27:13.577,0.73453,0.73463,1.00,4.50
2018.01.30 11:27:13.966,0.73453,0.73463,1.12,2.44
2018.01.30 11:27:14.643,0.73454,0.73463,1.00,1.31
2018.01.30 11:27:15.203,0.73454,0.73463,1.00,1.25
2018.01.30 11:27:15.757,0.73453,0.73463,1.20,1.25
2018.01.30 11:27:16.336,0.73453,0.73463,1.12,1.44
2018.01.30 11:27:17.350,0.73453,0.73463,1.12,2.25
2018.01.30 11:27:17.886,0.73459,0.73467,1.12,1.00
2018.01.30 11:27:18.090,0.73462,0.73471,1.00,1.00
2018.01.30 11:27:18.831,0.73462,0.73471,1.00,1.44
2018.01.30 11:27:19.347,0.73462,0.73471,1.00,1.25
2018.01.30 11:27:21.159,0.73461,0.73471,1.10,1.44
2018.01.30 11:27:21.469,0.73462,0.73472,1.10,1.31
2018.01.30 11:27:21.908,0.73462,0.73472,1.10,1.50
2018.01.30 11:27:22.447,0.73462,0.73472,1.10,1.50
2018.01.30 11:27:23.508,0.73462,0.73472,1.87,1.25
2018.01.30 11:27:23.867,0.73465,0.73473,1.00,1.50
2018.01.30 11:27:25.826,0.73464,0.73473,1.00,1.69
2018.01.30 11:27:26.341,0.73462,0.73472,1.10,1.00
2018.01.30 11:27:26.753,0.73462,0.73473,1.37,1.50
2018.01.30 11:27:26.958,0.73462,0.73473,1.20,1.50
2018.01.30 11:27:27.477,0.73464,0.73472,1.00,1.00
2018.01.30 11:27:27.632,0.73462,0.73471,1.20,1.00
2018.01.30 11:27:27.736,0.73463,0.73472,1.37,1.50
2018.01.30 11:27:28.261,0.73461,0.73472,1.01,2.06
2018.01.30 11:27:28.364,0.73462,0.73472,1.44,1.00
2018.01.30 11:27:31.095,0.73462,0.73471,1.00,1.00
2018.01.30 11:27:35.026,0.73462,0.73471,1.00,1.44
2018.01.30 11:27:35.733,0.73462,0.73471,1.00,1.25
2018.01.30 11:27:35.885,0.73462,0.73473,1.12,2.44
2018.01.30 11:27:35.938,0.73464,0.73472,1.00,1.00
2018.01.30 11:27:37.941,0.73462,0.73473,1.25,2.06
2018.01.30 11:27:38.467,0.73462,0.73473,1.00,2.44
2018.01.30 11:27:38.994,0.73462,0.73472,1.00,1.31
2018.01.30 11:27:39.618,0.73462,0.73472,1.00,1.56
2018.01.30 11:27:40.353,0.73462,0.73472,1.00,2.06
2018.01.30 11:27:40.856,0.73462,0.73472,1.00,1.69
2018.01.30 11:27:41.388,0.73463,0.73471,1.00,1.25
2018.01.30 11:27:42.102,0.73463,0.73472,1.00,1.69
2018.01.30 11:27:43.452,0.73463,0.73472,1.37,1.50
2018.01.30 11:27:43.963,0.73463,0.73472,1.12,1.50
2018.01.30 11:27:45.938,0.73463,0.73473,1.37,1.87
2018.01.30 11:27:47.574,0.73463,0.73473,1.12,1.50
2018.01.30 11:27:49.476,0.73463,0.73473,1.37,1.69
2018.01.30 11:27:50.117,0.73463,0.73473,1.87,1.50
2018.01.30 11:27:51.264,0.73463,0.73473,1.87,1.31
2018.01.30 11:27:52.130,0.73463,0.73473,1.69,1.00
2018.01.30 11:27:52.637,0.73463,0.73473,1.87,1.50
2018.01.30 11:27:53.423,0.73463,0.73473,1.87,1.19
2018.01.30 11:27:53.991,0.73463,0.73473,2.62,1.00
2018.01.30 11:27:54.519,0.73464,0.73473,1.37,1.00
2018.01.30 11:27:55.060,0.73464,0.73472,1.44,1.00
2018.01.30 11:27:57.022,0.73468,0.73477,1.69,1.20
2018.01.30 11:27:57.075,0.73471,0.73479,1.12,1.10
2018.01.30 11:27:57.217,0.73471,0.73481,1.12,1.00
2018.01.30 11:27:57.320,0.73474,0.73481,1.00,1.25
2018.01.30 11:28:00.739,0.73472,0.73481,2.06,1.00
2018.01.30 11:28:01.486,0.73471,0.7348,1.57,1.00
2018.01.30 11:28:02.303,0.73471,0.7348,1.95,1.00
2018.01.30 11:28:03.002,0.73471,0.7348,1.57,1.00
2018.01.30 11:28:03.519,0.73472,0.7348,1.00,1.00
2018.01.30 11:28:05.627,0.73471,0.7348,1.69,1.00
2018.01.30 11:28:06.135,0.73471,0.7348,1.87,1.00
2018.01.30 11:28:08.187,0.73475,0.7348,1.00,1.00
2018.01.30 11:28:08.342,0.73478,0.73487,1.12,1.20
2018.01.30 11:28:08.395,0.7348,0.7349,1.50,1.47
2018.01.30 11:28:08.447,0.73481,0.73491,1.25,1.87
2018.01.30 11:28:08.966,0.73482,0.73492,1.10,1.25
2018.01.30 11:28:09.018,0.73481,0.73488,1.95,1.00
2018.01.30 11:28:09.430,0.7348,0.73487,1.19,1.00
2018.01.30 11:28:09.687,0.73483,0.73488,1.00,1.00
2018.01.30 11:28:10.015,0.73479,0.73486,4.19,1.00
2018.01.30 11:28:10.738,0.73479,0.73487,3.82,1.00
2018.01.30 11:28:11.258,0.73479,0.73487,3.64,1.00
2018.01.30 11:28:11.566,0.73479,0.73485,1.57,1.00
2018.01.30 11:28:12.116,0.7348,0.73485,1.00,1.00
2018.01.30 11:28:12.871,0.73476,0.73482,1.00,1.00
2018.01.30 11:28:13.129,0.73479,0.73484,1.50,1.00
2018.01.30 11:28:13.232,0.73477,0.73483,1.87,1.00
2018.01.30 11:28:13.336,0.73476,0.73481,4.57,1.00
2018.01.30 11:28:13.679,0.73475,0.73481,1.10,1.00
2018.01.30 11:28:13.938,0.73478,0.73482,1.00,1.00
2018.01.30 11:28:13.990,0.73478,0.73482,1.50,1.00
2018.01.30 11:28:14.143,0.7348,0.73484,1.00,1.00
2018.01.30 11:28:14.195,0.73477,0.73482,2.32,1.00
2018.01.30 11:28:14.449,0.73475,0.73481,1.57,1.00
2018.01.30 11:28:14.500,0.73477,0.73482,1.00,1.00
2018.01.30 11:28:14.973,0.73475,0.73481,1.00,1.00
2018.01.30 11:28:15.381,0.73473,0.7348,1.25,1.00
2018.01.30 11:28:15.432,0.73475,0.73481,1.00,1.00
2018.01.30 11:28:15.636,0.73473,0.73481,1.00,1.00
2018.01.30 11:28:15.687,0.73475,0.73481,1.00,1.00
2018.01.30 11:28:16.220,0.73475,0.73482,1.50,1.25
2018.01.30 11:28:16.741,0.73475,0.73481,1.50,1.00
2018.01.30 11:28:17.578,0.73476,0.73481,1.00,1.50
2018.01.30 11:28:17.884,0.73478,0.73482,1.00,1.00
2018.01.30 11:28:18.162,0.73478,0.73484,1.00,1.00
2018.01.30 11:28:21.772,0.73479,0.73486,1.50,1.00
2018.01.30 11:28:22.343,0.7348,0.73486,1.00,1.00
2018.01.30 11:28:23.342,0.73479,0.73486,2.32,1.00
2018.01.30 11:28:24.384,0.73479,0.73486,1.57,1.00
2018.01.30 11:28:24.490,0.73476,0.73482,1.00,1.37
2018.01.30 11:28:24.636,0.73473,0.73481,1.00,2.62
2018.01.30 11:28:25.209,0.73473,0.73481,1.00,2.62
2018.01.30 11:28:25.984,0.73472,0.73481,1.00,2.62
2018.01.30 11:28:26.718,0.73471,0.73481,2.32,1.44
2018.01.30 11:28:30.513,0.73471,0.73481,2.32,1.25
2018.01.30 11:28:31.127,0.73471,0.73479,1.50,1.00
2018.01.30 11:28:31.750,0.73471,0.73481,1.00,2.44
2018.01.30 11:28:32.093,0.73471,0.73478,1.00,1.00
2018.01.30 11:28:32.452,0.7347,0.7348,1.50,2.06
2018.01.30 11:28:33.490,0.7347,0.7348,1.95,1.69
2018.01.30 11:28:34.022,0.73471,0.7348,1.10,1.12
2018.01.30 11:28:34.569,0.7347,0.7348,1.57,1.50
2018.01.30 11:28:34.724,0.7347,0.73477,1.00,2.62
2018.01.30 11:28:34.776,0.73467,0.73474,1.50,1.12
2018.01.30 11:28:34.879,0.73464,0.73475,1.00,3.37
2018.01.30 11:28:34.992,0.73464,0.73474,1.00,3.19
2018.01.30 11:28:35.505,0.73464,0.73474,1.00,2.62
2018.01.30 11:28:35.661,0.73464,0.73474,1.00,4.50
2018.01.30 11:28:37.247,0.73464,0.73474,1.69,1.25
2018.01.30 11:28:37.451,0.73466,0.73476,1.00,1.25
2018.01.30 11:28:38.095,0.73466,0.73477,2.25,1.25
2018.01.30 11:28:40.692,0.73466,0.73476,1.00,1.12
2018.01.30 11:28:41.219,0.73466,0.73476,1.00,2.89
2018.01.30 11:28:41.734,0.73466,0.73474,1.00,1.25
2018.01.30 11:28:43.630,0.73465,0.73474,1.00,1.50
2018.01.30 11:28:43.950,0.73461,0.7347,1.95,2.62
2018.01.30 11:28:44.271,0.7346,0.73467,1.00,1.44
2018.01.30 11:28:44.447,0.73454,0.73464,1.91,4.87
2018.01.30 11:28:44.967,0.73453,0.73464,1.00,7.39
2018.01.30 11:28:45.018,0.73453,0.73464,1.00,6.64
2018.01.30 11:28:45.559,0.73453,0.73463,1.00,1.01
2018.01.30 11:28:46.099,0.73453,0.73462,1.00,1.44
2018.01.30 11:28:46.611,0.73453,0.73462,1.00,1.37
2018.01.30 11:28:46.737,0.73453,0.73463,1.00,1.37
2018.01.30 11:28:47.347,0.73453,0.73464,1.50,3.82
2018.01.30 11:28:47.887,0.73454,0.73464,1.00,3.82
2018.01.30 11:28:48.714,0.73453,0.73464,1.00,4.20
2018.01.30 11:28:49.267,0.73453,0.73464,1.00,4.76
2018.01.30 11:28:49.788,0.73453,0.73464,1.00,4.76
2018.01.30 11:28:50.388,0.73453,0.73463,1.00,1.44
2018.01.30 11:28:50.897,0.73453,0.73464,1.00,3.45
2018.01.30 11:28:53.294,0.73453,0.73463,1.00,1.44
2018.01.30 11:28:53.506,0.73453,0.73464,1.00,3.64
2018.01.30 11:28:53.790,0.73453,0.73463,1.00,1.37
2018.01.30 11:28:54.370,0.73454,0.73464,2.25,1.95
2018.01.30 11:28:54.473,0.73454,0.73464,1.50,1.95
2018.01.30 11:28:55.123,0.73454,0.73464,1.50,1.87
2018.01.30 11:28:55.985,0.73454,0.73463,1.50,1.37
2018.01.30 11:28:56.668,0.73454,0.73463,1.50,1.19
2018.01.30 11:28:57.358,0.73453,0.73463,1.25,1.00
2018.01.30 11:28:58.091,0.73453,0.73464,1.25,3.56
2018.01.30 11:28:59.794,0.73453,0.73463,1.25,1.50
2018.01.30 11:29:00.346,0.73453,0.73464,1.25,3.56
2018.01.30 11:29:01.325,0.73453,0.73463,1.25,1.50
2018.01.30 11:29:01.831,0.73453,0.73464,1.25,3.56
2018.01.30 11:29:02.440,0.73453,0.73464,1.25,3.26
2018.01.30 11:29:03.080,0.73453,0.73464,1.25,3.64
2018.01.30 11:29:03.744,0.73453,0.73464,1.25,1.69
2018.01.30 11:29:03.849,0.73457,0.73465,1.00,2.32
2018.01.30 11:29:04.056,0.73457,0.73466,1.01,1.00
2018.01.30 11:29:04.579,0.73456,0.73466,2.06,1.00
2018.01.30 11:29:05.082,0.73456,0.73467,1.95,1.00
2018.01.30 11:29:06.274,0.73456,0.73467,2.70,1.00
2018.01.30 11:29:06.805,0.73457,0.73468,1.00,1.00
2018.01.30 11:29:07.931,0.73455,0.73464,1.10,1.50
2018.01.30 11:29:08.047,0.73453,0.73464,2.70,1.76
2018.01.30 11:29:08.512,0.73455,0.73464,1.31,1.00
2018.01.30 11:29:08.908,0.73456,0.73466,1.00,1.50
2018.01.30 11:29:09.649,0.73458,0.73467,1.00,1.00
2018.01.30 11:29:09.753,0.73459,0.7347,2.06,2.32
2018.01.30 11:29:10.265,0.7346,0.7347,1.00,2.62
2018.01.30 11:29:11.831,0.7346,0.7347,1.57,2.06
2018.01.30 11:29:12.361,0.7346,0.73469,1.00,2.06
2018.01.30 11:29:13.213,0.7346,0.73469,2.25,1.00
2018.01.30 11:29:13.735,0.7346,0.7347,2.06,1.69
2018.01.30 11:29:14.312,0.7346,0.7347,2.44,1.50
2018.01.30 11:29:16.770,0.7346,0.7347,2.62,1.69
2018.01.30 11:29:17.296,0.7346,0.7347,2.25,1.00
2018.01.30 11:29:22.122,0.73463,0.73472,1.00,1.00
2018.01.30 11:29:22.456,0.73466,0.73475,2.44,1.00
2018.01.30 11:29:22.558,0.73468,0.73478,1.00,1.95
2018.01.30 11:29:23.133,0.73469,0.73479,1.00,1.12
2018.01.30 11:29:23.849,0.73466,0.73476,1.87,1.50
2018.01.30 11:29:24.372,0.73467,0.73475,1.25,1.00
2018.01.30 11:29:24.682,0.73469,0.73479,1.25,1.50
2018.01.30 11:29:24.786,0.73471,0.73481,1.00,2.25
2018.01.30 11:29:25.485,0.73472,0.73481,1.44,1.50
2018.01.30 11:29:25.593,0.73472,0.73483,1.44,2.81
2018.01.30 11:29:25.799,0.73472,0.7348,1.00,1.00
2018.01.30 11:29:26.066,0.73469,0.7348,2.14,1.00
2018.01.30 11:29:26.443,0.73469,0.73477,1.00,1.69
2018.01.30 11:29:26.546,0.73467,0.73476,1.00,2.44
2018.01.30 11:29:26.648,0.73467,0.73476,1.00,4.01
2018.01.30 11:29:26.750,0.73464,0.73474,2.32,1.00
2018.01.30 11:29:26.903,0.73469,0.73478,1.00,1.10
2018.01.30 11:29:27.419,0.73469,0.73479,1.20,1.00
2018.01.30 11:29:27.883,0.73471,0.73481,1.00,1.00
2018.01.30 11:29:28.490,0.73474,0.73481,1.87,1.00
2018.01.30 11:29:28.542,0.73476,0.73486,1.50,3.07
2018.01.30 11:29:28.658,0.73478,0.73486,1.00,3.07
2018.01.30 11:29:28.711,0.73478,0.73487,1.50,1.12
2018.01.30 11:29:29.020,0.73478,0.73489,1.50,1.57
2018.01.30 11:29:29.274,0.7348,0.73488,1.87,1.10
2018.01.30 11:29:29.326,0.7348,0.7349,1.31,1.39
2018.01.30 11:29:30.554,0.7348,0.7349,3.26,1.00
2018.01.30 11:29:32.866,0.73481,0.73492,2.62,1.12
2018.01.30 11:29:33.020,0.73482,0.73492,1.62,1.12
2018.01.30 11:29:33.560,0.73482,0.73492,1.10,1.12
2018.01.30 11:29:35.118,0.73482,0.73491,1.00,1.00
2018.01.30 11:29:36.703,0.73481,0.73491,4.39,1.25
2018.01.30 11:29:37.226,0.7348,0.7349,1.10,1.00
2018.01.30 11:29:38.291,0.73477,0.73486,1.50,1.50
2018.01.30 11:29:38.760,0.73478,0.73486,1.37,1.10
2018.01.30 11:29:39.017,0.73479,0.73489,4.20,1.00
2018.01.30 11:29:39.221,0.73481,0.73491,1.12,1.00
2018.01.30 11:29:39.987,0.73481,0.73489,1.95,1.00
2018.01.30 11:29:44.958,0.73481,0.73488,1.10,1.00
2018.01.30 11:29:45.314,0.73477,0.73485,1.12,1.12
2018.01.30 11:29:45.612,0.73478,0.73487,1.00,1.00
2018.01.30 11:29:45.918,0.73477,0.73485,1.00,1.50
2018.01.30 11:29:46.357,0.73475,0.73484,1.00,1.12
2018.01.30 11:29:46.409,0.73473,0.73483,1.10,1.50
2018.01.30 11:29:47.683,0.73473,0.73482,1.00,1.00
2018.01.30 11:29:50.874,0.73473,0.73482,1.00,1.44
2018.01.30 11:29:51.411,0.73473,0.7348,1.00,1.00
2018.01.30 11:29:52.013,0.73473,0.7348,1.91,1.00
2018.01.30 11:29:52.066,0.73476,0.73483,1.00,1.00
2018.01.30 11:29:52.169,0.73476,0.73485,1.69,1.12
2018.01.30 11:29:52.351,0.73474,0.73483,1.00,1.25
2018.01.30 11:29:53.159,0.73474,0.73484,1.00,1.69
2018.01.30 11:29:53.463,0.73477,0.73487,2.44,1.07
2018.01.30 11:29:53.773,0.7348,0.73489,1.10,1.00
2018.01.30 11:29:55.283,0.7348,0.7349,1.10,1.50
2018.01.30 11:29:56.191,0.7348,0.7349,1.10,2.06
2018.01.30 11:29:56.796,0.7348,0.7349,1.10,1.69
2018.01.30 11:30:00.217,0.73478,0.73487,1.10,1.00
2018.01.30 11:30:00.518,0.73473,0.73483,1.50,1.87
2018.01.30 11:30:00.743,0.73473,0.73481,1.50,1.00
2018.01.30 11:30:00.797,0.73471,0.73482,2.51,1.31
2018.01.30 11:30:00.900,0.73471,0.73482,2.32,1.62
2018.01.30 11:30:01.287,0.73469,0.73478,1.00,1.12
2018.01.30 11:30:01.802,0.7347,0.73479,1.00,1.37
2018.01.30 11:30:02.341,0.7347,0.7348,2.25,1.25
2018.01.30 11:30:03.080,0.7347,0.73481,2.25,1.00
2018.01.30 11:30:03.133,0.73473,0.73482,1.00,1.50
2018.01.30 11:30:04.216,0.73473,0.73481,1.50,1.00
2018.01.30 11:30:04.731,0.73473,0.73481,1.50,1.44
2018.01.30 11:30:05.259,0.73473,0.73481,1.50,1.37
2018.01.30 11:30:05.609,0.73474,0.73481,1.00,1.25
2018.01.30 11:30:06.062,0.73471,0.73481,2.32,1.44
2018.01.30 11:30:06.608,0.73471,0.73481,1.57,1.25
2018.01.30 11:30:06.755,0.73473,0.73481,1.00,1.69
2018.01.30 11:30:07.916,0.73473,0.73481,1.00,1.87
2018.01.30 11:30:08.524,0.73473,0.73481,1.00,1.44
2018.01.30 11:30:10.546,0.73473,0.73481,1.00,1.25
2018.01.30 11:30:11.033,0.73478,0.73483,1.00,1.12
2018.01.30 11:30:11.136,0.73478,0.73485,1.00,1.87
2018.01.30 11:30:11.652,0.73479,0.73487,1.50,1.00
2018.01.30 11:30:11.755,0.73479,0.73489,1.01,1.25
2018.01.30 11:30:12.327,0.7348,0.73489,1.00,1.00
2018.01.30 11:30:12.843,0.73479,0.73489,1.95,1.00
2018.01.30 11:30:13.354,0.73479,0.7349,2.14,1.87
2018.01.30 11:30:13.868,0.73479,0.7349,1.57,2.06
2018.01.30 11:30:14.023,0.73481,0.7349,1.00,1.00
2018.01.30 11:30:14.570,0.7348,0.73489,1.50,1.00
2018.01.30 11:30:15.467,0.7348,0.7349,1.87,1.00
2018.01.30 11:30:15.979,0.7348,0.73489,1.50,1.50
2018.01.30 11:30:19.476,0.7348,0.73487,1.00,1.50
2018.01.30 11:30:19.580,0.73477,0.73487,2.62,1.50
2018.01.30 11:30:19.686,0.73477,0.73484,1.50,1.00
2018.01.30 11:30:20.312,0.73476,0.73486,3.00,1.00
2018.01.30 11:30:20.990,0.73477,0.73486,1.00,1.00
2018.01.30 11:30:21.551,0.73476,0.73486,3.00,1.00
2018.01.30 11:30:22.884,0.73477,0.73486,1.00,1.00
2018.01.30 11:30:23.617,0.73476,0.73486,3.26,1.00
2018.01.30 11:30:25.104,0.73477,0.73485,1.00,2.25
2018.01.30 11:30:26.025,0.73476,0.73484,1.50,1.00
2018.01.30 11:30:27.053,0.73477,0.73487,1.50,7.01
2018.01.30 11:30:27.106,0.73477,0.73488,1.50,7.76
2018.01.30 11:30:27.657,0.73478,0.73488,1.00,2.06
2018.01.30 11:30:28.164,0.73478,0.73488,1.00,2.44
2018.01.30 11:30:28.668,0.73478,0.73487,1.00,1.87
2018.01.30 11:30:29.178,0.73478,0.73487,1.00,1.00
2018.01.30 11:30:29.631,0.73478,0.73485,1.00,1.00
2018.01.30 11:30:30.221,0.73478,0.73487,1.00,1.50
2018.01.30 11:30:31.465,0.73476,0.73486,1.57,1.25
2018.01.30 11:30:31.517,0.73473,0.73483,1.57,1.50
2018.01.30 11:30:31.623,0.73472,0.73482,1.00,1.87
2018.01.30 11:30:32.209,0.73472,0.73481,1.00,1.44
2018.01.30 11:30:33.807,0.73472,0.73481,1.00,1.57
2018.01.30 11:30:34.349,0.73472,0.73481,1.00,1.57
2018.01.30 11:30:35.162,0.73471,0.7348,1.00,1.20
2018.01.30 11:30:35.214,0.7347,0.7348,1.50,1.82
2018.01.30 11:30:35.761,0.7347,0.7348,1.50,1.57
2018.01.30 11:30:39.950,0.7347,0.73481,1.50,1.89
2018.01.30 11:30:40.502,0.73471,0.73482,3.00,2.70
2018.01.30 11:30:41.023,0.7347,0.7348,2.25,1.57
2018.01.30 11:30:45.087,0.73471,0.73481,1.00,1.87
2018.01.30 11:30:46.683,0.73472,0.73481,1.00,1.50
2018.01.30 11:30:55.419,0.73471,0.73481,2.25,1.25
2018.01.30 11:30:56.598,0.73471,0.73481,1.50,1.44
2018.01.30 11:30:56.933,0.7347,0.73479,3.07,1.37
2018.01.30 11:30:57.528,0.7347,0.73481,3.00,2.62
2018.01.30 11:30:58.096,0.7347,0.73481,3.26,3.64
2018.01.30 11:30:59.057,0.73471,0.73481,1.00,1.31
2018.01.30 11:31:01.298,0.7347,0.73481,2.32,1.31
2018.01.30 11:31:01.605,0.7347,0.73481,3.26,1.50
2018.01.30 11:31:02.237,0.73472,0.7348,1.00,1.00
2018.01.30 11:31:10.733,0.7347,0.73481,2.51,1.31
2018.01.30 11:31:11.276,0.7347,0.73481,2.70,1.87
2018.01.30 11:31:12.098,0.7347,0.7348,1.57,1.00
2018.01.30 11:31:14.310,0.73471,0.73481,1.12,1.50
2018.01.30 11:31:14.859,0.7347,0.7348,1.76,1.25
2018.01.30 11:31:15.372,0.7347,0.7348,1.76,1.25
2018.01.30 11:31:15.896,0.7347,0.7348,1.57,1.00
2018.01.30 11:31:17.255,0.73474,0.7348,1.00,1.50
2018.01.30 11:31:17.496,0.73475,0.73484,2.66,1.50
2018.01.30 11:31:17.751,0.73477,0.73487,1.00,2.32
2018.01.30 11:31:18.008,0.73476,0.73485,1.00,2.25
2018.01.30 11:31:18.389,0.73478,0.73486,1.25,2.25
2018.01.30 11:31:18.442,0.73476,0.73485,1.50,3.00
2018.01.30 11:31:18.496,0.73475,0.73483,1.00,1.00
2018.01.30 11:31:18.600,0.73471,0.73481,2.70,1.00
2018.01.30 11:31:19.901,0.73471,0.7348,1.69,1.00
2018.01.30 11:31:23.718,0.73471,0.73481,1.69,2.32
2018.01.30 11:31:23.770,0.7347,0.73475,1.00,2.62
2018.01.30 11:31:23.903,0.73466,0.73474,1.50,1.50
2018.01.30 11:31:23.955,0.73463,0.73473,2.06,1.57
2018.01.30 11:31:24.315,0.73462,0.73472,2.81,1.45
2018.01.30 11:31:24.848,0.73462,0.73472,2.62,1.20
2018.01.30 11:31:25.391,0.73462,0.73472,2.25,1.95
2018.01.30 11:31:26.324,0.73462,0.73471,1.50,1.20
2018.01.30 11:31:27.087,0.73462,0.7347,1.44,1.10
2018.01.30 11:31:27.778,0.73462,0.7347,1.25,1.10
2018.01.30 11:31:32.146,0.73462,0.73471,1.25,1.95
2018.01.30 11:31:34.013,0.73462,0.73471,1.00,1.95
2018.01.30 11:31:34.771,0.7346,0.7347,2.44,1.20
2018.01.30 11:31:35.717,0.7346,0.7347,2.44,1.20
2018.01.30 11:31:36.065,0.7346,0.7347,3.75,1.20
2018.01.30 11:31:36.175,0.7346,0.7347,2.81,1.20
2018.01.30 11:31:36.804,0.7346,0.7347,3.00,1.20
2018.01.30 11:31:37.315,0.7346,0.7347,2.25,1.20
2018.01.30 11:31:38.476,0.7346,0.7347,2.25,1.20
2018.01.30 11:31:39.040,0.7346,0.7347,2.25,1.20
2018.01.30 11:31:39.578,0.7346,0.7347,2.06,1.20
2018.01.30 11:31:39.880,0.7346,0.73469,1.50,3.45
2018.01.30 11:31:40.067,0.73453,0.73462,1.69,1.07
2018.01.30 11:31:40.654,0.73453,0.73462,1.44,1.07
2018.01.30 11:31:41.200,0.73453,0.73462,1.69,1.07
2018.01.30 11:31:41.717,0.73453,0.73461,1.44,1.10
2018.01.30 11:31:42.292,0.73453,0.73461,1.25,1.10
2018.01.30 11:31:47.625,0.7345,0.73459,1.00,1.39
2018.01.30 11:31:48.146,0.73449,0.7346,1.00,2.70
2018.01.30 11:31:48.785,0.73449,0.7346,3.56,1.57
2018.01.30 11:31:49.316,0.7345,0.73461,1.00,3.07
2018.01.30 11:31:53.293,0.7345,0.73461,1.44,2.89
2018.01.30 11:31:53.920,0.73451,0.73461,1.69,1.57
2018.01.30 11:31:54.465,0.73452,0.73461,1.69,1.20
2018.01.30 11:31:55.684,0.73453,0.73461,1.00,1.20
2018.01.30 11:31:56.644,0.73453,0.73461,1.00,1.20
2018.01.30 11:31:57.880,0.73452,0.73462,1.00,1.45
2018.01.30 11:31:58.424,0.73451,0.7346,1.00,1.45
2018.01.30 11:31:58.937,0.73451,0.7346,1.00,1.20
2018.01.30 11:31:59.465,0.73451,0.73459,1.00,1.00
2018.01.30 11:32:06.809,0.73451,0.73459,1.00,1.57
2018.01.30 11:32:06.962,0.73449,0.7346,1.00,1.95
2018.01.30 11:32:10.232,0.73449,0.7346,1.00,2.32
2018.01.30 11:32:11.127,0.73449,0.7346,1.00,1.69
2018.01.30 11:32:12.720,0.73449,0.7346,1.25,2.62
2018.01.30 11:32:13.378,0.73449,0.7346,1.00,1.69
2018.01.30 11:32:14.218,0.73449,0.73458,1.00,2.89
2018.01.30 11:32:14.323,0.73444,0.73453,1.00,1.95
2018.01.30 11:32:14.375,0.73442,0.73451,1.00,1.50
2018.01.30 11:32:14.885,0.73441,0.73451,3.00,1.10
2018.01.30 11:32:16.081,0.73441,0.73451,2.06,1.95
2018.01.30 11:32:16.809,0.73441,0.73451,1.69,1.57
2018.01.30 11:32:17.366,0.73441,0.73451,1.87,1.57
2018.01.30 11:32:17.885,0.73441,0.73451,1.44,1.00
2018.01.30 11:32:18.662,0.73441,0.73451,2.62,1.00
2018.01.30 11:32:19.164,0.73442,0.73452,2.25,1.57
2018.01.30 11:32:20.704,0.73441,0.73451,1.76,1.00
2018.01.30 11:32:21.241,0.73441,0.73452,1.20,1.57
2018.01.30 11:32:22.019,0.73441,0.73452,1.47,1.57
2018.01.30 11:32:22.681,0.73442,0.73452,1.50,1.00
2018.01.30 11:32:23.333,0.73442,0.73452,3.00,1.00
2018.01.30 11:32:23.896,0.73441,0.73451,3.75,1.00
2018.01.30 11:32:24.927,0.73441,0.73451,3.75,1.00
2018.01.30 11:32:26.112,0.73441,0.73451,1.87,1.00
2018.01.30 11:32:26.640,0.73441,0.73451,2.62,1.00
2018.01.30 11:32:27.925,0.73441,0.73451,2.62,1.00
2018.01.30 11:32:28.430,0.73441,0.73451,2.81,1.00
2018.01.30 11:32:28.939,0.73443,0.7345,1.12,1.00
2018.01.30 11:32:29.479,0.73443,0.7345,1.63,1.00
2018.01.30 11:32:29.532,0.73442,0.7345,1.31,1.00
2018.01.30 11:32:30.056,0.73444,0.73451,4.31,1.00
2018.01.30 11:32:30.108,0.73445,0.73453,1.50,1.00
2018.01.30 11:32:30.212,0.73446,0.73455,1.50,1.00
2018.01.30 11:32:30.264,0.73448,0.73457,1.50,1.00
2018.01.30 11:32:30.616,0.73446,0.73455,3.26,1.00
2018.01.30 11:32:30.668,0.73444,0.73455,3.26,1.00
2018.01.30 11:32:31.260,0.73444,0.73454,1.20,1.00
2018.01.30 11:32:31.689,0.73442,0.73452,2.32,1.50
2018.01.30 11:32:33.000,0.73442,0.73452,2.14,1.50
2018.01.30 11:32:33.626,0.73442,0.73452,3.07,1.50
2018.01.30 11:32:34.501,0.73442,0.73452,2.14,1.50
2018.01.30 11:32:35.245,0.73442,0.73452,3.26,1.50
2018.01.30 11:32:35.786,0.73442,0.73452,2.14,1.50
2018.01.30 11:32:36.280,0.73438,0.73446,1.00,1.00
2018.01.30 11:32:36.434,0.73434,0.73443,1.01,1.00
2018.01.30 11:32:36.590,0.73432,0.73442,3.52,1.50
2018.01.30 11:32:36.899,0.73432,0.7344,2.51,1.00
2018.01.30 11:32:37.206,0.73432,0.73442,1.69,1.50
2018.01.30 11:32:37.440,0.73432,0.73442,2.06,1.50
2018.01.30 11:32:42.908,0.73436,0.73444,1.50,1.57
2018.01.30 11:32:43.013,0.73441,0.7345,1.12,1.00
2018.01.30 11:32:43.065,0.73442,0.73452,1.25,1.57
2018.01.30 11:32:43.674,0.73442,0.73452,1.44,1.00
2018.01.30 11:32:44.183,0.73442,0.73452,1.37,1.00
2018.01.30 11:32:44.686,0.73443,0.73451,1.25,1.00
2018.01.30 11:32:45.238,0.73443,0.7345,1.63,1.00
2018.01.30 11:32:45.758,0.73443,0.7345,1.13,1.00
2018.01.30 11:32:48.654,0.73443,0.73451,1.25,1.00
2018.01.30 11:32:48.707,0.73441,0.73451,1.88,1.00
2018.01.30 11:32:49.786,0.73441,0.73451,2.14,1.69
2018.01.30 11:32:50.081,0.73439,0.73449,1.95,1.00
2018.01.30 11:32:50.189,0.73438,0.73448,1.25,1.00
2018.01.30 11:32:51.082,0.73438,0.73448,1.44,1.69
2018.01.30 11:32:51.628,0.73438,0.73448,1.25,1.00
2018.01.30 11:32:52.399,0.73438,0.73448,1.44,1.25
2018.01.30 11:32:52.789,0.73439,0.73449,3.45,1.00
2018.01.30 11:32:53.095,0.7344,0.7345,1.87,1.00
2018.01.30 11:32:53.601,0.7344,0.7345,1.87,1.00
2018.01.30 11:32:54.134,0.73441,0.73451,1.87,1.50
2018.01.30 11:32:54.872,0.73441,0.73451,1.37,1.50
2018.01.30 11:32:56.145,0.73441,0.73451,1.37,1.00
2018.01.30 11:32:58.159,0.73441,0.73451,1.12,2.25
2018.01.30 11:32:58.756,0.73441,0.73451,1.37,1.00
2018.01.30 11:32:59.480,0.73441,0.73452,1.50,2.25
2018.01.30 11:32:59.985,0.73441,0.73452,1.50,1.50
2018.01.30 11:33:00.488,0.73441,0.73452,1.50,1.69
2018.01.30 11:33:01.114,0.73441,0.73452,1.50,2.25
2018.01.30 11:33:01.841,0.73441,0.73451,2.25,1.00
2018.01.30 11:33:02.450,0.73441,0.73451,1.50,1.00
2018.01.30 11:33:04.652,0.73441,0.73452,1.50,1.50
2018.01.30 11:33:05.091,0.73441,0.73451,1.50,1.44
2018.01.30 11:33:05.607,0.73441,0.73451,1.12,1.25
2018.01.30 11:33:06.056,0.7344,0.73449,1.00,1.00
2018.01.30 11:33:06.367,0.73437,0.73444,1.00,1.00
2018.01.30 11:33:06.911,0.73437,0.73445,1.00,1.50
2018.01.30 11:33:07.524,0.73437,0.73444,1.00,1.00
2018.01.30 11:33:07.575,0.73435,0.73445,1.88,1.00
2018.01.30 11:33:08.078,0.73435,0.73446,2.06,2.62
2018.01.30 11:33:08.412,0.73433,0.73443,2.25,1.00
2018.01.30 11:33:08.956,0.73433,0.73443,2.06,1.57
2018.01.30 11:33:09.524,0.73433,0.73443,2.06,1.95
2018.01.30 11:33:10.055,0.73433,0.73443,2.81,1.57
2018.01.30 11:33:10.581,0.73433,0.73443,2.06,1.76
2018.01.30 11:33:11.092,0.73433,0.73443,1.00,2.70
2018.01.30 11:33:11.639,0.73433,0.73441,1.00,1.00
2018.01.30 11:33:12.292,0.73432,0.73441,1.69,1.00
2018.01.30 11:33:12.496,0.73432,0.73441,2.06,1.00
2018.01.30 11:33:13.045,0.73432,0.73441,1.69,1.00
2018.01.30 11:33:13.676,0.73432,0.73441,2.06,1.00
2018.01.30 11:33:14.206,0.73432,0.73441,1.69,1.00
2018.01.30 11:33:14.908,0.73432,0.73441,2.06,1.00
2018.01.30 11:33:15.141,0.73432,0.73439,1.50,1.00
2018.01.30 11:33:15.448,0.7343,0.73436,1.00,1.00
2018.01.30 11:33:16.013,0.73429,0.73436,1.31,1.00
2018.01.30 11:33:16.518,0.73429,0.73435,1.00,1.00
2018.01.30 11:33:17.626,0.7343,0.73435,1.00,1.00
2018.01.30 11:33:19.410,0.7343,0.73435,1.31,1.00
2018.01.30 11:33:19.911,0.7343,0.73438,1.31,2.25
2018.01.30 11:33:20.420,0.7343,0.73438,1.62,1.00
2018.01.30 11:33:21.787,0.73431,0.73438,1.65,1.00
2018.01.30 11:33:22.499,0.73431,0.73438,1.65,1.00
2018.01.30 11:33:22.681,0.73431,0.73438,1.31,1.00
2018.01.30 11:33:23.195,0.73431,0.73438,1.63,1.00
2018.01.30 11:33:23.888,0.73431,0.73438,1.63,1.00
2018.01.30 11:33:24.914,0.73431,0.73438,1.13,1.50
2018.01.30 11:33:25.241,0.7343,0.73436,1.13,1.00
2018.01.30 11:33:25.548,0.73429,0.73434,1.00,1.00
2018.01.30 11:33:40.365,0.73428,0.73436,1.12,1.00
2018.01.30 11:33:41.702,0.73428,0.73435,1.12,1.00
2018.01.30 11:33:43.136,0.73429,0.73435,1.00,1.50
2018.01.30 11:33:55.766,0.73429,0.73436,2.25,2.25
2018.01.30 11:34:00.679,0.73428,0.73432,1.50,1.00
2018.01.30 11:34:00.733,0.73426,0.73433,1.00,1.50
2018.01.30 11:34:00.982,0.73427,0.73433,3.37,1.00
2018.01.30 11:34:01.395,0.73428,0.73435,3.38,1.00
2018.01.30 11:34:01.499,0.73424,0.73432,2.06,1.50
2018.01.30 11:34:01.551,0.73423,0.73428,1.50,1.00
2018.01.30 11:34:01.814,0.7342,0.73427,1.13,1.00
2018.01.30 11:34:02.403,0.7342,0.73427,1.56,1.00
2018.01.30 11:34:02.906,0.7342,0.73427,1.25,1.00
2018.01.30 11:34:04.983,0.73419,0.73425,1.38,1.00
2018.01.30 11:34:05.086,0.73419,0.73427,1.88,1.00
2018.01.30 11:34:06.074,0.73419,0.73429,3.00,1.00
2018.01.30 11:34:06.125,0.7342,0.73429,1.12,1.00
2018.01.30 11:34:06.662,0.7342,0.73429,1.31,1.00
2018.01.30 11:34:07.249,0.7342,0.73429,1.25,1.00
2018.01.30 11:34:08.555,0.7342,0.73429,1.00,1.95
2018.01.30 11:34:08.607,0.73419,0.73429,1.00,3.26
2018.01.30 11:34:09.049,0.73417,0.73424,1.00,1.10
2018.01.30 11:34:09.588,0.73418,0.73426,3.19,1.20
2018.01.30 11:34:10.716,0.73419,0.73426,1.00,2.70
2018.01.30 11:34:10.871,0.73416,0.73425,1.38,1.95
2018.01.30 11:34:11.396,0.73417,0.73425,1.44,1.45
2018.01.30 11:34:11.917,0.73417,0.73425,1.00,1.95
