2017.04.10 23:00:00.875,0.69665,0.69679,1.00,1.00
2017.04.10 23:00:01.316,0.69669,0.69681,1.00,1.12
2017.04.10 23:00:01.826,0.69672,0.69683,1.50,2.62
2017.04.10 23:00:02.129,0.69675,0.69685,1.00,1.00
2017.04.10 23:00:02.418,0.69675,0.69687,1.00,1.50
2017.04.10 23:00:02.925,0.69676,0.69688,1.00,1.50
2017.04.10 23:00:04.858,0.69677,0.69688,1.00,1.50
2017.04.10 23:00:06.525,0.69679,0.69689,1.00,1.00
2017.04.10 23:00:07.593,0.69675,0.69689,2.25,1.00
2017.04.10 23:00:08.551,0.69677,0.6969,1.00,1.50
2017.04.10 23:00:11.777,0.69679,0.69691,1.00,1.87
2017.04.10 23:00:12.132,0.69677,0.6969,1.00,1.50
2017.04.10 23:00:17.491,0.69678,0.69688,1.00,1.00
2017.04.10 23:00:17.542,0.69675,0.69686,2.32,1.00
2017.04.10 23:00:17.643,0.69672,0.69684,1.50,1.00
2017.04.10 23:00:17.795,0.6967,0.69683,1.00,1.00
2017.04.10 23:00:19.928,0.69671,0.69683,1.00,1.50
2017.04.10 23:00:20.029,0.69669,0.69683,1.00,1.50
2017.04.10 23:00:26.772,0.69669,0.69682,1.00,1.00
2017.04.10 23:00:31.194,0.69673,0.69685,1.00,1.87
2017.04.10 23:00:31.295,0.69674,0.69686,1.00,1.00
2017.04.10 23:00:31.843,0.69675,0.69686,1.00,1.00
2017.04.10 23:00:35.554,0.69675,0.69687,1.00,1.00
2017.04.10 23:00:37.491,0.69675,0.69688,1.00,1.00
2017.04.10 23:00:40.899,0.69675,0.69687,1.00,1.00
2017.04.10 23:00:40.950,0.69673,0.69684,1.50,1.00
2017.04.10 23:00:41.001,0.69671,0.69683,1.00,1.00
2017.04.10 23:00:41.506,0.69671,0.69684,1.00,1.00
2017.04.10 23:00:42.066,0.69671,0.69683,1.00,1.00
2017.04.10 23:00:42.931,0.69672,0.69686,1.00,1.87
2017.04.10 23:00:43.185,0.69674,0.69687,1.00,1.50
2017.04.10 23:00:43.718,0.69674,0.69687,1.00,1.00
2017.04.10 23:00:44.634,0.69676,0.69688,1.00,1.12
2017.04.10 23:00:44.685,0.69677,0.6969,1.00,1.50
2017.04.10 23:00:44.888,0.69682,0.69692,1.00,1.12
2017.04.10 23:00:45.120,0.69683,0.69697,1.00,2.25
2017.04.10 23:00:45.474,0.69687,0.69699,1.50,1.37
2017.04.10 23:00:45.734,0.69684,0.69697,2.25,1.00
2017.04.10 23:00:45.785,0.69684,0.69696,1.50,1.87
2017.04.10 23:00:45.886,0.69681,0.69696,2.25,1.87
2017.04.10 23:00:46.840,0.6968,0.69695,1.00,1.12
2017.04.10 23:00:47.992,0.6968,0.69695,1.00,3.37
2017.04.10 23:00:48.251,0.69679,0.69691,1.50,1.00
2017.04.10 23:00:48.306,0.69676,0.69691,3.75,1.87
2017.04.10 23:00:48.408,0.69674,0.69689,1.12,1.87
2017.04.10 23:00:48.510,0.69673,0.69687,3.75,1.00
2017.04.10 23:00:48.814,0.69672,0.69685,1.00,1.12
2017.04.10 23:00:49.369,0.69671,0.69685,1.00,1.12
2017.04.10 23:00:49.960,0.6967,0.69685,1.50,1.12
2017.04.10 23:00:50.849,0.69671,0.69685,1.00,1.12
2017.04.10 23:00:51.411,0.6967,0.69685,1.00,1.87
2017.04.10 23:00:53.920,0.69669,0.69683,1.12,1.12
2017.04.10 23:00:54.173,0.6967,0.69685,1.12,1.00
2017.04.10 23:00:54.375,0.69667,0.69681,3.37,1.00
2017.04.10 23:00:54.881,0.69667,0.69681,1.00,1.00
2017.04.10 23:00:57.752,0.69668,0.69681,1.00,1.00
2017.04.10 23:01:02.500,0.69671,0.69684,1.00,2.25
2017.04.10 23:01:03.078,0.69671,0.69683,1.00,1.00
2017.04.10 23:01:03.716,0.69671,0.69684,1.00,2.25
2017.04.10 23:01:05.153,0.69671,0.69683,1.00,1.00
2017.04.10 23:01:05.849,0.69672,0.69684,1.00,1.50
2017.04.10 23:01:06.769,0.69672,0.69683,1.00,1.00
2017.04.10 23:01:07.418,0.69672,0.69684,1.00,1.50
2017.04.10 23:01:07.469,0.6967,0.69684,1.00,1.50
2017.04.10 23:01:07.520,0.69672,0.69684,1.00,1.50
2017.04.10 23:01:08.042,0.69671,0.69684,1.00,1.50
2017.04.10 23:01:08.587,0.6967,0.69683,1.00,1.00
2017.04.10 23:01:09.135,0.69671,0.69684,1.00,1.50
2017.04.10 23:01:09.706,0.6967,0.69684,1.00,1.50
2017.04.10 23:01:10.299,0.6967,0.69685,1.00,1.12
2017.04.10 23:01:10.803,0.69671,0.69685,1.00,2.62
2017.04.10 23:01:11.464,0.69671,0.69684,1.00,1.00
2017.04.10 23:01:12.057,0.69671,0.69685,1.00,1.87
2017.04.10 23:01:12.957,0.6967,0.69685,1.00,1.87
2017.04.10 23:01:13.648,0.69671,0.69685,1.00,1.87
2017.04.10 23:01:14.151,0.69671,0.69684,1.00,1.00
2017.04.10 23:01:14.682,0.6967,0.69685,1.50,1.87
2017.04.10 23:01:19.824,0.69672,0.69685,1.00,1.12
2017.04.10 23:01:19.875,0.69672,0.69687,1.50,1.12
2017.04.10 23:01:20.452,0.69671,0.69686,3.00,1.12
2017.04.10 23:01:32.453,0.69671,0.69686,1.50,1.12
2017.04.10 23:01:35.019,0.69673,0.69686,1.00,1.87
2017.04.10 23:01:37.508,0.69673,0.69685,1.00,1.00
2017.04.10 23:01:39.455,0.69672,0.69684,1.00,1.00
2017.04.10 23:01:56.796,0.69671,0.69682,1.00,1.00
2017.04.10 23:01:59.281,0.69671,0.69683,1.00,1.50
2017.04.10 23:02:02.611,0.69672,0.69683,1.00,1.00
2017.04.10 23:02:02.776,0.69672,0.69685,1.00,1.50
2017.04.10 23:02:02.928,0.69675,0.69684,1.00,1.00
2017.04.10 23:02:03.030,0.69675,0.69686,1.00,1.50
2017.04.10 23:02:21.516,0.69677,0.69689,1.50,1.87
2017.04.10 23:02:21.617,0.6968,0.6969,1.00,1.00
2017.04.10 23:02:22.123,0.6968,0.69689,1.00,1.00
2017.04.10 23:02:22.421,0.69676,0.69687,1.00,1.00
2017.04.10 23:02:22.472,0.69674,0.69686,1.00,1.00
2017.04.10 23:02:33.017,0.69676,0.69688,1.00,1.00
2017.04.10 23:02:33.522,0.69676,0.69689,1.12,1.50
2017.04.10 23:02:35.302,0.69677,0.69689,1.00,1.50
2017.04.10 23:02:37.420,0.69676,0.69687,1.12,1.50
2017.04.10 23:02:50.963,0.69676,0.69688,1.00,1.00
2017.04.10 23:02:51.574,0.69676,0.69689,1.12,1.00
2017.04.10 23:02:52.468,0.69676,0.69689,1.50,1.00
2017.04.10 23:02:54.990,0.69676,0.69689,1.00,1.00
2017.04.10 23:03:02.413,0.69676,0.69687,1.12,1.00
2017.04.10 23:03:02.464,0.69676,0.69689,1.12,1.00
2017.04.10 23:03:03.429,0.69676,0.69688,1.12,1.00
2017.04.10 23:03:05.199,0.69677,0.69688,1.00,1.00
2017.04.10 23:03:12.533,0.69677,0.69689,1.00,1.50
2017.04.10 23:03:13.211,0.69677,0.6969,1.00,1.00
2017.04.10 23:03:13.263,0.69682,0.69693,1.00,1.37
2017.04.10 23:03:13.364,0.69682,0.69695,1.87,1.50
2017.04.10 23:03:13.415,0.69681,0.69689,1.37,1.50
2017.04.10 23:03:13.467,0.69679,0.69689,1.50,1.50
2017.04.10 23:03:14.119,0.69679,0.69688,1.00,1.00
2017.04.10 23:03:14.548,0.69676,0.69688,2.25,1.00
2017.04.10 23:03:28.502,0.69674,0.69686,2.25,1.00
2017.04.10 23:03:28.710,0.69672,0.69684,1.00,1.00
2017.04.10 23:03:28.838,0.69671,0.69682,1.00,1.00
2017.04.10 23:03:29.343,0.69669,0.69682,3.37,1.00
2017.04.10 23:03:35.353,0.6967,0.69682,1.00,1.00
2017.04.10 23:03:35.846,0.69673,0.69683,1.00,1.50
2017.04.10 23:03:38.065,0.69673,0.69682,1.00,1.00
2017.04.10 23:03:39.186,0.69673,0.69683,1.00,1.50
2017.04.10 23:03:39.338,0.6967,0.69682,1.12,1.00
2017.04.10 23:03:44.211,0.6967,0.69681,1.12,1.00
2017.04.10 23:03:45.659,0.69669,0.6968,1.50,1.00
2017.04.10 23:03:46.180,0.69669,0.6968,1.00,1.00
2017.04.10 23:03:50.289,0.69667,0.6968,1.50,1.00
2017.04.10 23:03:51.122,0.69667,0.69679,1.50,1.00
2017.04.10 23:04:06.161,0.69667,0.69679,1.00,1.00
2017.04.10 23:04:19.001,0.69667,0.69678,1.00,1.00
2017.04.10 23:04:20.349,0.69666,0.69678,1.12,1.00
2017.04.10 23:04:21.970,0.69666,0.6968,1.12,1.00
2017.04.10 23:04:35.380,0.69667,0.6968,1.00,1.00
2017.04.10 23:04:37.137,0.69667,0.69679,1.00,1.00
2017.04.10 23:04:50.409,0.69666,0.69679,1.12,1.00
2017.04.10 23:05:00.558,0.69666,0.69678,1.00,1.00
2017.04.10 23:05:00.612,0.69664,0.69676,4.12,1.00
2017.04.10 23:05:01.380,0.69664,0.69677,1.12,1.00
2017.04.10 23:05:01.984,0.69664,0.69675,1.12,1.00
2017.04.10 23:05:10.397,0.69662,0.69674,1.00,1.00
2017.04.10 23:05:10.448,0.6966,0.69672,3.37,1.00
2017.04.10 23:05:10.551,0.69658,0.69671,1.87,1.00
2017.04.10 23:05:11.114,0.69659,0.69671,1.00,1.00
2017.04.10 23:05:11.719,0.69658,0.6967,1.00,1.00
2017.04.10 23:05:12.022,0.69654,0.69669,4.12,1.00
2017.04.10 23:05:18.890,0.69656,0.69668,1.12,1.00
2017.04.10 23:05:19.399,0.69655,0.69667,1.00,1.00
2017.04.10 23:05:35.497,0.69656,0.69667,1.00,1.00
2017.04.10 23:05:49.095,0.69656,0.69668,1.50,1.00
2017.04.10 23:06:17.796,0.69655,0.69668,1.00,1.50
2017.04.10 23:06:18.326,0.69656,0.69669,1.00,1.00
2017.04.10 23:06:20.617,0.69656,0.69668,1.00,1.00
2017.04.10 23:06:35.617,0.69655,0.69668,1.50,1.00
2017.04.10 23:06:35.901,0.69654,0.69665,2.25,1.00
2017.04.10 23:06:36.305,0.69654,0.69667,1.12,3.00
2017.04.10 23:06:36.822,0.69654,0.69666,1.12,1.50
2017.04.10 23:06:38.625,0.69654,0.69667,1.12,1.00
2017.04.10 23:06:39.616,0.69655,0.69668,1.00,1.50
2017.04.10 23:06:40.186,0.69655,0.69667,1.00,1.00
2017.04.10 23:06:40.704,0.69655,0.69668,1.50,1.50
2017.04.10 23:06:50.646,0.69656,0.69668,1.00,1.00
2017.04.10 23:06:59.622,0.69655,0.69667,1.00,1.50
2017.04.10 23:06:59.774,0.69652,0.69665,4.50,1.50
2017.04.10 23:06:59.876,0.69651,0.69664,3.00,1.00
2017.04.10 23:07:00.449,0.6965,0.69663,1.50,1.00
2017.04.10 23:07:14.693,0.69652,0.69664,1.00,1.12
2017.04.10 23:07:23.213,0.69651,0.69663,1.87,1.00
2017.04.10 23:07:35.737,0.6965,0.69663,1.50,1.00
2017.04.10 23:07:36.637,0.6965,0.6966,1.00,1.00
2017.04.10 23:07:40.272,0.69648,0.69657,1.50,1.00
2017.04.10 23:07:40.778,0.69648,0.69658,1.00,1.00
2017.04.10 23:08:20.774,0.69648,0.69657,1.00,1.00
2017.04.10 23:08:35.857,0.69647,0.69657,1.50,1.00
2017.04.10 23:08:50.140,0.69649,0.6966,1.00,1.00
2017.04.10 23:08:50.527,0.69649,0.69658,1.00,1.00
2017.04.10 23:08:51.306,0.69648,0.69658,1.12,1.00
2017.04.10 23:08:52.520,0.69647,0.69657,1.87,1.00
2017.04.10 23:08:52.621,0.69646,0.69656,1.00,1.00
2017.04.10 23:08:58.320,0.69645,0.69656,1.00,1.00
2017.04.10 23:09:03.529,0.69645,0.69655,1.00,1.00
2017.04.10 23:09:05.916,0.69644,0.69655,1.00,1.00
2017.04.10 23:09:30.153,0.69644,0.69654,1.00,1.00
2017.04.10 23:09:35.976,0.69645,0.69654,1.00,1.00
2017.04.10 23:09:58.147,0.69645,0.69657,1.00,1.00
2017.04.10 23:09:58.198,0.69648,0.69657,1.00,1.00
2017.04.10 23:09:59.636,0.69645,0.69657,1.07,1.00
2017.04.10 23:09:59.686,0.69645,0.69657,1.50,1.00
2017.04.10 23:10:19.722,0.69645,0.69656,1.00,1.00
2017.04.10 23:10:41.915,0.69644,0.69656,1.00,1.00
2017.04.10 23:10:42.441,0.69644,0.69655,1.00,1.00
2017.04.10 23:11:11.118,0.69644,0.69656,1.00,1.50
2017.04.10 23:11:11.471,0.69646,0.69656,1.00,1.50
2017.04.10 23:11:18.577,0.69646,0.69655,1.00,1.00
2017.04.10 23:11:21.191,0.69645,0.69655,1.12,1.00
2017.04.10 23:11:28.131,0.69645,0.69653,1.12,1.00
2017.04.10 23:11:28.384,0.69644,0.69655,1.12,1.50
2017.04.10 23:11:31.159,0.69644,0.69654,1.12,1.50
2017.04.10 23:11:31.211,0.69643,0.69652,1.87,1.00
2017.04.10 23:11:31.717,0.69643,0.69652,1.00,1.00
2017.04.10 23:11:36.217,0.69642,0.69652,1.12,1.00
2017.04.10 23:12:44.756,0.69641,0.69651,1.12,1.00
2017.04.10 23:12:44.960,0.69639,0.6965,1.50,1.00
2017.04.10 23:12:48.459,0.69641,0.6965,1.00,1.00
2017.04.10 23:12:48.510,0.69639,0.6965,1.50,1.00
2017.04.10 23:12:49.017,0.69639,0.69649,1.00,1.00
2017.04.10 23:12:51.786,0.69638,0.69649,1.12,1.00
2017.04.10 23:12:57.518,0.69637,0.69647,1.50,1.00
2017.04.10 23:12:58.024,0.69637,0.69648,1.00,1.00
2017.04.10 23:12:58.574,0.69637,0.69647,1.00,1.00
2017.04.10 23:12:58.898,0.69636,0.69645,1.00,1.00
2017.04.10 23:13:06.397,0.69635,0.69645,1.00,1.00
2017.04.10 23:13:10.705,0.69633,0.69644,1.12,1.00
2017.04.10 23:13:10.963,0.69633,0.69642,1.00,1.00
2017.04.10 23:13:15.161,0.69635,0.69643,1.00,1.00
2017.04.10 23:13:21.427,0.69634,0.69643,1.00,1.00
2017.04.10 23:13:36.457,0.69635,0.69643,1.00,1.00
2017.04.10 23:13:37.461,0.69634,0.69643,1.00,1.00
2017.04.10 23:13:41.200,0.69634,0.69645,1.00,1.00
2017.04.10 23:13:41.857,0.69635,0.69645,1.00,1.00
2017.04.10 23:13:50.112,0.69637,0.69645,1.00,1.00
2017.04.10 23:13:51.102,0.69635,0.69645,1.12,1.00
2017.04.10 23:13:51.938,0.69636,0.69645,1.00,1.00
2017.04.10 23:14:02.678,0.69636,0.69644,1.00,1.00
2017.04.10 23:14:04.145,0.69634,0.69644,1.00,1.00
2017.04.10 23:15:03.851,0.69634,0.69645,1.00,1.00
2017.04.10 23:15:04.231,0.69634,0.69643,1.00,1.00
2017.04.10 23:15:08.564,0.69632,0.69643,2.62,1.00
2017.04.10 23:15:08.616,0.69631,0.69641,1.12,1.00
2017.04.10 23:15:09.180,0.6963,0.6964,1.00,1.00
2017.04.10 23:15:10.018,0.69628,0.69639,1.12,1.00
2017.04.10 23:15:13.635,0.69628,0.69638,1.00,1.00
2017.04.10 23:15:14.210,0.69627,0.69638,1.12,1.00
2017.04.10 23:15:15.134,0.69627,0.69637,1.12,1.00
2017.04.10 23:15:18.636,0.69626,0.69637,1.12,1.00
2017.04.10 23:15:19.148,0.69627,0.69637,1.00,1.00
2017.04.10 23:15:37.159,0.69626,0.69637,1.87,1.00
2017.04.10 23:15:41.308,0.69626,0.69636,1.12,1.00
2017.04.10 23:15:43.300,0.69625,0.69636,1.00,1.00
2017.04.10 23:15:43.826,0.69624,0.69635,1.87,1.00
2017.04.10 23:16:13.909,0.69626,0.69636,1.50,1.00
2017.04.10 23:16:14.417,0.69627,0.69637,1.50,1.00
2017.04.10 23:16:21.787,0.69625,0.69637,1.50,1.00
2017.04.10 23:16:24.107,0.69625,0.69636,1.50,1.00
2017.04.10 23:17:09.562,0.69625,0.69637,1.50,1.00
2017.04.10 23:17:41.481,0.69626,0.69637,1.00,1.50
2017.04.10 23:17:42.163,0.69626,0.69636,1.00,1.00
2017.04.10 23:17:51.983,0.69625,0.69636,1.12,1.00
2017.04.10 23:18:05.597,0.69625,0.69636,1.50,1.00
2017.04.10 23:18:09.894,0.69625,0.69636,1.00,1.00
2017.04.10 23:18:37.100,0.69626,0.69636,1.00,1.00
2017.04.10 23:18:50.253,0.69626,0.69637,1.00,1.50
2017.04.10 23:19:16.075,0.69631,0.69639,1.00,1.12
2017.04.10 23:19:16.318,0.69632,0.69641,1.00,1.00
2017.04.10 23:19:16.374,0.69632,0.69644,2.25,1.12
2017.04.10 23:19:16.577,0.69635,0.69647,1.00,3.75
2017.04.10 23:19:17.031,0.69637,0.69647,1.00,1.00
2017.04.10 23:19:22.164,0.69637,0.69646,1.00,1.00
2017.04.10 23:19:22.801,0.69636,0.69646,1.00,1.00
2017.04.10 23:19:39.289,0.69636,0.69645,1.00,1.00
2017.04.10 23:19:39.542,0.69633,0.69645,1.12,1.12
2017.04.10 23:19:54.826,0.69633,0.69644,1.12,1.00
2017.04.10 23:19:55.368,0.69633,0.69645,1.12,1.87
2017.04.10 23:19:56.890,0.69633,0.69644,1.12,1.00
2017.04.10 23:20:07.237,0.69632,0.69644,1.12,1.00
2017.04.10 23:20:11.944,0.69634,0.69644,1.00,1.00
2017.04.10 23:20:12.577,0.69633,0.69644,1.00,1.00
2017.04.10 23:20:27.932,0.69633,0.69643,1.00,1.00
2017.04.10 23:20:42.140,0.69633,0.69644,1.50,1.00
2017.04.10 23:20:58.597,0.69635,0.69645,1.00,1.00
2017.04.10 23:20:58.799,0.69637,0.69648,1.50,1.00
2017.04.10 23:21:06.284,0.69637,0.69647,1.00,1.00
2017.04.10 23:21:18.577,0.69636,0.69648,1.12,1.12
2017.04.10 23:21:28.846,0.69635,0.69646,1.87,1.00
2017.04.10 23:21:29.365,0.69635,0.69646,1.00,1.00
2017.04.10 23:21:34.598,0.69634,0.69646,1.00,1.50
2017.04.10 23:21:34.902,0.69626,0.69636,1.12,1.00
2017.04.10 23:21:35.003,0.69626,0.69638,1.87,3.00
2017.04.10 23:21:37.482,0.69627,0.69638,1.00,1.00
2017.04.10 23:21:39.097,0.69627,0.69637,1.00,1.50
2017.04.10 23:21:39.870,0.69627,0.69638,1.00,2.25
2017.04.10 23:21:43.909,0.69627,0.69637,1.00,1.50
2017.04.10 23:21:44.518,0.69627,0.69638,1.00,2.25
2017.04.10 23:21:44.791,0.69625,0.69636,1.00,2.25
2017.04.10 23:21:45.388,0.69625,0.69637,1.00,2.25
2017.04.10 23:21:45.897,0.69625,0.69636,1.00,1.50
2017.04.10 23:21:47.804,0.69624,0.69636,1.87,1.50
2017.04.10 23:21:48.417,0.69625,0.69636,1.00,1.00
2017.04.10 23:21:48.954,0.69624,0.69636,1.12,1.00
2017.04.10 23:21:50.789,0.69624,0.69635,1.12,1.00
2017.04.10 23:21:51.451,0.69625,0.69636,1.00,1.00
2017.04.10 23:21:51.990,0.69625,0.69635,1.00,1.00
2017.04.10 23:21:52.495,0.69625,0.69634,1.00,1.00
2017.04.10 23:21:53.102,0.69625,0.69635,1.00,2.62
2017.04.10 23:22:05.833,0.69625,0.69634,1.00,1.00
2017.04.10 23:22:06.539,0.69625,0.69635,1.00,1.87
2017.04.10 23:22:10.074,0.69625,0.69634,1.00,1.00
2017.04.10 23:22:26.184,0.69625,0.69635,1.00,1.50
2017.04.10 23:22:33.149,0.69626,0.69636,1.00,1.87
2017.04.10 23:22:33.352,0.69626,0.69637,1.00,1.00
2017.04.10 23:22:34.203,0.69625,0.69636,1.00,1.00
2017.04.10 23:22:35.085,0.69625,0.69634,1.00,1.00
2017.04.10 23:22:35.787,0.69624,0.69633,1.12,1.00
2017.04.10 23:23:12.317,0.69625,0.69636,1.00,1.37
2017.04.10 23:23:12.966,0.69625,0.69636,1.00,1.50
2017.04.10 23:23:15.736,0.69625,0.69635,1.00,1.00
2017.04.10 23:23:16.244,0.69625,0.69634,1.00,1.00
2017.04.10 23:23:22.627,0.69624,0.69634,1.00,1.00
2017.04.10 23:23:37.657,0.69623,0.69634,1.12,1.00
2017.04.10 23:23:38.658,0.69624,0.69634,1.00,1.00
2017.04.10 23:23:43.297,0.69624,0.69633,1.00,1.00
2017.04.10 23:23:44.919,0.69624,0.69634,1.00,1.50
2017.04.10 23:23:52.687,0.69623,0.69634,1.12,1.00
2017.04.10 23:23:53.689,0.69624,0.69634,1.00,1.00
2017.04.10 23:24:23.038,0.69625,0.69634,1.00,1.00
2017.04.10 23:24:32.474,0.69623,0.69634,1.00,1.50
2017.04.10 23:24:32.526,0.69621,0.69629,1.00,1.00
2017.04.10 23:24:32.729,0.69616,0.69625,1.00,1.00
2017.04.10 23:24:35.381,0.69616,0.69626,1.00,1.00
2017.04.10 23:24:37.452,0.69617,0.69626,1.00,1.00
2017.04.10 23:24:41.400,0.69619,0.69626,1.00,1.00
2017.04.10 23:24:42.006,0.69619,0.69628,1.00,1.00
2017.04.10 23:24:49.428,0.69619,0.69626,1.00,1.00
2017.04.10 23:24:49.653,0.69617,0.69626,1.00,1.00
2017.04.10 23:24:55.858,0.69615,0.69626,1.50,1.00
2017.04.10 23:25:07.223,0.69615,0.69625,1.00,1.00
2017.04.10 23:25:07.733,0.69615,0.69626,1.50,1.00
2017.04.10 23:25:10.197,0.69615,0.69624,1.50,1.00
2017.04.10 23:25:38.643,0.69614,0.69625,1.00,1.00
2017.04.10 23:25:39.264,0.69614,0.69624,1.00,1.00
2017.04.10 23:25:46.846,0.69614,0.69625,1.50,1.00
2017.04.10 23:25:47.149,0.69616,0.69625,1.00,1.00
2017.04.10 23:26:03.389,0.69615,0.69625,1.00,1.00
2017.04.10 23:26:07.959,0.69614,0.69625,1.00,1.00
2017.04.10 23:26:15.280,0.69614,0.69624,1.00,1.00
2017.04.10 23:26:35.279,0.69614,0.69623,2.10,1.00
2017.04.10 23:26:36.421,0.69614,0.69622,1.00,1.00
2017.04.10 23:26:36.623,0.69612,0.69622,1.12,1.00
2017.04.10 23:26:37.129,0.69612,0.69623,2.25,1.00
2017.04.10 23:26:37.433,0.69612,0.69621,2.25,1.00
2017.04.10 23:26:37.584,0.69612,0.69623,2.25,1.00
2017.04.10 23:26:38.135,0.69613,0.69623,1.00,1.00
2017.04.10 23:26:39.563,0.69613,0.69622,1.00,1.00
2017.04.10 23:26:42.018,0.69613,0.69623,1.00,1.00
2017.04.10 23:28:10.760,0.69613,0.69622,1.87,1.00
2017.04.10 23:28:38.489,0.69611,0.69618,1.87,1.00
2017.04.10 23:28:38.590,0.69608,0.69615,1.00,1.00
2017.04.10 23:28:38.641,0.69605,0.69613,1.50,1.00
2017.04.10 23:28:38.743,0.69604,0.69612,1.50,1.00
2017.04.10 23:28:39.562,0.69603,0.69612,1.00,1.00
2017.04.10 23:28:41.096,0.69607,0.69614,1.00,1.00
2017.04.10 23:28:41.676,0.69607,0.69615,1.00,3.00
2017.04.10 23:28:42.357,0.69607,0.69614,1.00,1.00
2017.04.10 23:28:42.893,0.69607,0.69615,1.00,3.00
2017.04.10 23:28:43.631,0.69607,0.69614,1.00,1.00
2017.04.10 23:28:44.143,0.69607,0.69615,1.00,3.00
2017.04.10 23:28:45.933,0.69607,0.69614,1.00,1.00
2017.04.10 23:28:46.493,0.69607,0.69615,1.00,3.00
2017.04.10 23:28:47.182,0.69607,0.69614,1.00,1.00
2017.04.10 23:28:47.700,0.69607,0.69615,1.00,2.25
2017.04.10 23:28:58.999,0.69607,0.69614,1.00,1.00
2017.04.10 23:29:01.274,0.69605,0.69613,1.00,1.00
2017.04.10 23:29:01.897,0.69605,0.69614,1.50,1.00
2017.04.10 23:29:02.652,0.69604,0.69614,2.25,1.00
2017.04.10 23:29:03.166,0.69605,0.69614,1.00,1.00
2017.04.10 23:29:11.056,0.69606,0.69616,1.00,1.50
2017.04.10 23:29:44.497,0.69605,0.69614,1.00,1.00
2017.04.10 23:29:51.040,0.69607,0.69616,1.00,1.00
2017.04.10 23:29:53.828,0.69607,0.69617,1.00,1.50
2017.04.10 23:30:02.160,0.69607,0.69616,1.00,1.00
2017.04.10 23:30:02.990,0.69607,0.69615,1.00,1.00
2017.04.10 23:30:03.334,0.69608,0.69617,1.00,1.00
2017.04.10 23:30:18.364,0.69607,0.69616,1.00,1.00
2017.04.10 23:30:18.833,0.69605,0.69613,1.57,1.00
2017.04.10 23:30:18.934,0.69605,0.69615,2.25,1.00
2017.04.10 23:30:19.086,0.69607,0.69617,1.00,2.25
2017.04.10 23:30:26.286,0.69606,0.69617,1.00,1.50
2017.04.10 23:30:47.621,0.69605,0.69617,1.00,1.00
2017.04.10 23:30:48.152,0.69606,0.69617,1.00,1.50
2017.04.10 23:30:49.892,0.69605,0.69615,1.00,1.00
2017.04.10 23:30:52.150,0.69606,0.69615,1.00,1.00
2017.04.10 23:30:55.714,0.69605,0.69615,1.35,1.50
2017.04.10 23:30:56.076,0.69607,0.69615,1.00,1.00
2017.04.10 23:30:58.611,0.69607,0.69613,1.00,1.00
2017.04.10 23:31:01.059,0.69607,0.69615,1.00,1.00
2017.04.10 23:31:03.127,0.69607,0.69616,1.00,1.00
2017.04.10 23:31:08.559,0.69605,0.69616,1.50,1.00
2017.04.10 23:31:18.379,0.69606,0.69616,1.00,1.00
2017.04.10 23:31:34.323,0.69606,0.69617,2.10,1.00
2017.04.10 23:31:36.743,0.69614,0.69621,1.35,1.00
2017.04.10 23:31:37.047,0.69625,0.69633,2.10,2.62
2017.04.10 23:31:37.099,0.69625,0.69635,2.10,1.37
2017.04.10 23:31:37.251,0.69626,0.69638,1.35,3.00
2017.04.10 23:31:37.454,0.69629,0.69638,1.00,1.00
2017.04.10 23:31:37.555,0.6963,0.69641,1.00,2.85
2017.04.10 23:31:37.758,0.69632,0.69642,1.00,3.00
2017.04.10 23:31:38.263,0.69631,0.69641,1.00,1.00
2017.04.10 23:31:38.772,0.6963,0.69641,2.47,1.00
2017.04.10 23:31:40.122,0.6963,0.69642,1.72,1.50
2017.04.10 23:31:41.841,0.69631,0.69644,2.10,1.50
2017.04.10 23:31:41.966,0.69631,0.69641,3.22,1.00
2017.04.10 23:31:42.320,0.69632,0.69643,1.35,1.00
2017.04.10 23:31:42.422,0.69632,0.69645,1.35,1.50
2017.04.10 23:31:43.051,0.69632,0.69644,1.72,1.00
2017.04.10 23:31:45.117,0.69633,0.69644,1.00,1.00
2017.04.10 23:31:53.852,0.69636,0.69646,1.00,1.50
2017.04.10 23:31:54.564,0.69638,0.69648,1.00,1.50
2017.04.10 23:31:54.818,0.69642,0.69653,1.50,3.75
2017.04.10 23:31:55.021,0.6964,0.69651,1.50,1.00
2017.04.10 23:31:55.122,0.69638,0.6965,2.47,1.00
2017.04.10 23:31:58.841,0.69637,0.69649,1.72,1.00
2017.04.10 23:31:59.430,0.69637,0.69649,1.72,1.00
2017.04.10 23:32:00.305,0.69637,0.69649,1.72,1.00
2017.04.10 23:32:03.822,0.69637,0.69648,2.47,1.00
2017.04.10 23:32:04.344,0.69637,0.69648,2.47,1.00
2017.04.10 23:32:05.559,0.69637,0.69648,1.87,1.00
2017.04.10 23:32:10.268,0.69638,0.69649,1.00,1.50
2017.04.10 23:32:10.815,0.69637,0.69648,3.22,1.00
2017.04.10 23:32:14.633,0.69637,0.69647,1.12,1.00
2017.04.10 23:32:15.166,0.69636,0.69647,1.50,1.50
2017.04.10 23:32:29.117,0.69637,0.69647,1.00,1.00
2017.04.10 23:32:29.672,0.69637,0.69648,2.47,1.00
2017.04.10 23:32:30.176,0.69637,0.69648,1.87,1.00
2017.04.10 23:32:32.435,0.69635,0.69647,3.22,1.00
2017.04.10 23:32:32.945,0.69636,0.69647,1.35,1.50
2017.04.10 23:32:33.510,0.69635,0.69647,3.22,1.00
2017.04.10 23:32:35.940,0.69636,0.69647,1.00,2.25
2017.04.10 23:32:36.533,0.69635,0.69647,3.22,1.00
2017.04.10 23:32:45.124,0.69636,0.69647,1.00,2.25
2017.04.10 23:32:46.100,0.69635,0.69647,3.22,1.50
2017.04.10 23:32:50.722,0.69635,0.69647,3.97,1.50
2017.04.10 23:32:52.261,0.69636,0.69646,1.00,1.00
2017.04.10 23:32:52.781,0.69635,0.69646,3.22,1.00
2017.04.10 23:32:54.077,0.69635,0.69646,4.72,1.00
2017.04.10 23:32:54.729,0.69635,0.69646,3.22,1.00
2017.04.10 23:32:55.230,0.69635,0.69646,4.72,1.00
2017.04.10 23:32:55.961,0.69635,0.69646,3.22,1.00
2017.04.10 23:32:58.116,0.69636,0.69646,1.00,1.00
2017.04.10 23:32:58.739,0.69635,0.69646,3.22,1.00
2017.04.10 23:32:59.491,0.69636,0.69646,1.00,1.00
2017.04.10 23:33:00.439,0.69635,0.69646,3.22,1.00
2017.04.10 23:33:01.432,0.69636,0.69646,1.00,1.00
2017.04.10 23:33:02.290,0.69635,0.69646,3.22,1.00
2017.04.10 23:33:03.062,0.69636,0.69646,1.00,1.00
2017.04.10 23:33:03.631,0.69635,0.69646,3.22,1.00
2017.04.10 23:33:04.468,0.69636,0.69646,1.00,1.00
2017.04.10 23:33:05.313,0.69635,0.69646,3.22,1.00
2017.04.10 23:33:10.347,0.69636,0.69646,1.00,1.00
2017.04.10 23:33:10.956,0.69635,0.69646,2.47,1.00
2017.04.10 23:33:15.449,0.69636,0.69646,1.00,1.00
2017.04.10 23:33:20.520,0.69635,0.69646,3.22,1.00
2017.04.10 23:33:24.460,0.69635,0.69643,1.72,1.00
2017.04.10 23:33:24.713,0.69635,0.69645,2.47,1.00
2017.04.10 23:33:25.728,0.69636,0.69645,1.00,1.00
2017.04.10 23:33:26.257,0.69635,0.69645,2.10,1.00
2017.04.10 23:33:27.000,0.69636,0.69645,1.00,1.00
2017.04.10 23:33:27.744,0.69635,0.69646,3.60,1.00
2017.04.10 23:33:28.310,0.69635,0.69646,3.60,1.00
2017.04.10 23:33:29.037,0.69634,0.69645,4.72,1.00
2017.04.10 23:33:33.260,0.69636,0.69645,1.00,1.00
2017.04.10 23:33:33.772,0.69635,0.69645,1.35,1.00
2017.04.10 23:33:37.768,0.69635,0.69645,2.85,1.00
2017.04.10 23:33:38.306,0.69634,0.69645,3.97,1.00
2017.04.10 23:33:39.171,0.69636,0.69645,1.00,1.00
2017.04.10 23:33:39.956,0.69634,0.69645,3.97,1.00
2017.04.10 23:33:42.416,0.69634,0.69645,5.47,1.00
2017.04.10 23:33:42.927,0.69634,0.69645,3.97,1.00
2017.04.10 23:33:48.798,0.69634,0.69645,3.97,1.00
2017.04.10 23:33:49.529,0.69635,0.69645,1.00,1.00
2017.04.10 23:34:02.004,0.69636,0.69645,1.00,1.00
2017.04.10 23:34:11.445,0.69635,0.69645,1.35,1.00
2017.04.10 23:34:12.416,0.69635,0.69645,2.10,1.00
2017.04.10 23:34:13.393,0.69635,0.69645,2.10,1.00
2017.04.10 23:34:19.895,0.69635,0.69646,2.85,1.00
2017.04.10 23:34:20.439,0.69636,0.69647,1.35,1.00
2017.04.10 23:34:23.948,0.69635,0.69647,2.10,1.00
2017.04.10 23:34:24.452,0.69636,0.69647,1.35,2.25
2017.04.10 23:34:25.164,0.69635,0.69647,3.60,2.25
2017.04.10 23:34:28.848,0.69636,0.69647,1.00,1.50
2017.04.10 23:34:29.515,0.69635,0.69647,1.50,1.50
2017.04.10 23:34:32.069,0.69636,0.69647,1.35,1.50
2017.04.10 23:34:35.029,0.69635,0.69647,2.85,1.50
2017.04.10 23:34:36.335,0.69636,0.69647,1.00,1.50
2017.04.10 23:34:38.177,0.69635,0.69647,2.85,1.50
2017.04.10 23:34:38.693,0.69635,0.69647,4.35,1.50
2017.04.10 23:34:40.093,0.69635,0.69645,4.35,1.00
2017.04.10 23:34:42.282,0.69635,0.69645,2.85,1.00
2017.04.10 23:34:43.150,0.69637,0.69645,1.00,1.00
2017.04.10 23:34:54.039,0.69635,0.69645,2.10,1.00
2017.04.10 23:35:03.638,0.69635,0.69645,4.35,1.00
2017.04.10 23:35:04.312,0.69635,0.69645,2.85,1.00
2017.04.10 23:35:07.558,0.69636,0.69645,1.00,1.00
2017.04.10 23:35:10.992,0.69635,0.69645,2.85,1.00
2017.04.10 23:35:14.577,0.69636,0.69645,1.00,1.00
2017.04.10 23:35:18.098,0.69635,0.69645,3.22,1.00
2017.04.10 23:35:18.749,0.69635,0.69645,4.72,1.00
2017.04.10 23:35:19.078,0.69635,0.69645,3.22,1.00
2017.04.10 23:35:20.809,0.69635,0.69646,2.47,1.00
2017.04.10 23:35:21.647,0.69635,0.69646,2.47,1.00
2017.04.10 23:35:23.143,0.69635,0.69646,2.47,1.00
2017.04.10 23:35:24.040,0.69635,0.69647,2.47,1.00
2017.04.10 23:35:29.366,0.69636,0.69647,1.00,1.50
2017.04.10 23:35:29.919,0.69635,0.69647,2.47,1.50
2017.04.10 23:35:32.388,0.69635,0.69647,2.47,1.50
2017.04.10 23:36:02.890,0.69635,0.69647,2.47,1.50
2017.04.10 23:36:04.723,0.69636,0.69647,1.00,1.50
2017.04.10 23:36:05.722,0.69635,0.69647,1.72,1.50
2017.04.10 23:36:09.576,0.69636,0.69646,1.00,1.00
2017.04.10 23:36:17.668,0.69636,0.69647,1.00,1.00
2017.04.10 23:36:18.362,0.69636,0.69646,1.00,1.00
2017.04.10 23:36:19.080,0.69635,0.69646,2.10,1.00
2017.04.10 23:36:22.252,0.69635,0.69646,3.60,1.00
2017.04.10 23:36:22.867,0.69635,0.69645,2.10,1.00
2017.04.10 23:36:52.727,0.69636,0.69645,1.00,1.00
2017.04.10 23:36:57.075,0.69635,0.69645,1.50,1.00
2017.04.10 23:36:58.161,0.69636,0.69645,1.00,1.00
2017.04.10 23:37:00.447,0.69635,0.69645,2.10,1.00
2017.04.10 23:37:01.110,0.69635,0.69646,1.35,2.25
2017.04.10 23:37:01.651,0.69636,0.69646,1.00,2.25
2017.04.10 23:37:02.369,0.69635,0.69646,1.35,2.25
2017.04.10 23:37:02.915,0.69634,0.69646,5.47,1.50
2017.04.10 23:37:03.457,0.69635,0.69646,1.00,1.50
2017.04.10 23:37:04.507,0.69634,0.69646,5.47,1.50
2017.04.10 23:37:05.571,0.69634,0.69646,5.85,1.50
2017.04.10 23:37:09.974,0.69635,0.69646,3.97,1.50
2017.04.10 23:37:17.056,0.69635,0.69646,2.47,1.50
2017.04.10 23:37:29.900,0.69636,0.69646,1.00,1.00
2017.04.10 23:37:31.114,0.69635,0.69646,1.72,1.00
2017.04.10 23:37:32.595,0.69636,0.69646,1.00,1.00
2017.04.10 23:37:33.117,0.69635,0.69646,1.72,1.00
2017.04.10 23:37:34.795,0.69636,0.69646,1.00,1.00
2017.04.10 23:37:36.054,0.69635,0.69646,2.47,1.00
2017.04.10 23:37:37.126,0.69636,0.69646,1.00,1.50
2017.04.10 23:37:37.867,0.69635,0.69646,2.47,1.50
2017.04.10 23:37:39.191,0.69636,0.69646,1.00,1.00
2017.04.10 23:37:39.894,0.69635,0.69646,1.72,1.00
2017.04.10 23:37:40.275,0.69637,0.69646,1.00,1.00
2017.04.10 23:37:40.506,0.69635,0.69646,2.47,1.00
2017.04.10 23:37:42.047,0.69636,0.69646,1.00,1.50
2017.04.10 23:37:42.697,0.69635,0.69646,1.72,1.00
2017.04.10 23:37:43.478,0.69636,0.69646,1.00,1.00
2017.04.10 23:37:43.995,0.69635,0.69646,1.72,1.00
2017.04.10 23:37:46.531,0.69636,0.69646,2.10,1.00
2017.04.10 23:37:47.716,0.69637,0.69646,1.00,1.00
2017.04.10 23:37:49.348,0.69636,0.69646,1.35,1.00
2017.04.10 23:37:52.477,0.69637,0.69646,1.00,1.00
2017.04.10 23:37:53.193,0.69636,0.69646,1.35,1.00
2017.04.10 23:37:55.020,0.69635,0.69646,2.10,1.00
2017.04.10 23:37:56.215,0.69635,0.69646,3.60,1.00
2017.04.10 23:37:56.766,0.69635,0.69646,2.10,1.00
2017.04.10 23:37:57.369,0.69635,0.69646,3.60,1.00
2017.04.10 23:37:58.144,0.69635,0.69646,1.35,1.00
2017.04.10 23:37:58.804,0.69636,0.69646,1.00,1.00
2017.04.10 23:37:59.722,0.69634,0.69645,2.85,1.50
2017.04.10 23:37:59.787,0.69635,0.69643,2.10,1.00
2017.04.10 23:37:59.889,0.69634,0.69643,1.00,1.00
2017.04.10 23:37:59.940,0.69631,0.6964,1.00,2.85
2017.04.10 23:37:59.991,0.6963,0.69639,1.37,2.10
2017.04.10 23:38:00.092,0.69628,0.69638,1.00,1.50
2017.04.10 23:38:00.619,0.69628,0.69639,1.50,1.35
2017.04.10 23:38:01.162,0.69628,0.6964,2.25,2.85
2017.04.10 23:38:02.105,0.69632,0.69642,1.00,4.12
2017.04.10 23:38:02.207,0.69634,0.69644,1.00,1.50
2017.04.10 23:38:02.796,0.69634,0.69645,1.50,1.00
2017.04.10 23:38:03.321,0.69634,0.69646,2.10,1.50
2017.04.10 23:38:04.298,0.69635,0.69646,1.00,2.25
2017.04.10 23:38:06.427,0.69636,0.69646,1.00,2.25
2017.04.10 23:38:07.058,0.69635,0.69646,2.10,2.25
2017.04.10 23:38:10.266,0.69636,0.69646,1.00,2.25
2017.04.10 23:38:10.967,0.69635,0.69646,2.10,2.25
2017.04.10 23:38:12.179,0.69636,0.69647,1.35,1.50
2017.04.10 23:38:12.717,0.69636,0.69647,4.35,1.00
2017.04.10 23:38:18.059,0.69636,0.69644,1.00,1.00
2017.04.10 23:38:18.211,0.69636,0.69646,1.50,1.00
2017.04.10 23:38:18.355,0.69636,0.69648,1.50,4.12
2017.04.10 23:38:18.456,0.69636,0.69646,2.10,1.00
2017.04.10 23:38:39.952,0.69636,0.69645,1.00,1.00
2017.04.10 23:38:40.532,0.69636,0.69644,1.00,1.00
2017.04.10 23:38:46.132,0.69636,0.69646,1.35,1.50
2017.04.10 23:38:46.652,0.69636,0.69645,1.35,1.00
2017.04.10 23:38:47.153,0.69635,0.69645,1.35,1.50
2017.04.10 23:38:47.351,0.69633,0.69643,2.10,1.50
2017.04.10 23:38:47.654,0.69632,0.69641,1.00,1.00
2017.04.10 23:38:48.158,0.69631,0.69641,1.00,1.00
2017.04.10 23:38:50.616,0.69631,0.69642,1.35,1.87
2017.04.10 23:38:50.920,0.69631,0.6964,1.00,1.00
2017.04.10 23:38:52.719,0.69631,0.69639,1.00,1.00
2017.04.10 23:38:52.770,0.69629,0.6964,2.10,1.50
2017.04.10 23:38:53.296,0.69629,0.69639,2.85,1.00
2017.04.10 23:38:54.304,0.69629,0.69639,2.85,1.00
2017.04.10 23:38:54.835,0.69629,0.69639,2.10,1.00
2017.04.10 23:38:55.405,0.69629,0.69639,2.10,1.00
2017.04.10 23:38:55.938,0.69629,0.69639,1.50,1.00
2017.04.10 23:38:57.108,0.69629,0.69639,2.85,1.50
2017.04.10 23:38:57.759,0.69629,0.69639,1.50,1.00
2017.04.10 23:38:59.927,0.69628,0.69638,2.85,1.00
2017.04.10 23:39:00.454,0.69628,0.69638,1.60,1.00
2017.04.10 23:39:00.862,0.69626,0.69636,2.25,1.50
2017.04.10 23:39:01.454,0.69625,0.69636,1.50,1.00
2017.04.10 23:39:01.983,0.69627,0.69636,1.00,1.00
2017.04.10 23:39:03.509,0.69627,0.69637,1.00,1.00
2017.04.10 23:39:04.003,0.69629,0.69638,1.00,1.00
2017.04.10 23:39:24.547,0.69627,0.69638,2.85,1.00
2017.04.10 23:39:26.497,0.69628,0.69638,1.00,1.00
2017.04.10 23:39:28.867,0.69627,0.69638,2.85,1.00
2017.04.10 23:39:29.409,0.69627,0.69639,2.85,1.50
2017.04.10 23:39:29.919,0.69627,0.69639,2.85,1.50
2017.04.10 23:39:42.343,0.69628,0.69637,1.35,1.00
2017.04.10 23:39:43.627,0.69626,0.69636,1.12,1.00
2017.04.10 23:39:44.136,0.69625,0.69635,1.00,1.00
2017.04.10 23:39:58.825,0.69625,0.69636,1.00,1.00
2017.04.10 23:40:05.218,0.69624,0.69633,2.85,1.00
2017.04.10 23:40:05.737,0.69622,0.69633,2.25,1.00
2017.04.10 23:40:09.859,0.69627,0.69634,1.00,1.00
2017.04.10 23:40:09.909,0.69627,0.69637,1.00,2.25
2017.04.10 23:40:10.457,0.69626,0.69637,1.00,1.00
2017.04.10 23:40:15.193,0.69626,0.69638,1.50,1.87
2017.04.10 23:40:24.288,0.69629,0.69638,1.00,1.12
2017.04.10 23:40:24.440,0.69625,0.69635,1.35,1.00
2017.04.10 23:40:24.490,0.69627,0.69636,1.00,1.50
2017.04.10 23:40:25.000,0.69626,0.69637,1.00,1.00
2017.04.10 23:40:25.721,0.69628,0.69638,1.00,2.25
2017.04.10 23:40:27.764,0.69628,0.69637,1.00,1.00
2017.04.10 23:40:29.404,0.69628,0.69638,1.00,3.00
2017.04.10 23:40:30.600,0.69628,0.69637,1.00,1.00
2017.04.10 23:40:31.457,0.69628,0.69638,1.00,3.00
2017.04.10 23:40:36.891,0.69628,0.69637,1.00,1.00
2017.04.10 23:40:37.858,0.69628,0.69638,1.00,3.00
2017.04.10 23:40:38.430,0.69627,0.69637,1.00,1.00
2017.04.10 23:40:39.131,0.69627,0.69636,1.00,1.00
2017.04.10 23:40:45.709,0.69626,0.69636,1.00,1.00
2017.04.10 23:40:57.381,0.69626,0.69635,1.00,1.00
2017.04.10 23:40:58.658,0.69626,0.69636,1.00,1.00
2017.04.10 23:41:18.263,0.69625,0.69635,1.00,1.00
2017.04.10 23:41:18.930,0.69625,0.69636,1.00,1.50
2017.04.10 23:41:22.849,0.69625,0.69635,1.00,1.00
2017.04.10 23:41:23.465,0.69625,0.69636,1.00,1.50
2017.04.10 23:41:24.211,0.69625,0.69635,1.00,1.00
2017.04.10 23:41:24.871,0.69625,0.69636,1.00,1.50
2017.04.10 23:41:25.395,0.69625,0.69637,1.00,3.00
2017.04.10 23:41:40.827,0.69625,0.69637,1.00,2.25
2017.04.10 23:41:46.651,0.69625,0.69635,1.00,1.00
2017.04.10 23:41:47.994,0.69625,0.69636,1.00,1.87
2017.04.10 23:41:50.267,0.69626,0.69637,1.00,1.00
2017.04.10 23:41:50.776,0.69626,0.69638,1.00,1.50
2017.04.10 23:41:53.719,0.69626,0.69637,1.50,1.00
2017.04.10 23:41:54.357,0.69626,0.69638,1.00,1.50
2017.04.10 23:41:56.836,0.69626,0.69637,1.50,1.00
2017.04.10 23:41:57.617,0.69626,0.69638,1.00,1.50
2017.04.10 23:42:02.410,0.69626,0.69637,1.50,1.00
2017.04.10 23:42:03.079,0.69626,0.69638,1.35,1.50
2017.04.10 23:42:09.037,0.69626,0.69637,1.00,1.00
2017.04.10 23:42:09.731,0.69626,0.69638,1.00,1.50
2017.04.10 23:42:12.117,0.69626,0.69637,1.00,1.00
2017.04.10 23:42:20.762,0.69627,0.69637,1.00,1.50
2017.04.10 23:42:37.628,0.69633,0.6964,1.60,1.50
2017.04.10 23:42:37.779,0.69631,0.69641,4.72,1.00
2017.04.10 23:42:38.184,0.69634,0.69646,1.35,2.62
2017.04.10 23:42:38.734,0.69634,0.69646,1.00,1.87
2017.04.10 23:42:39.167,0.69636,0.69646,1.00,1.12
2017.04.10 23:42:39.471,0.6964,0.69651,1.00,1.87
2017.04.10 23:42:39.522,0.6964,0.69651,1.00,1.12
2017.04.10 23:42:41.783,0.69639,0.69649,1.87,1.00
2017.04.10 23:42:44.727,0.69639,0.69649,2.47,1.00
2017.04.10 23:42:45.426,0.69639,0.69649,2.47,1.00
2017.04.10 23:42:46.030,0.6964,0.69649,1.00,1.00
2017.04.10 23:42:50.762,0.69639,0.6965,3.22,1.00
2017.04.10 23:42:51.078,0.69644,0.69653,1.00,1.12
2017.04.10 23:42:51.877,0.69644,0.69654,2.25,1.00
2017.04.10 23:42:52.455,0.69645,0.69654,1.00,1.00
2017.04.10 23:43:02.261,0.69644,0.69654,2.85,1.00
2017.04.10 23:43:21.842,0.69644,0.69654,1.60,1.00
2017.04.10 23:43:24.182,0.69644,0.69654,1.35,1.00
2017.04.10 23:43:24.935,0.69643,0.69654,2.47,1.00
2017.04.10 23:43:25.452,0.69644,0.69654,1.00,1.00
2017.04.10 23:43:26.065,0.69645,0.69654,1.00,1.00
2017.04.10 23:43:26.608,0.69643,0.69654,2.47,1.00
2017.04.10 23:43:29.255,0.69643,0.69654,2.47,1.00
2017.04.10 23:43:29.785,0.69643,0.69654,3.97,1.00
2017.04.10 23:43:29.961,0.69643,0.69654,2.47,1.00
2017.04.10 23:43:34.388,0.69644,0.69654,1.00,1.00
2017.04.10 23:43:34.937,0.69643,0.69654,2.47,1.00
2017.04.10 23:43:35.617,0.69642,0.69654,3.97,1.00
2017.04.10 23:43:36.305,0.69642,0.69654,3.97,1.00
2017.04.10 23:43:36.357,0.69642,0.69652,1.12,1.00
2017.04.10 23:43:36.684,0.6964,0.6965,1.72,1.00
2017.04.10 23:43:55.629,0.6964,0.69651,2.47,1.00
2017.04.10 23:43:56.034,0.69641,0.69649,1.00,1.00
2017.04.10 23:43:56.569,0.6964,0.69649,1.12,1.00
2017.04.10 23:43:57.118,0.6964,0.6965,1.12,1.00
2017.04.10 23:44:02.137,0.6964,0.69649,1.30,1.00
2017.04.10 23:44:09.918,0.69641,0.69651,1.00,1.00
2017.04.10 23:44:10.019,0.6964,0.69649,1.72,1.00
2017.04.10 23:44:25.782,0.69638,0.69649,1.35,1.00
2017.04.10 23:44:25.833,0.69637,0.69647,1.50,1.12
2017.04.10 23:44:26.136,0.69636,0.69644,1.00,1.37
2017.04.10 23:44:26.640,0.69635,0.69644,1.00,1.12
2017.04.10 23:44:33.253,0.69634,0.69644,1.35,1.87
2017.04.10 23:44:35.018,0.69632,0.69642,2.25,1.12
2017.04.10 23:44:35.321,0.69632,0.6964,1.50,1.37
2017.04.10 23:44:40.208,0.69631,0.6964,1.00,1.37
2017.04.10 23:44:49.709,0.69631,0.6964,1.60,1.37
2017.04.10 23:44:50.258,0.69631,0.6964,3.60,1.37
2017.04.10 23:44:52.663,0.69631,0.69641,4.35,1.50
2017.04.10 23:44:53.637,0.69631,0.69641,2.10,1.50
2017.04.10 23:44:54.159,0.69631,0.69641,2.85,1.50
2017.04.10 23:44:55.207,0.69632,0.69641,1.00,1.50
2017.04.10 23:44:56.209,0.69631,0.69641,2.10,1.50
2017.04.10 23:45:00.688,0.69631,0.6964,2.10,1.12
2017.04.10 23:45:00.739,0.6963,0.69639,1.50,1.00
2017.04.10 23:45:01.263,0.69629,0.69639,1.00,1.50
2017.04.10 23:45:09.150,0.69629,0.69638,1.00,1.00
2017.04.10 23:45:10.655,0.69628,0.69638,2.25,1.00
2017.04.10 23:45:14.095,0.6963,0.69638,1.00,1.00
2017.04.10 23:45:14.197,0.69631,0.69642,2.10,1.50
2017.04.10 23:45:14.247,0.69633,0.69642,1.00,1.50
2017.04.10 23:45:14.781,0.69633,0.69642,1.00,1.00
2017.04.10 23:45:20.767,0.69634,0.69643,1.00,1.12
2017.04.10 23:45:23.375,0.69635,0.69645,1.00,1.87
2017.04.10 23:45:24.005,0.69635,0.69645,2.25,1.12
2017.04.10 23:45:25.267,0.69637,0.69645,1.00,1.00
2017.04.10 23:45:29.906,0.69637,0.69646,1.00,1.00
2017.04.10 23:45:31.908,0.69637,0.69645,1.00,1.00
2017.04.10 23:45:35.131,0.69635,0.69644,1.00,1.00
2017.04.10 23:45:36.449,0.69633,0.69644,1.00,1.00
2017.04.10 23:45:36.972,0.69633,0.69644,1.00,1.50
2017.04.10 23:45:37.908,0.69632,0.69643,1.00,1.12
2017.04.10 23:45:38.009,0.69632,0.69641,1.00,1.00
2017.04.10 23:45:38.669,0.69632,0.69642,1.00,1.12
2017.04.10 23:45:39.206,0.69631,0.69641,1.00,1.00
2017.04.10 23:45:40.297,0.6963,0.69641,1.35,1.00
2017.04.10 23:45:47.178,0.6963,0.6964,1.00,1.00
2017.04.10 23:45:47.703,0.69629,0.6964,1.50,1.00
2017.04.10 23:45:56.498,0.69629,0.69641,1.87,1.00
2017.04.10 23:46:10.009,0.69629,0.69641,2.47,1.00
2017.04.10 23:46:13.300,0.69629,0.69641,3.22,1.00
2017.04.10 23:46:13.858,0.6963,0.69641,1.00,1.00
2017.04.10 23:46:22.985,0.69629,0.69641,2.47,1.00
2017.04.10 23:46:23.492,0.6963,0.69641,2.47,1.00
2017.04.10 23:46:25.387,0.69631,0.69641,1.00,1.00
2017.04.10 23:46:29.299,0.69631,0.69642,1.00,1.00
2017.04.10 23:46:40.073,0.69631,0.69641,1.00,1.00
2017.04.10 23:46:40.276,0.69629,0.6964,1.87,1.00
2017.04.10 23:46:40.788,0.69629,0.69639,1.00,1.00
2017.04.10 23:46:41.326,0.69628,0.69639,1.35,1.00
2017.04.10 23:46:41.801,0.69628,0.69637,1.00,1.00
2017.04.10 23:46:50.299,0.69627,0.69637,2.10,1.00
2017.04.10 23:46:50.603,0.69623,0.69633,5.47,1.00
2017.04.10 23:47:00.966,0.69624,0.69633,1.00,1.00
2017.04.10 23:47:01.067,0.69625,0.69635,1.00,1.00
2017.04.10 23:47:01.320,0.69627,0.69636,1.00,1.00
2017.04.10 23:47:04.400,0.6963,0.6964,2.10,1.12
2017.04.10 23:47:04.502,0.69631,0.69642,1.72,1.00
2017.04.10 23:47:04.553,0.69631,0.6964,1.12,1.00
2017.04.10 23:47:04.906,0.69631,0.69642,1.87,1.50
2017.04.10 23:47:10.062,0.69632,0.69642,1.00,1.00
2017.04.10 23:47:12.716,0.69631,0.69641,1.50,1.00
2017.04.10 23:47:13.070,0.6963,0.69639,1.35,1.00
2017.04.10 23:47:13.619,0.69629,0.69638,1.00,1.00
2017.04.10 23:47:18.219,0.69628,0.69638,2.25,1.00
2017.04.10 23:47:26.658,0.69629,0.69638,1.00,1.00
2017.04.10 23:47:26.760,0.69631,0.69641,3.60,1.00
2017.04.10 23:47:27.312,0.69632,0.69642,1.35,1.00
2017.04.10 23:47:33.076,0.69633,0.69642,1.00,1.00
2017.04.10 23:47:34.216,0.69632,0.69643,3.60,1.12
2017.04.10 23:47:40.336,0.69632,0.69643,3.60,1.12
2017.04.10 23:47:51.449,0.69633,0.69643,1.50,1.00
2017.04.10 23:47:53.542,0.69633,0.69643,1.60,1.00
2017.04.10 23:47:57.164,0.69633,0.69643,2.10,1.00
2017.04.10 23:48:04.936,0.69634,0.69643,1.00,1.00
2017.04.10 23:48:05.868,0.69633,0.69643,2.10,1.00
2017.04.10 23:48:13.917,0.69634,0.69643,1.00,1.00
2017.04.10 23:48:15.006,0.69633,0.69643,2.10,1.00
2017.04.10 23:48:17.322,0.69634,0.69643,1.00,1.00
2017.04.10 23:48:17.866,0.69633,0.69643,2.47,1.00
2017.04.10 23:48:20.809,0.69634,0.69643,1.00,1.00
2017.04.10 23:48:21.369,0.69633,0.69643,2.47,1.00
2017.04.10 23:48:22.046,0.69634,0.69643,1.00,1.00
2017.04.10 23:48:26.085,0.69633,0.69643,2.47,1.00
2017.04.10 23:48:31.039,0.69634,0.69643,1.00,1.00
2017.04.10 23:48:33.417,0.69633,0.69643,2.47,1.00
2017.04.10 23:48:34.026,0.69634,0.69643,1.00,1.00
2017.04.10 23:48:34.619,0.69633,0.69643,2.47,1.00
2017.04.10 23:48:38.611,0.69634,0.69643,1.00,1.00
2017.04.10 23:48:39.237,0.69633,0.69643,2.47,1.00
2017.04.10 23:48:40.108,0.69634,0.69643,1.00,1.00
2017.04.10 23:48:42.047,0.69633,0.69643,2.47,1.00
2017.04.10 23:48:43.975,0.69634,0.69643,1.00,1.00
2017.04.10 23:48:44.512,0.69633,0.69643,1.00,1.00
2017.04.10 23:48:45.076,0.69632,0.69643,2.10,1.00
2017.04.10 23:48:46.497,0.69633,0.69643,1.00,1.00
2017.04.10 23:48:49.084,0.69632,0.69643,2.10,1.00
2017.04.10 23:48:50.147,0.69633,0.69643,1.00,1.00
2017.04.10 23:48:51.096,0.69632,0.69643,2.10,1.00
2017.04.10 23:49:00.811,0.69632,0.69642,2.10,1.00
2017.04.10 23:49:01.326,0.69632,0.69642,2.10,1.00
2017.04.10 23:49:08.481,0.69633,0.69642,1.00,1.00
2017.04.10 23:49:11.139,0.69632,0.69642,2.10,1.00
2017.04.10 23:49:12.207,0.69633,0.69642,1.00,1.00
2017.04.10 23:49:12.737,0.69632,0.69642,2.10,1.00
2017.04.10 23:49:27.059,0.69633,0.69642,1.00,1.00
2017.04.10 23:49:28.266,0.69632,0.69642,2.10,1.00
2017.04.10 23:49:32.818,0.69633,0.69642,1.00,1.00
2017.04.10 23:49:33.600,0.69632,0.69642,2.85,1.00
2017.04.10 23:49:44.207,0.69632,0.69642,3.60,1.00
2017.04.10 23:49:44.922,0.69633,0.69642,1.35,1.00
2017.04.10 23:49:45.582,0.69634,0.69642,1.00,1.00
2017.04.10 23:49:46.546,0.69633,0.69642,1.35,1.00
2017.04.10 23:49:53.097,0.69634,0.69642,1.00,1.00
2017.04.10 23:49:53.835,0.69633,0.69642,1.35,1.00
2017.04.10 23:49:54.427,0.69634,0.69642,1.00,1.00
2017.04.10 23:49:55.966,0.69633,0.69642,1.35,1.00
2017.04.10 23:49:56.606,0.69634,0.69642,1.00,1.00
2017.04.10 23:49:58.277,0.69633,0.69642,2.10,1.00
2017.04.10 23:50:00.099,0.69634,0.69642,1.00,1.00
2017.04.10 23:50:00.819,0.69633,0.69642,2.10,1.00
2017.04.10 23:50:02.735,0.69634,0.69642,1.00,1.00
2017.04.10 23:50:03.365,0.69633,0.69642,1.35,1.00
2017.04.10 23:50:04.351,0.69633,0.69643,2.47,1.00
2017.04.10 23:50:04.937,0.69634,0.69643,1.00,1.00
2017.04.10 23:50:05.478,0.69633,0.69643,2.47,1.00
2017.04.10 23:50:06.715,0.69634,0.69643,1.72,1.00
2017.04.10 23:50:06.918,0.69636,0.69646,1.72,1.00
2017.04.10 23:50:07.222,0.69638,0.69647,1.50,1.00
2017.04.10 23:50:07.730,0.69638,0.69648,1.87,1.00
2017.04.10 23:50:09.449,0.69638,0.69647,1.87,1.00
2017.04.10 23:50:09.752,0.69634,0.69643,1.67,1.00
2017.04.10 23:50:09.803,0.69633,0.69643,3.22,1.00
2017.04.10 23:50:10.315,0.69633,0.69642,1.50,1.00
2017.04.10 23:50:10.896,0.69632,0.69642,2.47,1.00
2017.04.10 23:50:14.244,0.69633,0.69643,1.00,1.00
2017.04.10 23:50:14.774,0.69634,0.69644,1.00,1.00
2017.04.10 23:50:15.301,0.69633,0.69644,2.62,1.00
2017.04.10 23:50:15.871,0.69634,0.69644,1.00,1.00
2017.04.10 23:50:16.494,0.69633,0.69644,3.22,1.00
2017.04.10 23:50:25.570,0.69634,0.69643,1.00,1.00
2017.04.10 23:50:25.722,0.69632,0.69642,2.47,1.00
2017.04.10 23:50:30.944,0.69631,0.69642,2.85,1.00
2017.04.10 23:50:31.482,0.69631,0.69642,2.10,1.00
2017.04.10 23:50:32.047,0.69632,0.69643,1.00,1.00
2017.04.10 23:50:36.063,0.69631,0.69642,2.85,1.00
2017.04.10 23:50:40.390,0.69632,0.69642,1.00,1.00
2017.04.10 23:50:42.741,0.69631,0.69642,2.10,1.00
2017.04.10 23:50:43.956,0.69632,0.69642,1.00,1.00
2017.04.10 23:50:44.625,0.69631,0.69642,2.10,1.00
2017.04.10 23:50:45.987,0.69632,0.69642,1.00,1.00
2017.04.10 23:50:46.494,0.69631,0.69642,2.10,1.00
2017.04.10 23:50:51.166,0.69632,0.69642,1.00,1.00
2017.04.10 23:50:51.669,0.69631,0.69642,2.85,1.00
2017.04.10 23:50:52.338,0.69632,0.69642,1.00,1.00
2017.04.10 23:50:56.990,0.69631,0.69642,2.10,1.00
2017.04.10 23:50:57.764,0.69632,0.69642,1.00,1.00
2017.04.10 23:50:58.306,0.69632,0.69642,1.37,1.00
2017.04.10 23:51:03.706,0.69632,0.69642,1.72,1.00
2017.04.10 23:51:04.211,0.69633,0.69642,1.00,1.00
2017.04.10 23:51:10.868,0.69632,0.6964,2.85,1.00
2017.04.10 23:51:11.499,0.69632,0.6964,2.47,1.00
2017.04.10 23:51:20.903,0.69633,0.69642,1.00,1.00
2017.04.10 23:51:21.515,0.69632,0.69642,2.47,1.00
2017.04.10 23:51:24.604,0.69633,0.69642,1.00,1.00
2017.04.10 23:51:25.231,0.69632,0.69642,1.87,1.00
2017.04.10 23:51:26.224,0.69633,0.69642,1.00,1.00
2017.04.10 23:51:26.738,0.69632,0.69641,3.22,1.00
2017.04.10 23:51:27.247,0.69632,0.69641,3.97,1.00
2017.04.10 23:51:36.410,0.69632,0.69644,1.87,1.00
2017.04.10 23:51:36.460,0.69632,0.69641,1.87,1.00
2017.04.10 23:51:47.191,0.69632,0.69642,1.87,1.00
2017.04.10 23:51:49.688,0.69633,0.69642,1.00,1.00
2017.04.10 23:52:10.130,0.69634,0.69642,1.00,1.00
2017.04.10 23:52:26.442,0.69633,0.69642,1.00,1.00
2017.04.10 23:52:28.053,0.69633,0.69643,2.25,1.00
2017.04.10 23:52:29.036,0.69633,0.69642,1.00,1.00
2017.04.10 23:52:34.578,0.69633,0.69641,1.00,1.00
2017.04.10 23:52:34.833,0.69628,0.69637,1.00,1.00
2017.04.10 23:52:35.768,0.69629,0.69637,1.00,1.00
2017.04.10 23:52:36.308,0.69628,0.69637,1.00,1.00
2017.04.10 23:52:40.575,0.69627,0.69636,1.00,1.00
2017.04.10 23:52:40.626,0.69629,0.69638,1.00,1.00
2017.04.10 23:52:40.948,0.69627,0.69635,2.25,1.00
2017.04.10 23:52:51.064,0.69629,0.69635,1.00,1.00
2017.04.10 23:52:53.175,0.69629,0.69639,1.00,1.00
2017.04.10 23:52:53.226,0.69629,0.69636,1.00,1.00
2017.04.10 23:52:56.941,0.69627,0.69636,1.50,1.00
2017.04.10 23:53:01.211,0.69628,0.69636,1.00,1.00
2017.04.10 23:53:01.858,0.69627,0.69636,1.50,1.00
2017.04.10 23:53:07.959,0.69629,0.69636,1.00,1.00
2017.04.10 23:53:09.027,0.69627,0.69636,1.50,1.00
2017.04.10 23:53:09.215,0.69629,0.69637,1.00,1.00
2017.04.10 23:53:25.530,0.69629,0.69636,1.00,1.00
2017.04.10 23:53:26.241,0.69627,0.69636,1.87,1.00
2017.04.10 23:53:27.069,0.69628,0.69636,1.00,1.00
2017.04.10 23:53:42.804,0.69627,0.69636,1.00,1.00
2017.04.10 23:53:43.564,0.69627,0.69635,1.00,1.00
2017.04.10 23:53:43.867,0.69625,0.69634,1.50,1.00
2017.04.10 23:53:44.637,0.69625,0.69633,1.00,1.00
2017.04.10 23:53:45.143,0.69624,0.69633,2.62,1.00
2017.04.10 23:53:45.789,0.69624,0.69632,2.47,1.00
2017.04.10 23:53:57.675,0.69624,0.69631,1.00,1.00
2017.04.10 23:54:00.168,0.69624,0.69632,1.00,1.00
2017.04.10 23:54:16.032,0.69624,0.69633,1.50,1.00
2017.04.10 23:54:48.775,0.69625,0.69633,1.00,1.00
2017.04.10 23:54:49.303,0.69624,0.69633,1.50,1.00
2017.04.10 23:54:49.881,0.69625,0.69633,1.00,1.00
2017.04.10 23:54:50.679,0.69624,0.69633,1.00,1.00
2017.04.10 23:54:56.485,0.69623,0.69633,2.85,1.00
2017.04.10 23:54:57.979,0.69624,0.69633,1.00,1.00
2017.04.10 23:55:07.569,0.69625,0.69632,1.00,1.00
2017.04.10 23:55:12.059,0.69625,0.69633,1.00,1.00
2017.04.10 23:55:12.587,0.69623,0.69633,3.22,1.00
2017.04.10 23:55:14.488,0.69623,0.69633,4.72,1.00
2017.04.10 23:55:17.841,0.69624,0.69633,1.35,1.00
2017.04.10 23:55:26.698,0.69624,0.69633,1.60,1.00
2017.04.10 23:55:27.445,0.69624,0.69633,1.35,1.00
2017.04.10 23:55:27.535,0.69628,0.69636,1.00,1.00
2017.04.10 23:55:41.508,0.69628,0.69637,1.00,2.62
2017.04.10 23:55:45.174,0.69628,0.69636,1.00,1.00
2017.04.10 23:55:45.709,0.69627,0.69636,1.00,1.50
2017.04.10 23:55:46.486,0.69627,0.69635,1.00,1.00
2017.04.10 23:55:47.976,0.69624,0.69635,1.50,1.00
2017.04.10 23:55:48.027,0.69627,0.69635,1.00,1.00
2017.04.10 23:55:48.978,0.69627,0.69636,1.00,1.00
2017.04.10 23:56:25.157,0.69628,0.69636,1.00,1.00
2017.04.10 23:56:25.662,0.69628,0.69637,1.00,1.00
2017.04.10 23:56:47.554,0.69629,0.69638,1.00,3.00
2017.04.10 23:56:48.412,0.69629,0.69637,1.00,1.87
2017.04.10 23:56:48.957,0.69629,0.69638,1.00,3.00
2017.04.10 23:56:50.182,0.69629,0.69638,1.00,3.00
2017.04.10 23:56:51.216,0.69629,0.69638,1.00,2.25
2017.04.10 23:56:56.407,0.69629,0.69638,1.00,3.00
2017.04.10 23:56:57.407,0.69629,0.69638,1.00,3.00
2017.04.10 23:56:58.867,0.69629,0.69638,1.00,4.35
2017.04.10 23:56:59.407,0.69629,0.69638,1.00,3.60
2017.04.10 23:57:02.104,0.69629,0.69638,1.00,4.50
2017.04.10 23:57:02.739,0.69629,0.69638,1.00,3.60
2017.04.10 23:57:04.376,0.69629,0.69638,1.00,4.50
2017.04.10 23:57:06.422,0.69629,0.69638,1.00,3.00
2017.04.10 23:57:07.031,0.69629,0.69638,1.00,4.50
2017.04.10 23:57:07.575,0.69629,0.69638,1.00,3.00
2017.04.10 23:57:08.351,0.69629,0.69637,1.00,1.12
2017.04.10 23:57:08.898,0.69629,0.69638,1.00,3.00
2017.04.10 23:57:10.907,0.69629,0.69637,1.00,1.12
2017.04.10 23:57:11.566,0.69629,0.69638,1.00,3.37
2017.04.10 23:57:12.748,0.69629,0.69637,1.00,1.00
2017.04.10 23:57:13.366,0.69629,0.69638,1.00,4.12
2017.04.10 23:57:13.950,0.69629,0.69637,1.00,1.12
2017.04.10 23:57:14.465,0.69629,0.69638,1.00,2.62
2017.04.10 23:57:17.350,0.69629,0.69638,1.00,4.72
2017.04.10 23:57:19.447,0.69629,0.69638,1.00,3.22
2017.04.10 23:57:20.829,0.69629,0.69638,1.00,3.97
2017.04.10 23:57:21.425,0.69629,0.69638,1.00,2.85
2017.04.10 23:57:26.399,0.69627,0.69636,1.00,1.00
2017.04.10 23:57:26.933,0.69626,0.69635,1.00,1.50
2017.04.10 23:57:30.952,0.69624,0.69634,1.12,1.50
2017.04.10 23:57:37.794,0.69623,0.69633,1.00,1.00
2017.04.10 23:57:38.308,0.69623,0.69632,1.00,1.00
2017.04.10 23:57:38.811,0.69623,0.69633,1.00,1.00
2017.04.10 23:57:49.031,0.69624,0.69633,1.00,1.87
2017.04.10 23:57:49.255,0.69621,0.69631,1.00,1.50
2017.04.10 23:57:50.820,0.69621,0.6963,1.00,1.00
2017.04.10 23:57:51.486,0.69622,0.6963,1.00,1.00
2017.04.10 23:57:51.638,0.69623,0.69632,1.00,1.00
2017.04.10 23:57:51.739,0.69625,0.69632,1.00,1.12
2017.04.10 23:57:52.748,0.69626,0.69634,1.00,1.12
2017.04.10 23:57:52.799,0.69626,0.69635,1.00,1.87
2017.04.10 23:57:53.549,0.69626,0.69635,1.00,1.87
2017.04.10 23:57:59.769,0.69629,0.69637,1.00,1.75
2017.04.10 23:57:59.820,0.69629,0.69637,1.00,2.25
2017.04.10 23:58:00.360,0.69629,0.69638,1.00,2.62
2017.04.10 23:58:01.144,0.69628,0.69638,1.00,3.00
2017.04.10 23:58:01.861,0.69628,0.69637,1.00,1.12
2017.04.10 23:58:03.192,0.69628,0.69637,1.00,1.87
2017.04.10 23:58:03.717,0.69627,0.69635,1.00,1.87
2017.04.10 23:58:04.797,0.69628,0.69636,1.00,1.87
2017.04.10 23:58:06.019,0.69626,0.69636,1.00,2.62
2017.04.10 23:58:08.119,0.69632,0.69636,1.00,1.00
2017.04.10 23:58:08.169,0.69632,0.69639,1.00,1.12
2017.04.10 23:58:08.271,0.69633,0.69642,1.00,1.50
2017.04.10 23:58:08.832,0.69634,0.69643,1.00,2.62
2017.04.10 23:58:09.420,0.69633,0.69642,1.00,1.12
2017.04.10 23:58:09.926,0.69632,0.69642,1.00,1.12
2017.04.10 23:58:15.109,0.69633,0.69643,1.00,3.37
2017.04.10 23:58:15.672,0.69634,0.69642,1.00,1.12
2017.04.10 23:58:19.714,0.69634,0.69641,1.00,1.00
2017.04.10 23:58:20.220,0.69633,0.69643,1.00,4.87
2017.04.10 23:58:20.773,0.69634,0.69641,1.00,1.00
2017.04.10 23:58:21.388,0.69634,0.69642,1.00,1.87
2017.04.10 23:58:21.939,0.69634,0.69643,1.00,1.50
2017.04.10 23:58:22.452,0.69635,0.69644,1.00,3.37
2017.04.10 23:58:23.821,0.69635,0.69643,1.00,1.00
2017.04.10 23:58:24.327,0.69635,0.69644,1.00,2.62
2017.04.10 23:58:24.928,0.69633,0.69637,1.00,1.00
2017.04.10 23:58:25.030,0.69633,0.6964,1.00,3.00
2017.04.10 23:58:25.505,0.69633,0.69638,1.00,1.00
2017.04.10 23:58:26.537,0.69633,0.69637,1.00,1.00
2017.04.10 23:58:28.317,0.69633,0.69638,1.00,1.50
2017.04.10 23:58:28.839,0.69633,0.69637,1.00,1.00
2017.04.10 23:58:29.567,0.69633,0.69638,1.00,1.50
2017.04.10 23:58:32.543,0.69633,0.69637,1.00,1.00
2017.04.10 23:58:33.866,0.69633,0.69638,1.00,1.50
2017.04.10 23:58:40.104,0.69633,0.69637,1.00,1.00
2017.04.10 23:58:40.746,0.69633,0.69638,1.00,1.50
2017.04.10 23:58:41.489,0.69633,0.69637,1.00,1.00
2017.04.10 23:58:42.054,0.69633,0.69638,1.00,1.50
2017.04.10 23:58:43.280,0.69633,0.69637,1.00,1.00
2017.04.10 23:58:44.258,0.69633,0.69638,1.00,1.50
2017.04.10 23:58:46.149,0.69633,0.69637,1.00,1.00
2017.04.10 23:58:46.696,0.69633,0.69638,1.00,1.50
2017.04.10 23:58:47.988,0.6963,0.69638,1.12,1.87
2017.04.10 23:58:48.039,0.6963,0.69635,1.12,1.50
2017.04.10 23:58:48.443,0.69628,0.69635,1.00,1.50
2017.04.10 23:58:48.929,0.69626,0.69635,1.00,1.50
2017.04.10 23:58:49.711,0.69626,0.69634,1.00,1.00
2017.04.10 23:58:50.437,0.69626,0.69635,1.00,2.25
2017.04.10 23:58:52.140,0.69626,0.69634,1.00,1.00
2017.04.10 23:58:52.679,0.69627,0.69635,1.00,2.25
2017.04.10 23:58:54.331,0.69627,0.69634,1.00,1.00
2017.04.10 23:58:56.309,0.69627,0.69635,1.00,2.25
2017.04.10 23:58:57.795,0.69627,0.69634,1.00,1.00
2017.04.10 23:58:58.358,0.69627,0.69635,1.00,1.50
2017.04.10 23:58:59.643,0.69627,0.69636,1.00,1.12
2017.04.10 23:59:00.193,0.69627,0.69635,1.00,1.00
2017.04.10 23:59:13.338,0.69627,0.69634,1.00,1.00
2017.04.10 23:59:14.891,0.69628,0.69634,1.00,1.00
2017.04.10 23:59:20.613,0.69626,0.69634,1.00,1.00
2017.04.10 23:59:21.164,0.69625,0.69634,1.00,1.00
2017.04.10 23:59:21.458,0.69628,0.69634,1.00,1.00
2017.04.10 23:59:26.125,0.69626,0.69634,1.00,1.00
2017.04.10 23:59:29.993,0.69626,0.69636,1.00,1.87
2017.04.10 23:59:34.378,0.69626,0.69634,1.00,1.00
2017.04.10 23:59:42.156,0.69627,0.69635,1.00,1.00
2017.04.10 23:59:42.308,0.69625,0.69635,1.00,1.00
