2008.01.09 13:00:00.439,0.773,0.7731,1.60,4.00
2008.01.09 13:00:00.792,0.7729,0.7731,1.60,5.60
2008.01.09 13:00:01.065,0.773,0.7732,1.60,5.60
2008.01.09 13:00:01.338,0.773,0.7732,1.60,5.60
2008.01.09 13:00:01.610,0.773,0.7732,1.60,5.60
2008.01.09 13:00:02.178,0.773,0.7732,1.60,5.60
2008.01.09 13:00:02.567,0.773,0.7732,1.60,5.60
2008.01.09 13:00:02.767,0.773,0.7732,1.60,5.60
2008.01.09 13:00:03.448,0.773,0.77325,1.60,9.60
2008.01.09 13:00:03.969,0.773,0.77325,1.60,9.60
2008.01.09 13:00:05.538,0.773,0.7732,1.60,0.50
2008.01.09 13:00:06.010,0.773,0.7732,1.60,0.60
2008.01.09 13:00:08.523,0.773,0.7732,1.60,0.80
2008.01.09 13:00:08.881,0.773,0.77325,1.60,9.60
2008.01.09 13:00:09.812,0.773,0.7732,1.60,0.90
2008.01.09 13:00:10.460,0.773,0.77325,1.60,9.60
2008.01.09 13:00:10.758,0.773,0.7732,1.60,0.50
2008.01.09 13:00:11.925,0.773,0.7733,1.60,11.20
2008.01.09 13:00:12.240,0.773,0.7732,1.60,0.70
2008.01.09 13:00:14.177,0.773,0.7733,1.60,11.20
2008.01.09 13:00:14.489,0.773,0.7733,1.60,11.20
2008.01.09 13:00:15.487,0.773,0.7733,1.60,11.20
2008.01.09 13:00:15.707,0.773,0.77315,1.60,0.70
2008.01.09 13:00:15.991,0.773,0.7733,1.60,11.20
2008.01.09 13:00:16.912,0.773,0.7732,1.60,0.90
2008.01.09 13:00:19.203,0.773,0.7732,1.60,0.50
2008.01.09 13:00:20.478,0.773,0.7733,1.60,11.20
2008.01.09 13:00:23.483,0.773,0.7733,1.60,11.20
2008.01.09 13:00:23.865,0.773,0.7732,1.60,11.20
2008.01.09 13:00:24.087,0.773,0.7733,1.60,11.20
2008.01.09 13:00:24.376,0.773,0.7733,1.60,11.20
2008.01.09 13:00:24.773,0.773,0.7732,1.60,9.60
2008.01.09 13:00:25.061,0.773,0.7732,1.60,9.60
2008.01.09 13:00:25.643,0.773,0.7732,1.60,9.60
2008.01.09 13:00:25.886,0.773,0.7733,1.60,11.20
2008.01.09 13:00:26.481,0.773,0.7733,1.60,11.20
2008.01.09 13:00:26.953,0.773,0.7732,1.60,0.70
2008.01.09 13:00:27.352,0.7731,0.7732,1.60,0.50
2008.01.09 13:00:28.017,0.7731,0.7732,1.60,0.60
2008.01.09 13:00:28.413,0.7731,0.77335,1.60,8.00
2008.01.09 13:00:28.682,0.7732,0.7734,1.60,9.60
2008.01.09 13:00:28.949,0.7732,0.77335,1.60,0.60
2008.01.09 13:00:29.296,0.7732,0.7734,1.60,9.60
2008.01.09 13:00:29.503,0.7732,0.7734,1.60,9.60
2008.01.09 13:00:29.811,0.7732,0.7733,1.60,0.90
2008.01.09 13:00:32.904,0.7732,0.7733,1.60,4.00
2008.01.09 13:00:33.092,0.7732,0.7735,1.60,4.00
2008.01.09 13:00:33.107,0.77315,0.7735,3.20,4.00
2008.01.09 13:00:33.308,0.77315,0.7735,2.40,4.00
2008.01.09 13:00:33.503,0.7731,0.7735,2.40,4.00
2008.01.09 13:00:33.696,0.77305,0.7735,8.00,4.00
2008.01.09 13:00:33.704,0.773,0.7735,4.00,4.00
2008.01.09 13:00:34.036,0.7731,0.77355,2.40,8.00
2008.01.09 13:00:34.383,0.77305,0.77355,2.40,8.00
2008.01.09 13:00:34.770,0.77305,0.77355,2.40,8.00
2008.01.09 13:00:35.262,0.77305,0.77355,2.40,4.00
2008.01.09 13:00:35.662,0.77305,0.7735,2.40,4.00
2008.01.09 13:00:35.904,0.77305,0.7735,2.40,4.00
2008.01.09 13:00:36.237,0.77305,0.7735,2.40,4.00
2008.01.09 13:00:39.604,0.77305,0.7735,2.40,4.00
2008.01.09 13:00:40.525,0.77305,0.7735,2.40,4.00
2008.01.09 13:00:44.634,0.77305,0.7735,2.40,4.00
2008.01.09 13:00:45.529,0.77305,0.7735,2.40,4.00
2008.01.09 13:00:47.550,0.77305,0.77345,2.40,0.80
2008.01.09 13:00:47.767,0.773,0.7734,1.60,4.00
2008.01.09 13:00:47.984,0.773,0.7734,1.60,4.00
2008.01.09 13:00:48.356,0.773,0.7734,1.60,4.00
2008.01.09 13:00:48.461,0.773,0.7734,1.60,4.00
2008.01.09 13:00:48.844,0.773,0.77335,1.60,4.00
2008.01.09 13:00:49.556,0.773,0.77335,1.60,4.00
2008.01.09 13:00:49.779,0.773,0.7733,1.60,4.00
2008.01.09 13:00:50.575,0.773,0.7733,1.60,4.00
2008.01.09 13:00:50.849,0.773,0.7733,1.60,4.00
2008.01.09 13:00:54.791,0.773,0.7733,1.60,4.00
2008.01.09 13:00:55.543,0.773,0.7733,1.60,4.00
2008.01.09 13:00:56.240,0.773,0.7733,1.60,4.00
2008.01.09 13:00:56.533,0.773,0.7733,1.60,4.00
2008.01.09 13:00:56.777,0.773,0.7733,0.90,4.00
2008.01.09 13:00:57.642,0.773,0.77335,1.60,4.00
2008.01.09 13:00:59.813,0.773,0.77335,1.60,4.00
2008.01.09 13:01:00.553,0.773,0.77335,1.60,4.00
2008.01.09 13:01:04.848,0.773,0.77335,1.60,4.00
2008.01.09 13:01:05.565,0.773,0.77335,1.60,4.00
2008.01.09 13:01:09.873,0.773,0.77335,1.60,4.00
2008.01.09 13:01:10.575,0.773,0.77335,1.60,4.00
2008.01.09 13:01:14.896,0.773,0.77335,1.60,4.00
2008.01.09 13:01:15.715,0.773,0.77335,1.60,4.00
2008.01.09 13:01:19.971,0.773,0.77335,1.60,4.00
2008.01.09 13:01:20.597,0.773,0.77335,1.60,4.00
2008.01.09 13:01:24.992,0.773,0.77335,1.60,4.00
2008.01.09 13:01:25.701,0.773,0.77335,1.60,4.00
2008.01.09 13:01:26.683,0.773,0.77335,0.80,4.00
2008.01.09 13:01:26.921,0.773,0.7733,1.60,5.60
2008.01.09 13:01:27.158,0.7731,0.7733,1.60,5.60
2008.01.09 13:01:27.513,0.7731,0.7733,1.60,5.60
2008.01.09 13:01:27.877,0.7731,0.7733,1.60,9.60
2008.01.09 13:01:28.334,0.7731,0.7733,1.60,9.60
2008.01.09 13:01:28.618,0.7731,0.7733,1.60,9.60
2008.01.09 13:01:28.901,0.7731,0.7733,1.60,9.60
2008.01.09 13:01:29.279,0.7731,0.77325,1.60,4.00
2008.01.09 13:01:30.187,0.7731,0.77325,1.60,4.00
2008.01.09 13:01:30.457,0.7731,0.77325,1.60,4.00
2008.01.09 13:01:32.065,0.7731,0.7733,1.60,9.60
2008.01.09 13:01:33.095,0.7731,0.7733,1.60,4.00
2008.01.09 13:01:33.375,0.7731,0.7734,1.60,9.60
2008.01.09 13:01:34.449,0.7731,0.7734,1.60,9.60
2008.01.09 13:01:34.677,0.7731,0.7734,1.60,4.00
2008.01.09 13:01:34.881,0.7731,0.7734,1.60,4.00
2008.01.09 13:01:35.244,0.7731,0.7734,1.60,4.00
2008.01.09 13:01:35.532,0.77305,0.77355,2.40,0.40
2008.01.09 13:01:35.820,0.77305,0.77355,2.40,0.40
2008.01.09 13:01:36.359,0.77305,0.77355,2.40,0.40
2008.01.09 13:01:36.566,0.77305,0.77355,2.40,4.30
2008.01.09 13:01:39.815,0.77305,0.77355,2.40,4.00
2008.01.09 13:01:40.315,0.77305,0.77355,2.40,4.00
2008.01.09 13:01:40.686,0.77305,0.77355,2.40,4.00
2008.01.09 13:01:40.953,0.773,0.77355,4.00,4.00
2008.01.09 13:01:45.341,0.773,0.77355,4.00,4.00
2008.01.09 13:01:50.242,0.773,0.77355,4.00,4.00
2008.01.09 13:01:50.550,0.77305,0.77355,0.80,4.00
2008.01.09 13:01:51.479,0.77305,0.77355,0.50,4.00
2008.01.09 13:01:55.551,0.773,0.77355,4.00,4.00
2008.01.09 13:01:55.929,0.773,0.77355,4.00,4.00
2008.01.09 13:01:57.182,0.773,0.77355,4.00,4.00
2008.01.09 13:01:58.188,0.77305,0.77355,1.30,4.00
2008.01.09 13:01:58.461,0.773,0.77355,4.00,4.00
2008.01.09 13:01:58.872,0.773,0.77355,4.00,4.00
2008.01.09 13:01:59.882,0.773,0.7735,2.10,4.00
2008.01.09 13:02:00.344,0.773,0.7735,0.70,4.00
2008.01.09 13:02:00.804,0.77305,0.77355,0.50,4.00
2008.01.09 13:02:01.033,0.773,0.77355,4.00,4.00
2008.01.09 13:02:01.262,0.773,0.77355,4.00,4.00
2008.01.09 13:02:01.604,0.77295,0.77345,17.60,0.70
2008.01.09 13:02:01.990,0.77305,0.77345,0.60,0.70
2008.01.09 13:02:02.421,0.773,0.77345,4.00,0.70
2008.01.09 13:02:02.525,0.77305,0.77345,1.50,0.70
2008.01.09 13:02:02.882,0.773,0.77345,4.00,0.70
2008.01.09 13:02:03.254,0.77305,0.77345,1.60,0.70
2008.01.09 13:02:03.467,0.773,0.77345,4.00,0.70
2008.01.09 13:02:03.680,0.773,0.77345,8.00,0.70
2008.01.09 13:02:04.023,0.7732,0.77345,0.50,0.70
2008.01.09 13:02:04.565,0.7732,0.77345,1.10,0.70
2008.01.09 13:02:04.858,0.77315,0.77345,6.40,0.70
2008.01.09 13:02:05.153,0.77315,0.77345,6.40,0.70
2008.01.09 13:02:05.594,0.77315,0.77345,6.40,0.70
2008.01.09 13:02:05.831,0.77315,0.77345,10.40,0.70
2008.01.09 13:02:06.200,0.77315,0.77345,10.40,0.70
2008.01.09 13:02:07.099,0.77315,0.77345,10.40,0.70
2008.01.09 13:02:07.313,0.7732,0.77345,1.20,0.70
2008.01.09 13:02:07.531,0.77315,0.77345,10.40,0.70
2008.01.09 13:02:07.868,0.7732,0.77345,0.60,0.70
2008.01.09 13:02:08.264,0.77315,0.77355,10.40,4.70
2008.01.09 13:02:10.616,0.7732,0.77355,1.60,4.70
2008.01.09 13:02:15.545,0.7732,0.77355,1.60,4.70
2008.01.09 13:02:16.348,0.77315,0.77355,8.80,4.70
2008.01.09 13:02:16.622,0.77305,0.77345,6.40,0.80
2008.01.09 13:02:16.870,0.77305,0.77345,2.40,0.80
2008.01.09 13:02:17.119,0.77305,0.77345,2.40,0.80
2008.01.09 13:02:17.505,0.77305,0.7735,2.40,4.80
2008.01.09 13:02:18.556,0.77305,0.77345,2.40,0.90
2008.01.09 13:02:19.646,0.77305,0.77345,2.40,0.80
2008.01.09 13:02:19.865,0.773,0.7736,4.00,6.30
2008.01.09 13:02:20.084,0.773,0.77345,4.00,0.70
2008.01.09 13:02:20.439,0.77305,0.77365,2.40,7.00
2008.01.09 13:02:20.814,0.77305,0.77345,2.40,0.80
2008.01.09 13:02:20.937,0.77305,0.77355,0.20,4.70
2008.01.09 13:02:21.276,0.773,0.77325,4.00,0.60
2008.01.09 13:02:21.707,0.77305,0.77345,2.40,1.40
2008.01.09 13:02:21.950,0.773,0.77345,4.00,1.40
2008.01.09 13:02:22.193,0.773,0.77345,4.00,1.40
2008.01.09 13:02:22.591,0.773,0.77345,4.00,1.40
2008.01.09 13:02:22.835,0.773,0.77325,4.00,0.60
2008.01.09 13:02:23.064,0.77305,0.77345,2.40,1.40
2008.01.09 13:02:23.450,0.77305,0.77345,2.40,1.40
2008.01.09 13:02:23.522,0.77305,0.77345,2.40,1.40
2008.01.09 13:02:23.877,0.773,0.77325,4.00,0.60
2008.01.09 13:02:24.124,0.77305,0.77345,2.40,1.40
2008.01.09 13:02:24.374,0.77305,0.77325,2.40,0.60
2008.01.09 13:02:24.767,0.773,0.77345,4.00,1.40
2008.01.09 13:02:25.016,0.77305,0.77325,2.40,0.60
2008.01.09 13:02:25.249,0.77305,0.77345,2.40,1.40
2008.01.09 13:02:25.482,0.77305,0.77345,2.40,1.40
2008.01.09 13:02:25.854,0.773,0.77325,4.00,0.60
2008.01.09 13:02:26.081,0.77305,0.77345,2.40,1.40
2008.01.09 13:02:26.320,0.77305,0.77325,2.40,0.60
2008.01.09 13:02:26.687,0.773,0.77345,4.00,1.40
2008.01.09 13:02:26.929,0.773,0.7732,4.00,0.50
2008.01.09 13:02:27.168,0.773,0.77325,1.60,4.60
2008.01.09 13:02:27.514,0.77305,0.77325,2.40,0.60
2008.01.09 13:02:27.901,0.77305,0.7732,2.40,0.60
2008.01.09 13:02:28.146,0.773,0.7732,1.60,0.50
2008.01.09 13:02:28.373,0.773,0.7733,1.60,4.60
2008.01.09 13:02:28.595,0.773,0.7733,1.60,4.60
2008.01.09 13:02:29.213,0.773,0.77325,1.60,0.60
2008.01.09 13:02:29.275,0.773,0.7733,1.60,4.60
2008.01.09 13:02:29.683,0.773,0.7733,1.60,4.60
2008.01.09 13:02:29.936,0.773,0.7733,1.60,4.60
2008.01.09 13:02:30.195,0.773,0.77325,4.00,0.60
2008.01.09 13:02:30.448,0.773,0.77345,4.00,1.30
2008.01.09 13:02:30.713,0.773,0.77325,4.00,0.60
2008.01.09 13:02:31.105,0.773,0.77345,4.00,1.30
2008.01.09 13:02:31.348,0.773,0.77345,4.00,1.30
2008.01.09 13:02:32.065,0.773,0.77325,4.00,0.60
2008.01.09 13:02:32.307,0.773,0.7734,4.00,4.60
2008.01.09 13:02:33.454,0.773,0.77335,4.00,4.60
2008.01.09 13:02:33.676,0.773,0.77335,4.00,4.60
2008.01.09 13:02:33.919,0.773,0.7734,4.00,0.60
2008.01.09 13:02:34.162,0.773,0.77345,4.00,4.80
2008.01.09 13:02:35.067,0.773,0.7734,4.00,0.60
2008.01.09 13:02:35.848,0.773,0.77345,4.00,4.80
2008.01.09 13:02:36.047,0.773,0.77345,4.00,4.80
2008.01.09 13:02:36.715,0.7731,0.77345,4.00,4.80
2008.01.09 13:02:37.141,0.77315,0.77345,5.60,0.80
2008.01.09 13:02:37.419,0.77315,0.7735,2.40,0.60
2008.01.09 13:02:37.712,0.77315,0.7735,2.40,9.60
2008.01.09 13:02:37.920,0.773,0.7735,4.00,4.00
2008.01.09 13:02:38.177,0.773,0.7735,4.00,4.00
2008.01.09 13:02:38.544,0.773,0.7735,4.00,4.00
2008.01.09 13:02:39.033,0.773,0.7735,4.00,4.00
2008.01.09 13:02:40.779,0.773,0.7735,4.00,4.00
2008.01.09 13:02:41.140,0.773,0.77345,1.60,4.00
2008.01.09 13:02:42.066,0.773,0.77345,1.60,4.00
2008.01.09 13:02:44.770,0.773,0.77345,1.60,4.00
2008.01.09 13:02:45.124,0.773,0.7734,1.60,9.60
2008.01.09 13:02:45.732,0.773,0.7734,1.60,9.60
2008.01.09 13:02:45.972,0.773,0.7734,1.60,9.60
2008.01.09 13:02:46.335,0.773,0.77335,1.60,4.00
2008.01.09 13:02:49.797,0.773,0.77335,1.60,4.80
2008.01.09 13:02:50.071,0.773,0.7733,1.60,5.60
2008.01.09 13:02:50.432,0.773,0.77335,1.60,4.00
2008.01.09 13:02:50.706,0.773,0.77335,1.60,4.00
2008.01.09 13:02:50.973,0.773,0.77335,1.60,4.00
2008.01.09 13:02:51.310,0.773,0.7733,1.60,5.60
2008.01.09 13:02:51.580,0.773,0.7733,1.60,5.60
2008.01.09 13:02:51.848,0.773,0.7733,1.60,5.60
2008.01.09 13:02:52.072,0.773,0.77315,1.60,0.70
2008.01.09 13:02:53.239,0.773,0.77315,1.60,0.70
2008.01.09 13:02:53.758,0.773,0.77315,1.60,0.70
2008.01.09 13:02:54.011,0.773,0.77315,1.60,0.70
2008.01.09 13:02:54.405,0.773,0.77315,1.60,0.70
2008.01.09 13:02:55.085,0.773,0.77315,1.60,0.70
2008.01.09 13:02:55.747,0.773,0.77315,1.60,0.70
2008.01.09 13:02:56.119,0.773,0.77315,1.60,0.70
2008.01.09 13:02:56.809,0.773,0.77315,1.60,0.70
2008.01.09 13:02:57.119,0.773,0.77315,1.60,0.70
2008.01.09 13:02:57.511,0.773,0.77315,1.60,0.70
2008.01.09 13:02:57.894,0.773,0.77315,1.60,0.70
2008.01.09 13:02:58.131,0.773,0.77315,1.60,0.70
2008.01.09 13:02:58.359,0.773,0.77315,1.60,0.70
2008.01.09 13:03:00.863,0.773,0.77315,1.60,0.70
2008.01.09 13:03:01.145,0.773,0.7732,1.60,10.30
2008.01.09 13:03:01.326,0.773,0.7732,1.60,10.30
2008.01.09 13:03:04.788,0.773,0.77315,1.60,0.70
2008.01.09 13:03:05.771,0.773,0.77315,1.60,0.70
2008.01.09 13:03:06.509,0.773,0.7732,1.60,10.30
2008.01.09 13:03:10.780,0.773,0.7732,1.60,10.30
2008.01.09 13:03:11.528,0.773,0.77315,1.60,0.70
2008.01.09 13:03:13.788,0.773,0.77315,1.60,0.70
2008.01.09 13:03:15.792,0.773,0.7732,1.60,10.30
2008.01.09 13:03:15.992,0.773,0.77325,1.60,4.70
2008.01.09 13:03:16.564,0.773,0.77315,1.60,0.70
2008.01.09 13:03:17.012,0.773,0.77315,1.60,0.70
2008.01.09 13:03:17.316,0.773,0.77325,1.60,4.70
2008.01.09 13:03:18.075,0.773,0.77315,1.60,0.70
2008.01.09 13:03:19.197,0.773,0.7732,1.60,4.70
2008.01.09 13:03:20.549,0.773,0.7732,1.60,4.70
2008.01.09 13:03:21.666,0.773,0.77315,1.60,0.70
2008.01.09 13:03:25.130,0.773,0.7732,1.60,4.70
2008.01.09 13:03:25.515,0.773,0.7732,1.60,4.70
2008.01.09 13:03:25.921,0.773,0.77315,1.60,0.70
2008.01.09 13:03:26.839,0.773,0.7732,1.60,4.70
2008.01.09 13:03:32.047,0.773,0.77315,1.60,0.70
2008.01.09 13:03:35.930,0.773,0.77315,1.60,0.70
2008.01.09 13:03:37.084,0.773,0.77315,1.60,0.70
2008.01.09 13:03:38.267,0.773,0.77315,1.60,0.70
2008.01.09 13:03:40.989,0.773,0.77315,1.60,0.70
2008.01.09 13:03:42.271,0.773,0.77315,1.60,0.70
2008.01.09 13:03:44.426,0.773,0.77315,1.60,0.70
2008.01.09 13:03:44.624,0.773,0.77315,1.60,0.70
2008.01.09 13:03:44.868,0.773,0.77315,1.60,0.70
2008.01.09 13:03:45.085,0.773,0.77315,1.60,0.70
2008.01.09 13:03:45.450,0.773,0.77315,1.60,0.70
2008.01.09 13:03:45.670,0.773,0.77315,1.60,0.70
2008.01.09 13:03:45.888,0.773,0.77315,1.60,0.70
2008.01.09 13:03:46.107,0.773,0.77315,1.60,0.70
2008.01.09 13:03:46.325,0.773,0.77315,1.60,0.70
2008.01.09 13:03:46.690,0.773,0.77315,1.60,0.70
2008.01.09 13:03:46.933,0.773,0.77315,1.60,0.70
2008.01.09 13:03:47.320,0.773,0.77315,1.60,0.70
2008.01.09 13:03:47.978,0.773,0.77315,1.60,0.70
2008.01.09 13:03:49.168,0.773,0.77315,1.60,0.70
2008.01.09 13:03:49.992,0.773,0.77315,1.60,0.70
2008.01.09 13:03:50.970,0.773,0.77315,1.60,0.70
2008.01.09 13:03:52.291,0.773,0.77315,1.60,0.70
2008.01.09 13:03:52.787,0.773,0.77315,1.60,0.70
2008.01.09 13:03:53.667,0.773,0.77315,1.60,4.70
2008.01.09 13:03:54.563,0.773,0.77315,1.60,4.70
2008.01.09 13:03:55.853,0.773,0.77315,1.60,4.70
2008.01.09 13:03:57.154,0.77295,0.77315,5.60,4.70
2008.01.09 13:03:57.412,0.77295,0.77315,5.60,4.70
2008.01.09 13:04:00.949,0.77295,0.77315,5.60,4.70
2008.01.09 13:04:02.467,0.773,0.77315,1.20,4.70
2008.01.09 13:04:05.878,0.77295,0.77315,5.60,4.70
2008.01.09 13:04:07.490,0.773,0.77315,0.70,4.70
2008.01.09 13:04:10.973,0.773,0.77315,0.80,4.70
2008.01.09 13:04:12.665,0.77295,0.77315,5.60,4.70
2008.01.09 13:04:13.069,0.77295,0.7731,5.60,4.00
2008.01.09 13:04:13.755,0.773,0.7731,0.70,4.00
2008.01.09 13:04:15.899,0.77295,0.7731,5.60,4.00
2008.01.09 13:04:17.685,0.77265,0.7731,3.20,4.00
2008.01.09 13:04:17.951,0.7728,0.7731,2.10,4.00
2008.01.09 13:04:18.350,0.7728,0.77315,0.60,4.70
2008.01.09 13:04:18.583,0.7728,0.77315,0.60,4.70
2008.01.09 13:04:19.025,0.77275,0.77305,11.50,4.00
2008.01.09 13:04:20.249,0.7728,0.77305,0.80,4.00
2008.01.09 13:04:20.527,0.77275,0.77305,11.20,4.00
2008.01.09 13:04:20.792,0.77275,0.7731,11.20,4.00
2008.01.09 13:04:21.979,0.77275,0.7731,11.20,4.00
2008.01.09 13:04:22.711,0.77275,0.7731,11.20,4.00
2008.01.09 13:04:24.515,0.7728,0.7731,1.20,4.00
2008.01.09 13:04:24.881,0.77275,0.7731,11.20,4.00
2008.01.09 13:04:25.556,0.7728,0.7731,1.60,4.00
2008.01.09 13:04:25.901,0.7728,0.7731,1.60,4.00
2008.01.09 13:04:27.735,0.7728,0.7731,1.60,4.00
2008.01.09 13:04:29.409,0.7728,0.773,1.60,4.00
2008.01.09 13:04:29.658,0.7728,0.773,1.60,4.00
2008.01.09 13:04:29.877,0.7728,0.773,1.60,4.00
2008.01.09 13:04:30.160,0.7729,0.7731,1.60,8.00
2008.01.09 13:04:30.505,0.7729,0.7731,1.60,8.00
2008.01.09 13:04:30.949,0.7729,0.77305,1.60,4.00
2008.01.09 13:04:31.149,0.7728,0.77305,3.20,4.00
2008.01.09 13:04:31.348,0.7728,0.77305,1.60,4.00
2008.01.09 13:04:31.697,0.7728,0.77305,1.60,4.00
2008.01.09 13:04:32.057,0.7728,0.7731,1.60,4.00
2008.01.09 13:04:32.250,0.7729,0.7731,1.60,4.00
2008.01.09 13:04:32.559,0.7728,0.7731,1.60,4.00
2008.01.09 13:04:33.016,0.7729,0.7731,1.60,4.00
2008.01.09 13:04:33.480,0.7729,0.7731,1.60,4.00
2008.01.09 13:04:33.754,0.7728,0.7731,1.60,4.00
2008.01.09 13:04:34.028,0.7728,0.7731,1.60,4.00
2008.01.09 13:04:34.373,0.7728,0.7731,1.60,4.00
2008.01.09 13:04:34.577,0.7728,0.7731,1.60,4.00
2008.01.09 13:04:35.313,0.7728,0.77315,1.60,4.70
2008.01.09 13:04:35.581,0.7728,0.77315,1.60,4.70
2008.01.09 13:04:36.047,0.7728,0.77315,1.60,4.70
2008.01.09 13:04:37.946,0.7728,0.77315,1.60,4.70
2008.01.09 13:04:38.479,0.7728,0.77315,1.60,7.10
2008.01.09 13:04:38.783,0.7728,0.773,1.60,5.60
2008.01.09 13:04:39.087,0.7728,0.773,1.60,5.60
2008.01.09 13:04:39.390,0.7728,0.773,1.60,5.60
2008.01.09 13:04:39.694,0.7728,0.773,1.60,5.60
2008.01.09 13:04:39.897,0.7728,0.773,1.60,5.60
2008.01.09 13:04:40.093,0.7728,0.773,1.60,5.60
2008.01.09 13:04:40.933,0.7728,0.773,1.60,5.60
2008.01.09 13:04:41.303,0.7728,0.773,1.60,5.60
2008.01.09 13:04:41.512,0.7728,0.773,1.60,5.60
2008.01.09 13:04:42.996,0.7728,0.773,1.60,5.60
2008.01.09 13:04:45.945,0.7728,0.773,1.60,5.60
2008.01.09 13:04:46.362,0.7728,0.773,1.60,5.60
2008.01.09 13:04:47.997,0.7728,0.773,1.60,5.60
2008.01.09 13:04:49.043,0.7728,0.773,1.60,5.60
2008.01.09 13:04:50.931,0.7728,0.773,1.60,5.60
2008.01.09 13:04:51.119,0.7728,0.773,1.60,5.60
2008.01.09 13:04:52.581,0.7728,0.773,1.60,5.60
2008.01.09 13:04:52.771,0.7728,0.773,1.60,5.60
2008.01.09 13:04:53.129,0.7728,0.773,1.60,5.60
2008.01.09 13:04:53.440,0.7728,0.773,1.60,5.60
2008.01.09 13:04:53.929,0.7728,0.773,1.60,5.60
2008.01.09 13:04:54.420,0.7728,0.7731,1.60,4.00
2008.01.09 13:04:54.598,0.773,0.77315,1.60,4.70
2008.01.09 13:04:54.814,0.773,0.77315,1.60,0.70
2008.01.09 13:04:55.284,0.773,0.77315,1.60,0.70
2008.01.09 13:04:55.792,0.773,0.77315,1.60,0.70
2008.01.09 13:04:56.483,0.773,0.77315,1.60,0.70
2008.01.09 13:04:56.567,0.7729,0.77315,1.60,0.70
2008.01.09 13:04:56.914,0.7728,0.77315,1.60,0.70
2008.01.09 13:04:57.318,0.7728,0.77315,1.60,0.80
2008.01.09 13:04:57.754,0.7728,0.77315,1.60,4.80
2008.01.09 13:04:58.164,0.7728,0.77315,1.60,4.80
2008.01.09 13:04:58.870,0.7728,0.77315,1.60,4.80
2008.01.09 13:04:59.776,0.7728,0.7731,1.60,4.00
2008.01.09 13:05:00.643,0.7728,0.7731,1.10,4.00
2008.01.09 13:05:01.036,0.77275,0.7731,6.40,4.00
2008.01.09 13:05:03.275,0.77275,0.7731,6.40,4.00
2008.01.09 13:05:04.324,0.7728,0.7731,1.00,4.00
2008.01.09 13:05:04.735,0.77275,0.77315,6.40,4.00
2008.01.09 13:05:05.535,0.77275,0.77315,6.40,4.00
2008.01.09 13:05:05.970,0.7728,0.77315,0.60,4.00
2008.01.09 13:05:08.334,0.77275,0.77315,6.40,4.00
2008.01.09 13:05:10.999,0.7728,0.77315,0.80,4.00
2008.01.09 13:05:13.436,0.7728,0.77315,0.50,4.00
2008.01.09 13:05:16.150,0.77275,0.77315,6.40,4.00
2008.01.09 13:05:18.458,0.7728,0.77315,0.80,4.00
2008.01.09 13:05:20.001,0.7728,0.7732,0.50,9.60
2008.01.09 13:05:21.158,0.77275,0.7732,6.40,9.60
2008.01.09 13:05:21.262,0.77275,0.7732,6.40,9.60
2008.01.09 13:05:22.627,0.7728,0.7732,0.60,9.60
2008.01.09 13:05:23.538,0.7728,0.7732,1.10,9.60
2008.01.09 13:05:23.921,0.77275,0.7732,6.40,9.60
2008.01.09 13:05:24.493,0.7729,0.7732,3.20,9.60
2008.01.09 13:05:24.833,0.773,0.7732,0.80,5.60
2008.01.09 13:05:25.521,0.77285,0.7732,0.80,5.60
2008.01.09 13:05:25.755,0.77275,0.7732,4.80,5.60
2008.01.09 13:05:26.110,0.77275,0.7732,7.20,5.60
2008.01.09 13:05:26.506,0.7728,0.7732,3.20,5.60
2008.01.09 13:05:26.780,0.7728,0.7732,3.20,9.60
2008.01.09 13:05:27.055,0.7729,0.7732,0.50,9.60
2008.01.09 13:05:27.417,0.7728,0.7732,1.00,9.60
2008.01.09 13:05:28.558,0.7728,0.7732,3.20,9.60
2008.01.09 13:05:28.807,0.773,0.7732,0.60,9.60
2008.01.09 13:05:29.057,0.77285,0.7732,2.40,5.60
2008.01.09 13:05:29.539,0.77285,0.7732,0.80,5.60
2008.01.09 13:05:29.908,0.7728,0.7732,1.10,5.60
2008.01.09 13:05:30.166,0.7728,0.77325,1.60,8.00
2008.01.09 13:05:30.425,0.7728,0.77325,1.60,8.00
2008.01.09 13:05:30.794,0.773,0.77325,1.60,4.00
2008.01.09 13:05:31.193,0.773,0.7733,1.60,9.60
2008.01.09 13:05:31.757,0.773,0.7733,1.60,9.60
2008.01.09 13:05:33.621,0.773,0.7733,1.60,9.60
2008.01.09 13:05:34.539,0.773,0.7733,1.60,9.60
2008.01.09 13:05:34.815,0.773,0.7733,1.60,9.60
2008.01.09 13:05:35.088,0.773,0.7733,1.60,5.60
2008.01.09 13:05:35.362,0.7731,0.7733,1.60,5.60
2008.01.09 13:05:36.197,0.7731,0.7733,1.60,5.60
2008.01.09 13:05:36.593,0.7731,0.7733,1.60,5.60
2008.01.09 13:05:38.803,0.7731,0.7733,1.60,5.60
2008.01.09 13:05:39.652,0.7731,0.7733,1.60,5.60
2008.01.09 13:05:41.045,0.7731,0.7733,1.60,5.60
2008.01.09 13:05:43.912,0.7731,0.7733,1.60,5.60
2008.01.09 13:05:46.232,0.7731,0.7733,1.60,5.60
2008.01.09 13:05:48.058,0.773,0.7733,1.60,5.60
2008.01.09 13:05:48.386,0.773,0.7733,1.60,5.60
2008.01.09 13:05:48.607,0.773,0.77335,1.60,8.80
2008.01.09 13:05:48.934,0.773,0.7734,1.60,9.60
2008.01.09 13:05:49.592,0.773,0.7734,1.60,8.00
2008.01.09 13:05:49.974,0.773,0.77365,4.00,7.80
2008.01.09 13:05:50.252,0.773,0.7733,4.00,4.00
2008.01.09 13:05:50.535,0.773,0.7733,1.60,4.00
2008.01.09 13:05:50.698,0.773,0.7733,1.60,4.00
2008.01.09 13:05:51.018,0.773,0.7733,1.60,4.00
2008.01.09 13:05:51.181,0.773,0.7733,1.60,4.00
2008.01.09 13:05:51.358,0.773,0.77355,4.00,8.00
2008.01.09 13:05:51.522,0.773,0.77365,4.00,7.90
2008.01.09 13:05:51.845,0.773,0.7734,4.00,4.00
2008.01.09 13:05:52.177,0.773,0.7734,1.60,4.00
2008.01.09 13:05:52.510,0.773,0.7734,1.60,4.00
2008.01.09 13:05:52.843,0.773,0.77345,4.00,4.00
2008.01.09 13:05:53.050,0.773,0.7733,4.00,4.00
2008.01.09 13:05:53.229,0.773,0.7733,4.00,4.00
2008.01.09 13:05:53.566,0.773,0.7733,1.60,4.00
2008.01.09 13:05:53.745,0.773,0.7733,1.60,4.00
2008.01.09 13:05:54.122,0.773,0.7733,1.60,4.00
2008.01.09 13:05:54.435,0.773,0.7733,1.60,4.00
2008.01.09 13:05:54.608,0.773,0.7733,1.60,4.00
2008.01.09 13:05:55.058,0.773,0.7733,1.60,4.00
2008.01.09 13:05:55.196,0.773,0.77335,1.60,4.00
2008.01.09 13:05:55.489,0.773,0.77335,4.00,4.00
2008.01.09 13:05:55.782,0.773,0.7735,4.00,9.60
2008.01.09 13:05:55.936,0.773,0.7735,1.60,9.60
2008.01.09 13:05:56.243,0.773,0.7735,1.60,9.60
2008.01.09 13:05:56.592,0.773,0.7735,1.60,8.00
2008.01.09 13:05:56.746,0.773,0.7735,1.60,4.00
2008.01.09 13:05:56.973,0.77305,0.7736,2.40,4.00
2008.01.09 13:05:57.297,0.77305,0.7734,0.80,4.00
2008.01.09 13:05:57.621,0.77305,0.7734,0.80,4.00
2008.01.09 13:05:57.945,0.77305,0.7734,0.80,4.00
2008.01.09 13:05:58.208,0.77305,0.7735,0.80,4.00
2008.01.09 13:05:58.340,0.77305,0.7735,0.80,4.00
2008.01.09 13:05:58.621,0.77305,0.77345,0.80,4.00
2008.01.09 13:05:59.107,0.773,0.77345,1.60,4.00
2008.01.09 13:05:59.500,0.77305,0.7736,2.40,4.00
2008.01.09 13:05:59.748,0.77305,0.7734,0.80,4.00
2008.01.09 13:06:00.115,0.77305,0.7734,0.80,4.00
2008.01.09 13:06:00.362,0.77305,0.7734,0.80,4.00
2008.01.09 13:06:00.758,0.77305,0.7734,0.80,4.00
2008.01.09 13:06:00.995,0.77305,0.7734,0.80,8.00
2008.01.09 13:06:01.251,0.77305,0.7734,0.80,8.00
2008.01.09 13:06:01.464,0.7731,0.7734,1.60,8.00
2008.01.09 13:06:01.726,0.7731,0.7733,1.60,4.00
2008.01.09 13:06:01.941,0.7731,0.7733,1.60,4.00
2008.01.09 13:06:02.314,0.7731,0.7733,1.60,4.00
2008.01.09 13:06:02.369,0.773,0.7733,1.60,4.00
2008.01.09 13:06:02.593,0.7731,0.77335,1.60,4.00
2008.01.09 13:06:02.930,0.7731,0.77355,1.60,8.00
2008.01.09 13:06:03.152,0.77305,0.77345,3.20,7.20
2008.01.09 13:06:03.533,0.77305,0.7733,0.80,4.00
2008.01.09 13:06:03.701,0.77305,0.7733,0.80,4.00
2008.01.09 13:06:03.982,0.77305,0.7733,0.80,4.00
2008.01.09 13:06:04.315,0.77305,0.7733,0.80,4.00
2008.01.09 13:06:04.330,0.77305,0.77355,2.40,8.00
2008.01.09 13:06:04.657,0.77305,0.77355,2.40,8.00
2008.01.09 13:06:04.986,0.77305,0.7734,0.80,4.00
2008.01.09 13:06:05.315,0.77305,0.7734,0.80,4.00
2008.01.09 13:06:05.757,0.773,0.77355,1.60,2.40
2008.01.09 13:06:05.946,0.77305,0.7736,2.40,4.00
2008.01.09 13:06:06.172,0.77305,0.7736,2.40,4.00
2008.01.09 13:06:06.607,0.77305,0.77355,2.40,6.40
2008.01.09 13:06:06.796,0.77305,0.7735,2.40,5.60
2008.01.09 13:06:07.086,0.773,0.7735,1.60,5.60
2008.01.09 13:06:07.415,0.773,0.7735,1.60,5.60
2008.01.09 13:06:07.806,0.773,0.7735,1.60,9.60
2008.01.09 13:06:08.240,0.7732,0.7735,1.60,9.60
2008.01.09 13:06:08.397,0.7732,0.7735,1.60,9.60
2008.01.09 13:06:08.682,0.7732,0.7735,1.60,4.00
2008.01.09 13:06:08.841,0.7732,0.77355,1.60,4.00
2008.01.09 13:06:09.137,0.7732,0.77355,1.60,0.80
2008.01.09 13:06:09.371,0.7732,0.7734,1.60,4.00
2008.01.09 13:06:09.602,0.7732,0.7734,1.60,4.00
2008.01.09 13:06:09.994,0.7732,0.7734,1.60,4.00
2008.01.09 13:06:10.316,0.7732,0.7734,1.60,4.00
2008.01.09 13:06:10.635,0.7732,0.7734,1.60,4.00
2008.01.09 13:06:11.199,0.7732,0.7734,1.60,4.00
2008.01.09 13:06:11.580,0.7732,0.7734,1.60,4.00
2008.01.09 13:06:12.507,0.7732,0.7734,1.60,4.00
2008.01.09 13:06:13.499,0.7732,0.7734,1.60,4.00
2008.01.09 13:06:13.542,0.7732,0.7734,1.60,4.00
2008.01.09 13:06:14.562,0.7732,0.7734,1.60,4.00
2008.01.09 13:06:15.822,0.7732,0.7734,1.60,4.00
2008.01.09 13:06:16.096,0.7732,0.7734,1.60,4.00
2008.01.09 13:06:17.760,0.7732,0.7734,1.60,5.60
2008.01.09 13:06:19.592,0.7732,0.7734,1.60,5.60
2008.01.09 13:06:21.221,0.7732,0.7734,1.60,5.60
2008.01.09 13:06:24.457,0.7732,0.7734,1.60,5.60
2008.01.09 13:06:26.286,0.7732,0.7734,1.60,5.60
2008.01.09 13:06:26.732,0.7732,0.7734,1.60,5.60
2008.01.09 13:06:26.871,0.7732,0.7734,1.60,5.60
2008.01.09 13:06:29.483,0.7732,0.7734,1.60,5.60
2008.01.09 13:06:31.237,0.7732,0.7734,1.60,5.60
2008.01.09 13:06:33.772,0.7732,0.7734,1.60,0.60
2008.01.09 13:06:34.508,0.7732,0.7734,1.60,0.80
2008.01.09 13:06:36.265,0.7732,0.7734,1.60,0.90
2008.01.09 13:06:39.527,0.7732,0.7734,1.60,0.50
2008.01.09 13:06:41.150,0.7732,0.7734,1.60,0.90
2008.01.09 13:06:41.470,0.7732,0.77345,1.60,0.70
2008.01.09 13:06:41.823,0.7732,0.77365,1.60,5.10
2008.01.09 13:06:42.679,0.7732,0.77365,1.60,5.10
2008.01.09 13:06:42.936,0.7732,0.77365,1.60,4.80
2008.01.09 13:06:43.254,0.7732,0.7736,1.60,0.90
2008.01.09 13:06:44.554,0.7732,0.7736,1.60,0.50
2008.01.09 13:06:44.804,0.7732,0.77365,1.60,11.20
2008.01.09 13:06:45.037,0.7732,0.7736,1.60,0.90
2008.01.09 13:06:45.271,0.7732,0.7736,1.60,0.60
2008.01.09 13:06:45.724,0.7732,0.7736,1.60,14.40
2008.01.09 13:06:45.958,0.7732,0.77355,1.60,10.40
2008.01.09 13:06:46.324,0.7732,0.77355,1.60,11.00
2008.01.09 13:06:46.988,0.7732,0.77355,1.60,11.00
2008.01.09 13:06:49.136,0.7732,0.77355,1.60,11.00
2008.01.09 13:06:49.457,0.7732,0.7735,1.60,0.80
2008.01.09 13:06:50.303,0.7732,0.77355,1.60,11.00
2008.01.09 13:06:51.155,0.7732,0.7735,1.60,0.60
2008.01.09 13:06:54.529,0.7732,0.77355,1.60,15.00
2008.01.09 13:06:56.212,0.7732,0.77355,1.60,15.00
2008.01.09 13:06:57.560,0.7732,0.77355,1.60,15.00
2008.01.09 13:06:57.903,0.7732,0.7734,1.60,0.90
2008.01.09 13:06:58.251,0.7732,0.7734,1.60,0.70
2008.01.09 13:06:58.645,0.7732,0.7735,1.60,7.20
2008.01.09 13:06:59.664,0.7732,0.7735,1.60,7.20
2008.01.09 13:06:59.876,0.7732,0.77355,1.60,15.00
2008.01.09 13:07:00.089,0.7732,0.7735,1.60,0.70
2008.01.09 13:07:01.068,0.7732,0.7735,1.60,0.60
2008.01.09 13:07:04.251,0.7732,0.7734,1.60,5.60
2008.01.09 13:07:04.476,0.7732,0.7734,1.60,5.60
2008.01.09 13:07:04.634,0.7732,0.7734,1.60,5.60
2008.01.09 13:07:04.877,0.7732,0.7734,1.60,5.60
2008.01.09 13:07:05.527,0.7732,0.7734,1.60,5.60
2008.01.09 13:07:06.359,0.7732,0.7734,1.60,5.60
2008.01.09 13:07:07.434,0.7732,0.7734,1.60,5.60
2008.01.09 13:07:08.549,0.7732,0.7734,1.60,5.60
2008.01.09 13:07:09.874,0.7732,0.7734,1.60,5.60
2008.01.09 13:07:11.192,0.7732,0.7734,1.60,5.60
2008.01.09 13:07:14.853,0.7732,0.7734,1.60,5.60
2008.01.09 13:07:16.212,0.7732,0.7734,1.60,5.60
2008.01.09 13:07:19.877,0.7732,0.7734,1.60,5.60
2008.01.09 13:07:21.215,0.7732,0.7734,1.60,5.60
2008.01.09 13:07:24.940,0.7732,0.7734,1.60,5.60
2008.01.09 13:07:26.386,0.7732,0.7734,1.60,5.60
2008.01.09 13:07:26.913,0.7732,0.7735,1.60,7.20
2008.01.09 13:07:27.745,0.7732,0.7734,1.60,5.60
2008.01.09 13:07:28.029,0.7732,0.77355,1.60,5.80
2008.01.09 13:07:28.396,0.7732,0.77355,1.60,5.70
2008.01.09 13:07:29.429,0.7732,0.77355,1.60,5.70
2008.01.09 13:07:29.501,0.7732,0.77355,1.60,5.40
2008.01.09 13:07:30.033,0.7732,0.77355,1.60,5.40
2008.01.09 13:07:31.237,0.7732,0.77355,1.60,5.40
2008.01.09 13:07:35.058,0.7732,0.77355,1.60,5.40
2008.01.09 13:07:36.358,0.7732,0.77355,1.60,5.40
2008.01.09 13:07:40.088,0.7732,0.77355,1.60,5.40
2008.01.09 13:07:41.364,0.7732,0.77355,1.60,5.40
2008.01.09 13:07:41.603,0.7732,0.7735,1.60,5.60
2008.01.09 13:07:41.842,0.7732,0.7735,1.60,5.60
2008.01.09 13:07:42.186,0.7732,0.7735,1.60,5.60
2008.01.09 13:07:42.454,0.7732,0.7735,1.60,5.60
2008.01.09 13:07:42.728,0.7732,0.7735,1.60,5.60
2008.01.09 13:07:43.121,0.7732,0.7733,1.60,4.00
2008.01.09 13:07:43.538,0.7732,0.7733,1.60,4.00
2008.01.09 13:07:44.058,0.7732,0.7733,1.60,4.00
2008.01.09 13:07:44.404,0.7732,0.7733,1.60,4.00
2008.01.09 13:07:45.114,0.7732,0.7733,1.60,4.00
2008.01.09 13:07:45.512,0.7732,0.7733,1.60,4.00
2008.01.09 13:07:45.901,0.7731,0.7733,3.20,4.00
2008.01.09 13:07:46.140,0.7731,0.7733,1.60,4.00
2008.01.09 13:07:46.376,0.7731,0.7733,1.60,4.00
2008.01.09 13:07:47.003,0.7731,0.7733,1.60,4.00
2008.01.09 13:07:47.237,0.7731,0.7733,1.60,4.00
2008.01.09 13:07:47.471,0.7731,0.7733,1.60,4.00
2008.01.09 13:07:47.863,0.7731,0.7733,1.60,4.00
2008.01.09 13:07:48.291,0.7731,0.7733,1.60,4.00
2008.01.09 13:07:49.222,0.7731,0.7733,1.60,4.00
2008.01.09 13:07:49.622,0.7731,0.7733,1.60,4.00
2008.01.09 13:07:50.144,0.7731,0.7733,1.60,4.00
2008.01.09 13:07:50.805,0.7731,0.7733,1.60,4.00
2008.01.09 13:07:51.275,0.7731,0.7733,1.60,4.00
2008.01.09 13:07:52.781,0.7731,0.7732,1.60,4.00
2008.01.09 13:07:53.019,0.7731,0.7732,1.60,4.00
2008.01.09 13:07:53.405,0.7731,0.7732,1.60,4.00
2008.01.09 13:07:53.632,0.7731,0.7732,1.60,4.00
2008.01.09 13:07:53.861,0.7731,0.7732,1.60,4.00
2008.01.09 13:07:54.237,0.7731,0.7732,1.60,4.00
2008.01.09 13:07:54.495,0.7731,0.7732,1.60,4.00
2008.01.09 13:07:54.764,0.7731,0.7732,1.60,4.00
2008.01.09 13:07:55.030,0.7731,0.7732,1.60,4.00
2008.01.09 13:07:55.342,0.7731,0.7732,0.80,4.00
2008.01.09 13:07:55.355,0.7731,0.7732,0.50,4.00
2008.01.09 13:07:56.200,0.77305,0.7732,3.20,4.00
2008.01.09 13:08:00.389,0.77305,0.7732,3.20,4.00
2008.01.09 13:08:01.284,0.7731,0.7732,0.50,4.00
2008.01.09 13:08:03.266,0.77305,0.7732,3.20,4.00
2008.01.09 13:08:03.582,0.77305,0.7732,3.20,4.00
2008.01.09 13:08:05.456,0.77305,0.7732,3.20,4.00
2008.01.09 13:08:06.359,0.7731,0.7732,1.10,4.00
2008.01.09 13:08:07.403,0.77305,0.7732,3.20,4.00
2008.01.09 13:08:07.757,0.7731,0.7732,1.20,4.00
2008.01.09 13:08:07.965,0.77305,0.7732,3.20,4.00
2008.01.09 13:08:08.223,0.77305,0.7732,3.20,4.00
2008.01.09 13:08:08.461,0.77295,0.7732,4.00,4.00
2008.01.09 13:08:08.699,0.77295,0.7732,4.00,4.00
2008.01.09 13:08:08.938,0.773,0.7732,1.20,4.00
2008.01.09 13:08:10.042,0.773,0.7732,1.00,4.00
2008.01.09 13:08:10.530,0.77295,0.7732,4.00,4.00
2008.01.09 13:08:11.428,0.77295,0.7732,4.00,4.00
2008.01.09 13:08:15.515,0.773,0.7732,1.10,4.00
2008.01.09 13:08:15.970,0.77295,0.7732,4.00,4.00
2008.01.09 13:08:16.258,0.77295,0.7732,4.00,4.00
2008.01.09 13:08:16.546,0.77295,0.7732,4.00,4.00
2008.01.09 13:08:16.849,0.77295,0.7732,4.00,4.00
2008.01.09 13:08:17.367,0.77295,0.7732,3.20,4.00
2008.01.09 13:08:17.674,0.773,0.7731,0.70,4.00
2008.01.09 13:08:17.877,0.77295,0.7731,3.20,4.00
2008.01.09 13:08:18.080,0.77295,0.7732,4.00,4.00
2008.01.09 13:08:18.572,0.77295,0.7732,4.00,4.00
2008.01.09 13:08:19.315,0.77295,0.7732,4.00,4.00
2008.01.09 13:08:20.297,0.77295,0.7732,4.00,4.00
2008.01.09 13:08:20.621,0.77295,0.7732,4.00,4.00
2008.01.09 13:08:21.317,0.773,0.7732,0.60,4.00
2008.01.09 13:08:23.253,0.77295,0.7732,4.00,4.00
2008.01.09 13:08:25.631,0.773,0.7732,1.60,4.00
2008.01.09 13:08:26.334,0.773,0.7732,1.60,4.00
2008.01.09 13:08:26.777,0.773,0.7732,1.60,4.00
2008.01.09 13:08:27.221,0.773,0.7732,1.60,4.00
2008.01.09 13:08:28.686,0.773,0.7732,1.60,4.00
2008.01.09 13:08:28.906,0.773,0.7732,1.60,4.00
2008.01.09 13:08:30.685,0.773,0.7732,1.60,4.00
2008.01.09 13:08:31.341,0.773,0.7732,1.60,4.00
2008.01.09 13:08:34.040,0.773,0.7732,1.60,4.00
2008.01.09 13:08:35.711,0.773,0.7732,1.60,4.00
2008.01.09 13:08:36.408,0.773,0.7732,1.60,4.00
2008.01.09 13:08:38.900,0.773,0.7732,1.60,4.00
2008.01.09 13:08:40.846,0.773,0.7732,1.60,4.00
2008.01.09 13:08:41.352,0.773,0.7732,1.60,4.00
2008.01.09 13:08:42.174,0.773,0.7732,1.60,4.00
2008.01.09 13:08:43.176,0.773,0.7732,1.20,4.00
2008.01.09 13:08:45.886,0.773,0.7732,0.50,4.00
2008.01.09 13:08:46.517,0.77295,0.7732,4.00,4.00
2008.01.09 13:08:47.472,0.77295,0.77315,3.20,8.00
2008.01.09 13:08:47.942,0.7728,0.77315,4.00,8.00
2008.01.09 13:08:48.134,0.77275,0.77305,3.20,0.60
2008.01.09 13:08:48.342,0.77275,0.77305,3.20,0.60
2008.01.09 13:08:48.687,0.7728,0.77305,1.20,0.60
2008.01.09 13:08:49.043,0.77275,0.77305,3.20,0.60
2008.01.09 13:08:49.754,0.7728,0.77305,0.90,0.60
2008.01.09 13:08:50.515,0.77275,0.77305,3.20,0.60
2008.01.09 13:08:50.849,0.7728,0.7729,0.90,4.00
2008.01.09 13:08:51.367,0.7728,0.7729,0.70,4.00
2008.01.09 13:08:53.403,0.77275,0.7729,3.20,4.00
2008.01.09 13:08:53.793,0.7728,0.7729,0.50,4.00
2008.01.09 13:08:54.018,0.7728,0.7729,1.00,4.00
2008.01.09 13:08:54.242,0.7728,0.7729,0.90,4.00
2008.01.09 13:08:54.581,0.77275,0.7729,4.00,4.00
2008.01.09 13:08:54.862,0.77275,0.7729,4.00,4.00
2008.01.09 13:08:55.145,0.7728,0.7729,0.50,4.00
2008.01.09 13:08:55.488,0.77275,0.7729,4.00,4.00
2008.01.09 13:08:55.959,0.77275,0.7729,4.00,4.00
2008.01.09 13:08:56.380,0.77275,0.7729,4.00,4.00
2008.01.09 13:08:57.100,0.7728,0.7729,0.90,4.00
2008.01.09 13:08:57.568,0.77275,0.7729,3.20,4.00
2008.01.09 13:08:58.055,0.7728,0.7729,0.60,4.00
2008.01.09 13:08:58.500,0.77275,0.7729,3.20,4.00
2008.01.09 13:08:58.835,0.77275,0.7729,3.20,4.00
2008.01.09 13:08:59.043,0.77275,0.7729,3.20,4.00
2008.01.09 13:08:59.317,0.77275,0.7729,3.20,4.00
2008.01.09 13:08:59.662,0.77275,0.7729,3.20,4.00
2008.01.09 13:09:00.090,0.77275,0.7729,3.20,4.00
2008.01.09 13:09:00.454,0.7728,0.7729,1.20,4.00
2008.01.09 13:09:00.652,0.77275,0.7729,3.20,4.00
2008.01.09 13:09:00.853,0.77275,0.7729,3.20,4.00
2008.01.09 13:09:01.202,0.77275,0.7729,3.20,4.00
2008.01.09 13:09:01.649,0.77275,0.7729,3.20,4.00
2008.01.09 13:09:02.109,0.77275,0.7729,3.20,4.00
2008.01.09 13:09:02.776,0.77275,0.7729,3.20,4.00
2008.01.09 13:09:03.088,0.77275,0.7729,3.20,4.00
2008.01.09 13:09:03.442,0.77275,0.7729,3.20,4.00
2008.01.09 13:09:03.817,0.7728,0.7729,0.60,4.00
2008.01.09 13:09:04.605,0.77265,0.7729,8.80,4.00
2008.01.09 13:09:04.861,0.7727,0.7729,0.60,4.00
2008.01.09 13:09:05.875,0.77265,0.7729,3.20,4.00
2008.01.09 13:09:06.400,0.7727,0.7729,0.50,4.00
2008.01.09 13:09:08.999,0.7727,0.7729,0.50,4.00
2008.01.09 13:09:09.276,0.7727,0.7729,0.80,4.00
2008.01.09 13:09:09.485,0.77265,0.7729,3.20,4.00
2008.01.09 13:09:10.272,0.7727,0.7729,1.10,4.00
2008.01.09 13:09:11.034,0.7727,0.7729,1.60,4.00
2008.01.09 13:09:11.418,0.7727,0.7729,1.60,4.00
2008.01.09 13:09:11.727,0.7727,0.7729,1.60,4.00
2008.01.09 13:09:13.528,0.7727,0.7729,1.60,4.00
2008.01.09 13:09:15.269,0.7727,0.7729,1.60,4.00
2008.01.09 13:09:16.064,0.7727,0.7729,1.60,4.00
2008.01.09 13:09:16.422,0.7727,0.7729,1.60,4.00
2008.01.09 13:09:16.840,0.7727,0.7729,1.60,4.00
2008.01.09 13:09:18.047,0.7727,0.7729,1.60,4.00
2008.01.09 13:09:18.415,0.77255,0.7729,2.40,4.00
2008.01.09 13:09:18.818,0.77255,0.7729,2.40,4.00
2008.01.09 13:09:19.193,0.7725,0.7729,1.60,4.00
2008.01.09 13:09:19.257,0.7725,0.7729,1.60,4.00
2008.01.09 13:09:19.780,0.7725,0.7729,1.60,4.00
2008.01.09 13:09:20.471,0.7725,0.7729,1.60,4.00
2008.01.09 13:09:21.097,0.7725,0.7729,1.60,4.00
2008.01.09 13:09:21.320,0.7725,0.7729,1.60,4.00
2008.01.09 13:09:22.554,0.7725,0.7729,1.60,4.00
2008.01.09 13:09:24.635,0.7725,0.7729,1.60,4.00
2008.01.09 13:09:25.090,0.7725,0.7729,1.60,4.00
2008.01.09 13:09:26.126,0.7725,0.7729,1.60,4.00
2008.01.09 13:09:26.443,0.7725,0.7729,1.60,4.00
2008.01.09 13:09:27.831,0.7725,0.7729,1.60,4.00
2008.01.09 13:09:28.935,0.7725,0.7729,1.60,4.00
2008.01.09 13:09:29.175,0.7725,0.7729,1.60,4.00
2008.01.09 13:09:29.839,0.7725,0.7729,1.60,4.00
2008.01.09 13:09:30.780,0.7725,0.7729,1.60,4.00
2008.01.09 13:09:31.150,0.7725,0.7729,1.60,4.00
2008.01.09 13:09:31.439,0.7725,0.7729,1.60,4.00
2008.01.09 13:09:33.151,0.7725,0.7729,0.70,4.00
2008.01.09 13:09:34.049,0.7725,0.77285,1.10,12.00
2008.01.09 13:09:34.390,0.7724,0.7726,3.20,4.00
2008.01.09 13:09:34.599,0.7724,0.7726,3.20,4.00
2008.01.09 13:09:34.882,0.7724,0.7726,3.20,4.00
2008.01.09 13:09:35.351,0.7725,0.7726,1.00,4.00
2008.01.09 13:09:35.711,0.7725,0.7726,1.10,4.00
2008.01.09 13:09:36.174,0.7724,0.7726,3.20,4.00
2008.01.09 13:09:37.537,0.7724,0.7726,3.20,4.00
2008.01.09 13:09:37.826,0.77245,0.7727,2.40,4.00
2008.01.09 13:09:38.031,0.7725,0.7727,1.20,4.00
2008.01.09 13:09:38.387,0.7724,0.7726,3.20,4.00
2008.01.09 13:09:38.590,0.7724,0.7726,3.20,4.00
2008.01.09 13:09:38.797,0.7725,0.7726,0.60,4.00
2008.01.09 13:09:39.801,0.7725,0.7726,0.70,4.00
2008.01.09 13:09:41.207,0.7724,0.7726,3.20,4.00
2008.01.09 13:09:43.478,0.7724,0.7726,3.20,4.00
2008.01.09 13:09:44.769,0.7725,0.7726,0.80,4.00
2008.01.09 13:09:45.409,0.7724,0.7726,3.20,4.00
2008.01.09 13:09:45.941,0.7725,0.7726,1.10,4.00
2008.01.09 13:09:46.389,0.7724,0.7726,3.20,4.00
2008.01.09 13:09:46.646,0.7724,0.7726,3.20,4.00
2008.01.09 13:09:46.858,0.7725,0.7726,1.10,4.00
2008.01.09 13:09:51.456,0.7724,0.7726,3.20,4.00
2008.01.09 13:09:52.517,0.7724,0.7726,3.20,4.00
2008.01.09 13:09:52.828,0.7725,0.7726,0.80,4.00
2008.01.09 13:09:53.015,0.77245,0.7727,2.40,5.60
2008.01.09 13:09:53.204,0.7725,0.7726,0.80,4.00
2008.01.09 13:09:53.544,0.7724,0.7726,3.20,4.00
2008.01.09 13:09:53.732,0.7725,0.7726,0.60,4.00
2008.01.09 13:09:54.016,0.7725,0.7726,1.00,4.00
2008.01.09 13:09:54.379,0.7725,0.7727,1.00,5.60
2008.01.09 13:09:54.822,0.7725,0.7726,0.70,4.00
2008.01.09 13:09:55.105,0.7724,0.7727,3.20,5.60
2008.01.09 13:09:55.331,0.77245,0.7727,2.40,5.60
2008.01.09 13:09:55.676,0.7725,0.7726,0.90,4.00
2008.01.09 13:09:55.898,0.7724,0.7726,3.20,4.00
2008.01.09 13:09:56.169,0.7725,0.7727,1.10,5.60
2008.01.09 13:09:56.549,0.7725,0.7727,0.70,5.60
2008.01.09 13:09:56.816,0.77245,0.7727,2.40,5.60
2008.01.09 13:09:57.395,0.77245,0.7727,2.40,5.60
2008.01.09 13:10:01.660,0.7725,0.7727,1.60,5.60
2008.01.09 13:10:02.254,0.7725,0.7727,1.60,5.60
2008.01.09 13:10:02.676,0.7724,0.7726,1.60,4.00
2008.01.09 13:10:03.061,0.7725,0.7726,1.60,4.00
2008.01.09 13:10:03.124,0.7725,0.7727,1.60,5.60
2008.01.09 13:10:03.482,0.7725,0.7727,1.60,5.60
2008.01.09 13:10:03.892,0.7725,0.7726,1.60,4.00
2008.01.09 13:10:04.144,0.7725,0.7726,1.60,4.00
2008.01.09 13:10:04.398,0.7725,0.7726,1.60,4.00
2008.01.09 13:10:04.786,0.7725,0.7727,1.60,1.60
2008.01.09 13:10:05.015,0.7725,0.7728,1.60,4.00
2008.01.09 13:10:05.244,0.7725,0.7728,1.60,4.00
2008.01.09 13:10:05.650,0.7725,0.7728,1.60,4.00
2008.01.09 13:10:05.902,0.7725,0.7728,1.60,4.00
2008.01.09 13:10:06.557,0.7725,0.7728,1.60,4.00
2008.01.09 13:10:07.573,0.77255,0.7728,0.80,4.00
2008.01.09 13:10:07.806,0.7726,0.7728,1.60,4.00
2008.01.09 13:10:08.224,0.7726,0.7728,1.60,4.00
2008.01.09 13:10:08.681,0.7726,0.7728,1.60,4.00
2008.01.09 13:10:10.270,0.7726,0.7728,1.60,4.00
2008.01.09 13:10:10.734,0.7726,0.7728,1.60,4.00
2008.01.09 13:10:11.015,0.7726,0.7728,1.60,4.00
2008.01.09 13:10:11.243,0.7726,0.7728,1.60,4.00
2008.01.09 13:10:11.470,0.7726,0.7728,1.60,4.00
2008.01.09 13:10:11.699,0.7727,0.7728,1.60,4.00
2008.01.09 13:10:11.928,0.7727,0.7728,1.60,4.00
2008.01.09 13:10:12.207,0.7726,0.7728,1.60,4.00
2008.01.09 13:10:12.485,0.7726,0.7728,1.60,4.00
2008.01.09 13:10:12.763,0.7726,0.7728,1.60,4.00
2008.01.09 13:10:13.338,0.7726,0.7728,1.60,4.00
2008.01.09 13:10:13.565,0.7726,0.7728,1.60,4.00
2008.01.09 13:10:13.776,0.7726,0.7728,1.60,4.00
2008.01.09 13:10:13.982,0.7727,0.7728,1.60,4.00
2008.01.09 13:10:14.302,0.7726,0.7728,1.60,4.00
2008.01.09 13:10:14.512,0.7726,0.7728,1.60,4.00
2008.01.09 13:10:14.879,0.7726,0.7728,1.60,4.00
2008.01.09 13:10:15.485,0.7726,0.7728,1.60,4.00
2008.01.09 13:10:16.516,0.7726,0.7728,1.60,4.00
2008.01.09 13:10:16.827,0.7726,0.7728,1.60,4.00
2008.01.09 13:10:17.170,0.7727,0.7728,1.60,4.00
2008.01.09 13:10:17.505,0.7727,0.7728,1.60,4.00
2008.01.09 13:10:17.838,0.7727,0.7729,1.60,5.60
2008.01.09 13:10:18.188,0.7727,0.7729,1.60,5.60
2008.01.09 13:10:18.711,0.7727,0.7729,1.60,5.60
2008.01.09 13:10:18.921,0.7727,0.7729,1.60,5.60
2008.01.09 13:10:20.662,0.7728,0.77305,1.60,0.80
2008.01.09 13:10:20.902,0.7728,0.7732,1.60,4.00
2008.01.09 13:10:21.139,0.7728,0.7732,1.60,4.00
2008.01.09 13:10:21.537,0.7728,0.7732,1.60,4.00
2008.01.09 13:10:21.793,0.77275,0.7732,2.40,4.00
2008.01.09 13:10:22.052,0.7727,0.7732,4.00,4.00
2008.01.09 13:10:22.468,0.7727,0.7732,4.00,4.00
2008.01.09 13:10:22.616,0.7727,0.7732,4.00,4.00
2008.01.09 13:10:23.002,0.7727,0.7732,4.00,4.00
2008.01.09 13:10:23.765,0.7727,0.7732,4.00,4.00
2008.01.09 13:10:25.317,0.7727,0.77325,4.00,9.60
2008.01.09 13:10:26.290,0.7727,0.77325,1.60,9.60
2008.01.09 13:10:26.537,0.7727,0.7732,1.60,0.70
2008.01.09 13:10:27.020,0.7727,0.77325,1.60,9.60
2008.01.09 13:10:27.341,0.7727,0.77325,1.60,9.60
2008.01.09 13:10:28.133,0.77275,0.7732,9.60,0.60
2008.01.09 13:10:28.377,0.7729,0.7732,1.60,0.90
2008.01.09 13:10:28.620,0.7729,0.7732,1.60,0.90
2008.01.09 13:10:29.016,0.7729,0.77325,1.60,4.80
2008.01.09 13:10:29.258,0.7729,0.7733,1.60,6.40
2008.01.09 13:10:29.493,0.7729,0.7732,1.60,0.60
2008.01.09 13:10:29.726,0.7729,0.7732,1.60,0.90
2008.01.09 13:10:30.355,0.7729,0.7733,1.60,6.40
2008.01.09 13:10:31.554,0.7729,0.7733,1.60,6.40
2008.01.09 13:10:32.046,0.7729,0.7733,1.60,6.40
2008.01.09 13:10:36.552,0.7729,0.7733,1.60,6.40
2008.01.09 13:10:37.068,0.7729,0.7733,1.60,6.40
2008.01.09 13:10:39.113,0.7729,0.7732,1.60,0.60
2008.01.09 13:10:39.758,0.7729,0.7731,1.60,0.50
2008.01.09 13:10:40.030,0.7729,0.7732,1.60,5.60
2008.01.09 13:10:40.305,0.7729,0.77325,1.60,4.80
2008.01.09 13:10:40.590,0.7729,0.77325,1.60,4.80
2008.01.09 13:10:40.968,0.7729,0.77325,1.60,4.80
2008.01.09 13:10:41.025,0.7729,0.77325,1.60,4.80
2008.01.09 13:10:41.374,0.7729,0.77325,1.60,4.80
2008.01.09 13:10:41.832,0.7729,0.77325,1.60,13.60
2008.01.09 13:10:41.971,0.7729,0.77325,1.60,13.60
2008.01.09 13:10:42.314,0.7729,0.7733,1.60,5.60
2008.01.09 13:10:42.706,0.7729,0.7733,1.60,5.60
2008.01.09 13:10:43.153,0.773,0.7733,1.60,5.60
2008.01.09 13:10:43.541,0.773,0.7732,1.60,0.90
2008.01.09 13:10:43.640,0.773,0.7732,1.60,0.50
2008.01.09 13:10:43.977,0.773,0.7732,1.60,5.60
2008.01.09 13:10:44.236,0.773,0.7732,1.60,0.90
2008.01.09 13:10:44.495,0.773,0.7733,1.60,5.60
2008.01.09 13:10:44.825,0.773,0.7733,1.60,5.60
2008.01.09 13:10:45.059,0.773,0.7732,1.60,0.80
2008.01.09 13:10:45.336,0.773,0.7733,1.60,5.60
2008.01.09 13:10:45.681,0.773,0.77325,1.60,0.50
2008.01.09 13:10:45.950,0.7729,0.7732,3.20,3.20
2008.01.09 13:10:46.247,0.7729,0.7732,1.60,3.20
2008.01.09 13:10:46.595,0.7729,0.7732,1.60,0.90
2008.01.09 13:10:46.782,0.7729,0.7732,1.60,0.70
2008.01.09 13:10:46.970,0.7729,0.7732,1.60,0.80
2008.01.09 13:10:47.313,0.7729,0.7733,1.60,5.60
2008.01.09 13:10:47.667,0.7729,0.7733,1.60,5.60
2008.01.09 13:10:48.000,0.7729,0.7732,1.60,0.50
2008.01.09 13:10:50.027,0.7729,0.7733,1.60,5.60
2008.01.09 13:10:51.216,0.7729,0.7733,1.60,5.60
2008.01.09 13:10:51.616,0.7729,0.7732,1.60,0.90
2008.01.09 13:10:52.140,0.7729,0.7732,1.60,0.80
2008.01.09 13:10:53.434,0.7729,0.7732,1.60,4.00
2008.01.09 13:10:54.336,0.7729,0.7732,1.60,4.00
2008.01.09 13:10:54.726,0.7729,0.7732,1.60,4.00
2008.01.09 13:10:54.950,0.773,0.7732,1.60,4.00
2008.01.09 13:10:55.174,0.773,0.7732,1.60,4.00
2008.01.09 13:10:55.540,0.773,0.7732,1.60,4.00
2008.01.09 13:10:56.582,0.773,0.7732,1.60,4.00
2008.01.09 13:10:56.896,0.77295,0.7731,1.60,5.60
2008.01.09 13:10:57.139,0.77295,0.7731,1.60,5.60
2008.01.09 13:10:57.383,0.773,0.7732,1.60,4.00
2008.01.09 13:10:57.674,0.773,0.7732,1.60,4.00
2008.01.09 13:10:58.354,0.773,0.7732,1.60,4.00
2008.01.09 13:10:58.623,0.773,0.7732,1.60,4.00
2008.01.09 13:10:59.491,0.773,0.7732,1.60,4.00
2008.01.09 13:11:00.175,0.773,0.7732,1.60,4.00
2008.01.09 13:11:00.429,0.7731,0.7732,1.60,4.00
2008.01.09 13:11:00.834,0.7731,0.7732,1.60,4.00
2008.01.09 13:11:01.064,0.773,0.7732,1.60,4.00
2008.01.09 13:11:01.347,0.773,0.7732,1.60,4.00
2008.01.09 13:11:01.726,0.7731,0.7732,1.60,4.00
2008.01.09 13:11:02.128,0.7731,0.7732,1.60,4.00
2008.01.09 13:11:02.223,0.773,0.7732,1.60,4.00
2008.01.09 13:11:02.556,0.773,0.7732,1.60,4.00
2008.01.09 13:11:02.989,0.773,0.7732,1.60,4.00
2008.01.09 13:11:03.265,0.773,0.7732,1.60,4.00
2008.01.09 13:11:03.538,0.773,0.7732,1.60,4.00
2008.01.09 13:11:03.885,0.7731,0.7732,1.60,4.00
2008.01.09 13:11:04.327,0.7731,0.7732,1.60,4.00
2008.01.09 13:11:04.611,0.773,0.7732,1.60,4.00
2008.01.09 13:11:04.818,0.773,0.7732,1.60,4.00
2008.01.09 13:11:05.159,0.773,0.7732,1.60,4.00
2008.01.09 13:11:05.338,0.773,0.7732,1.60,0.80
2008.01.09 13:11:05.584,0.773,0.7732,1.60,4.00
2008.01.09 13:11:06.614,0.773,0.7732,1.60,4.00
2008.01.09 13:11:07.057,0.773,0.7732,1.60,4.00
2008.01.09 13:11:07.370,0.773,0.7732,1.60,4.00
2008.01.09 13:11:11.610,0.773,0.7732,1.60,4.00
2008.01.09 13:11:12.452,0.773,0.7732,1.60,4.00
2008.01.09 13:11:16.623,0.773,0.7732,1.60,4.00
2008.01.09 13:11:16.978,0.77275,0.77305,4.00,6.40
2008.01.09 13:11:17.253,0.7728,0.77315,1.60,1.60
2008.01.09 13:11:17.520,0.7728,0.77315,1.60,0.80
2008.01.09 13:11:17.784,0.77275,0.7732,2.40,4.00
2008.01.09 13:11:18.050,0.77275,0.7732,2.40,4.00
2008.01.09 13:11:18.397,0.7727,0.7732,1.60,4.00
2008.01.09 13:11:18.790,0.7727,0.7732,4.00,4.00
2008.01.09 13:11:19.028,0.7727,0.7732,4.00,4.00
2008.01.09 13:11:19.268,0.7727,0.7732,4.00,4.00
2008.01.09 13:11:19.607,0.77265,0.7732,2.40,4.00
2008.01.09 13:11:19.867,0.77265,0.7732,2.40,4.00
2008.01.09 13:11:20.283,0.77265,0.7732,2.40,4.00
2008.01.09 13:11:21.533,0.77265,0.7732,2.40,4.00
2008.01.09 13:11:22.577,0.77265,0.7732,2.40,4.00
2008.01.09 13:11:23.304,0.77265,0.7732,2.40,4.00
2008.01.09 13:11:23.815,0.77265,0.7732,2.40,4.00
2008.01.09 13:11:24.254,0.77265,0.7732,2.40,4.00
2008.01.09 13:11:24.702,0.77265,0.7732,7.20,4.00
2008.01.09 13:11:24.920,0.7727,0.7732,1.60,4.00
2008.01.09 13:11:25.138,0.7727,0.7732,1.60,4.00
2008.01.09 13:11:25.357,0.7727,0.7732,4.00,4.00
2008.01.09 13:11:25.589,0.7727,0.7732,4.00,4.00
2008.01.09 13:11:26.001,0.7727,0.7732,2.40,4.00
2008.01.09 13:11:26.249,0.77265,0.7732,2.40,4.00
2008.01.09 13:11:26.501,0.77265,0.7732,2.40,4.00
2008.01.09 13:11:26.857,0.77285,0.7732,4.80,4.00
2008.01.09 13:11:27.108,0.77285,0.7732,7.20,4.00
2008.01.09 13:11:27.373,0.77295,0.7732,1.60,4.00
2008.01.09 13:11:27.671,0.77295,0.7732,1.60,4.00
2008.01.09 13:11:28.055,0.77295,0.7732,1.60,4.00
2008.01.09 13:11:28.536,0.77295,0.7732,1.60,4.00
2008.01.09 13:11:29.067,0.77295,0.7732,1.60,4.00
2008.01.09 13:11:30.049,0.77295,0.7732,1.60,4.00
2008.01.09 13:11:30.703,0.7729,0.7732,1.60,4.00
2008.01.09 13:11:31.052,0.77285,0.7732,7.20,4.00
2008.01.09 13:11:31.641,0.77285,0.7732,7.20,4.00
2008.01.09 13:11:31.957,0.77285,0.7732,7.20,4.00
2008.01.09 13:11:32.813,0.77285,0.7732,7.20,4.00
2008.01.09 13:11:34.533,0.77285,0.7732,7.20,4.00
2008.01.09 13:11:35.286,0.77295,0.7732,0.80,4.00
2008.01.09 13:11:35.726,0.77295,0.7732,0.80,4.00
2008.01.09 13:11:36.010,0.77295,0.7732,0.80,4.00
2008.01.09 13:11:36.331,0.77295,0.7732,0.80,4.00
2008.01.09 13:11:36.661,0.77295,0.7732,0.80,4.00
2008.01.09 13:11:37.064,0.773,0.7732,1.60,4.00
2008.01.09 13:11:37.776,0.773,0.7732,1.60,4.00
2008.01.09 13:11:39.035,0.773,0.7732,1.60,4.00
2008.01.09 13:11:39.385,0.773,0.7731,1.60,4.00
2008.01.09 13:11:39.745,0.773,0.7731,1.60,4.00
2008.01.09 13:11:40.304,0.773,0.7731,1.60,4.00
2008.01.09 13:11:40.513,0.773,0.7731,1.60,4.00
2008.01.09 13:11:41.680,0.773,0.7731,1.60,4.00
2008.01.09 13:11:42.967,0.773,0.7731,1.60,4.00
2008.01.09 13:11:45.213,0.773,0.7731,1.60,4.00
2008.01.09 13:11:45.602,0.773,0.77305,1.60,0.50
2008.01.09 13:11:45.670,0.773,0.77305,1.60,0.50
2008.01.09 13:11:45.901,0.773,0.7731,1.60,4.00
2008.01.09 13:11:46.163,0.773,0.7731,1.60,4.00
2008.01.09 13:11:46.536,0.773,0.7731,1.60,4.00
2008.01.09 13:11:46.764,0.773,0.7732,1.60,5.60
2008.01.09 13:11:46.992,0.773,0.7732,1.60,5.60
2008.01.09 13:11:47.391,0.773,0.77305,1.60,0.50
2008.01.09 13:11:47.481,0.773,0.7731,1.60,4.00
2008.01.09 13:11:47.827,0.773,0.7731,1.60,4.00
2008.01.09 13:11:48.227,0.773,0.7731,1.60,4.00
2008.01.09 13:11:48.318,0.773,0.7732,1.60,5.60
2008.01.09 13:11:48.669,0.773,0.7732,1.60,5.60
2008.01.09 13:11:48.916,0.773,0.7731,1.60,4.00
2008.01.09 13:11:49.168,0.773,0.7731,1.60,4.00
2008.01.09 13:11:49.406,0.7729,0.7731,3.20,4.00
2008.01.09 13:11:49.609,0.773,0.7731,1.10,4.00
2008.01.09 13:11:49.886,0.7729,0.7731,3.20,4.00
2008.01.09 13:11:50.170,0.7729,0.7731,3.20,4.00
2008.01.09 13:11:50.640,0.773,0.7731,1.10,4.00
2008.01.09 13:11:51.697,0.773,0.7731,1.10,4.00
2008.01.09 13:11:52.902,0.773,0.7731,0.50,4.00
2008.01.09 13:11:53.171,0.7729,0.7731,3.20,4.00
2008.01.09 13:11:54.209,0.7729,0.7731,3.20,4.00
2008.01.09 13:11:55.129,0.7729,0.7731,3.20,4.00
2008.01.09 13:11:56.699,0.773,0.7731,0.50,4.00
2008.01.09 13:11:57.801,0.773,0.7731,0.90,4.00
2008.01.09 13:11:58.039,0.77295,0.7732,2.40,4.00
2008.01.09 13:11:58.278,0.773,0.7732,1.20,4.00
2008.01.09 13:11:58.686,0.773,0.7732,0.60,4.00
2008.01.09 13:11:59.100,0.77295,0.7732,2.40,4.00
2008.01.09 13:12:01.703,0.773,0.7732,0.70,4.00
2008.01.09 13:12:03.141,0.773,0.7732,0.50,4.00
2008.01.09 13:12:04.385,0.773,0.7732,0.80,4.00
2008.01.09 13:12:04.698,0.773,0.7732,3.20,4.00
2008.01.09 13:12:05.012,0.773,0.7732,3.20,4.00
2008.01.09 13:12:05.353,0.773,0.7733,3.20,5.60
2008.01.09 13:12:05.704,0.7731,0.7733,0.50,5.60
2008.01.09 13:12:05.897,0.773,0.7732,3.20,4.00
2008.01.09 13:12:06.094,0.773,0.7732,3.20,4.00
2008.01.09 13:12:06.287,0.773,0.7733,3.20,5.60
2008.01.09 13:12:06.480,0.77305,0.7733,3.20,5.60
2008.01.09 13:12:06.942,0.773,0.7732,3.20,4.00
2008.01.09 13:12:07.236,0.773,0.7732,3.20,4.00
2008.01.09 13:12:07.530,0.77305,0.7733,3.20,5.60
2008.01.09 13:12:07.907,0.77305,0.7733,3.20,5.60
2008.01.09 13:12:08.129,0.773,0.7732,3.20,4.00
2008.01.09 13:12:08.352,0.7731,0.7732,1.20,4.00
2008.01.09 13:12:08.995,0.773,0.7732,3.20,4.00
2008.01.09 13:12:09.343,0.7731,0.7732,0.70,4.00
2008.01.09 13:12:09.798,0.773,0.7732,3.20,4.00
2008.01.09 13:12:09.987,0.7731,0.7732,0.90,4.00
2008.01.09 13:12:10.179,0.773,0.7732,3.20,4.00
2008.01.09 13:12:10.991,0.773,0.7732,3.20,4.00
2008.01.09 13:12:11.362,0.773,0.7732,3.20,4.00
2008.01.09 13:12:11.815,0.7731,0.7732,0.90,4.00
2008.01.09 13:12:12.582,0.7731,0.7732,0.90,4.00
2008.01.09 13:12:12.969,0.7731,0.7732,0.80,4.00
2008.01.09 13:12:13.434,0.773,0.7732,3.20,4.00
2008.01.09 13:12:13.922,0.773,0.7732,3.20,4.00
2008.01.09 13:12:14.291,0.773,0.7732,3.20,4.00
2008.01.09 13:12:15.116,0.773,0.7732,3.20,4.00
2008.01.09 13:12:16.835,0.773,0.7732,3.20,4.00
2008.01.09 13:12:17.388,0.7731,0.7732,1.00,4.00
2008.01.09 13:12:17.681,0.773,0.7732,3.20,4.00
2008.01.09 13:12:17.910,0.773,0.7732,3.20,4.00
2008.01.09 13:12:18.220,0.7731,0.7732,0.60,4.00
2008.01.09 13:12:18.564,0.773,0.7732,3.20,4.00
2008.01.09 13:12:21.574,0.773,0.7732,3.20,4.00
2008.01.09 13:12:21.772,0.773,0.7732,3.20,4.00
2008.01.09 13:12:22.331,0.7731,0.7732,0.80,4.00
2008.01.09 13:12:22.790,0.7731,0.7732,0.50,4.00
2008.01.09 13:12:23.291,0.773,0.7732,3.20,4.00
2008.01.09 13:12:23.739,0.773,0.7732,3.20,4.00
2008.01.09 13:12:24.163,0.7731,0.7733,1.20,5.60
2008.01.09 13:12:24.425,0.7731,0.7733,0.70,5.60
2008.01.09 13:12:24.637,0.7731,0.7733,1.10,5.60
2008.01.09 13:12:26.847,0.7731,0.7733,0.70,5.60
2008.01.09 13:12:28.323,0.7731,0.7733,0.70,5.60
2008.01.09 13:12:30.028,0.773,0.7733,3.20,5.60
2008.01.09 13:12:30.358,0.7731,0.77325,0.50,11.20
2008.01.09 13:12:30.645,0.77285,0.7731,0.40,5.60
2008.01.09 13:12:31.040,0.7728,0.7731,2.00,5.60
2008.01.09 13:12:31.428,0.7728,0.7731,0.70,4.80
2008.01.09 13:12:31.505,0.7728,0.7731,1.00,4.80
2008.01.09 13:12:31.848,0.7728,0.7731,0.90,4.80
2008.01.09 13:12:32.295,0.77275,0.7731,8.00,4.80
2008.01.09 13:12:33.246,0.7728,0.7731,1.20,4.80
2008.01.09 13:12:34.422,0.7728,0.7731,3.20,4.80
2008.01.09 13:12:34.716,0.7729,0.7731,0.60,4.80
2008.01.09 13:12:35.008,0.7728,0.7731,3.20,4.80
2008.01.09 13:12:35.297,0.7728,0.7731,3.20,4.80
2008.01.09 13:12:35.683,0.7729,0.7731,0.50,4.80
2008.01.09 13:12:35.918,0.7729,0.7731,1.00,4.80
2008.01.09 13:12:36.164,0.7729,0.7731,0.50,4.80
2008.01.09 13:12:36.512,0.7729,0.7731,1.20,4.80
2008.01.09 13:12:36.929,0.7729,0.7731,1.00,4.80
2008.01.09 13:12:37.353,0.7729,0.7731,1.20,4.80
2008.01.09 13:12:37.821,0.77285,0.7731,4.00,4.80
2008.01.09 13:12:38.177,0.7729,0.7731,1.60,1.60
2008.01.09 13:12:38.576,0.7729,0.7731,1.60,1.60
2008.01.09 13:12:38.985,0.7729,0.7731,1.60,1.60
2008.01.09 13:12:39.268,0.7729,0.7731,1.60,1.60
2008.01.09 13:12:39.555,0.7729,0.7731,1.60,4.80
2008.01.09 13:12:39.897,0.7729,0.7731,1.60,4.80
2008.01.09 13:12:40.282,0.7729,0.7731,1.60,4.80
2008.01.09 13:12:40.511,0.7729,0.7731,1.60,4.80
2008.01.09 13:12:40.739,0.7729,0.7731,1.60,4.80
2008.01.09 13:12:41.084,0.7729,0.7731,1.60,4.80
2008.01.09 13:12:41.522,0.7729,0.7731,1.60,4.80
2008.01.09 13:12:43.787,0.7729,0.7731,1.60,4.80
2008.01.09 13:12:46.896,0.7729,0.7731,1.60,4.80
2008.01.09 13:12:48.812,0.7729,0.7731,1.60,4.80
2008.01.09 13:12:51.800,0.7729,0.7731,1.60,4.80
2008.01.09 13:12:52.740,0.7729,0.7731,1.60,4.80
2008.01.09 13:12:53.071,0.7729,0.7731,1.60,4.80
2008.01.09 13:12:53.907,0.7729,0.7731,1.60,4.80
2008.01.09 13:12:54.645,0.7728,0.7731,3.20,4.80
2008.01.09 13:12:56.900,0.7728,0.7731,3.20,4.80
2008.01.09 13:12:58.941,0.7728,0.7731,3.20,4.80
2008.01.09 13:13:01.815,0.7729,0.7731,1.10,4.80
2008.01.09 13:13:04.065,0.7728,0.7731,3.20,4.80
2008.01.09 13:13:06.257,0.7729,0.7731,1.10,4.80
2008.01.09 13:13:06.807,0.7729,0.7731,0.60,4.80
2008.01.09 13:13:09.097,0.7728,0.7731,3.20,4.80
2008.01.09 13:13:09.911,0.7727,0.7731,17.60,1.60
2008.01.09 13:13:10.214,0.7727,0.7731,17.60,1.60
2008.01.09 13:13:10.649,0.7728,0.7732,1.00,11.20
2008.01.09 13:13:10.928,0.7727,0.7732,17.60,10.40
2008.01.09 13:13:11.573,0.7727,0.7732,17.60,10.40
2008.01.09 13:13:11.834,0.7727,0.7732,17.60,10.40
2008.01.09 13:13:14.276,0.7727,0.7732,17.60,10.40
2008.01.09 13:13:16.965,0.7727,0.7732,17.60,10.40
2008.01.09 13:13:19.298,0.7728,0.7732,1.00,10.40
2008.01.09 13:13:21.254,0.7728,0.7732,0.60,10.40
2008.01.09 13:13:21.930,0.7727,0.7732,17.60,10.40
2008.01.09 13:13:24.412,0.7728,0.7732,3.20,10.40
2008.01.09 13:13:26.852,0.7728,0.7732,3.20,10.40
2008.01.09 13:13:29.450,0.7728,0.7732,3.20,10.40
2008.01.09 13:13:30.951,0.7728,0.7732,3.20,8.80
2008.01.09 13:13:31.206,0.7728,0.7732,3.20,8.80
2008.01.09 13:13:31.979,0.7728,0.7732,3.20,8.80
2008.01.09 13:13:32.257,0.7728,0.7732,3.20,8.80
2008.01.09 13:13:32.537,0.7728,0.7732,3.20,8.80
2008.01.09 13:13:32.966,0.7728,0.7732,3.20,8.00
2008.01.09 13:13:33.401,0.7728,0.7732,3.20,8.00
2008.01.09 13:13:34.311,0.7728,0.7732,3.20,8.00
2008.01.09 13:13:36.584,0.7729,0.7733,1.60,4.80
2008.01.09 13:13:36.803,0.7729,0.7733,1.60,4.80
2008.01.09 13:13:37.484,0.7729,0.7733,1.60,4.80
2008.01.09 13:13:37.863,0.7729,0.7733,1.60,4.80
2008.01.09 13:13:38.441,0.7729,0.7733,0.90,4.80
2008.01.09 13:13:38.538,0.77285,0.7733,4.00,4.80
2008.01.09 13:13:39.035,0.7729,0.7733,0.90,4.80
2008.01.09 13:13:39.647,0.7729,0.7733,0.80,4.80
2008.01.09 13:13:40.025,0.77285,0.7733,4.00,4.80
2008.01.09 13:13:41.725,0.77285,0.7733,4.00,4.80
2008.01.09 13:13:44.124,0.773,0.7733,3.20,4.80
2008.01.09 13:13:44.332,0.7731,0.7733,1.20,4.80
2008.01.09 13:13:44.669,0.7731,0.7733,0.80,4.80
2008.01.09 13:13:45.271,0.7731,0.7733,0.90,4.80
2008.01.09 13:13:45.569,0.773,0.7733,4.80,4.80
2008.01.09 13:13:46.329,0.7731,0.7733,0.60,4.80
2008.01.09 13:13:46.611,0.773,0.7733,1.90,4.80
2008.01.09 13:13:47.016,0.77295,0.7733,4.00,4.80
2008.01.09 13:13:47.413,0.77295,0.7733,4.00,4.80
2008.01.09 13:13:47.826,0.773,0.7733,0.60,4.80
2008.01.09 13:13:48.529,0.773,0.7733,0.60,4.80
2008.01.09 13:13:48.827,0.77295,0.7733,4.00,4.80
2008.01.09 13:13:49.151,0.7731,0.7733,0.90,4.80
2008.01.09 13:13:49.359,0.7731,0.7733,1.20,4.80
2008.01.09 13:13:49.696,0.7731,0.7733,0.50,4.80
2008.01.09 13:13:49.928,0.773,0.7733,4.80,4.80
2008.01.09 13:13:50.417,0.773,0.7733,4.80,4.80
2008.01.09 13:13:51.058,0.773,0.7733,4.80,4.80
2008.01.09 13:13:52.030,0.773,0.7733,4.80,4.80
2008.01.09 13:13:52.535,0.773,0.7733,4.80,4.80
2008.01.09 13:13:52.936,0.773,0.7733,4.80,4.80
2008.01.09 13:13:53.992,0.773,0.7733,4.80,4.80
2008.01.09 13:13:54.250,0.7731,0.7733,0.70,4.80
2008.01.09 13:13:54.644,0.7731,0.7733,0.70,4.80
2008.01.09 13:13:56.017,0.773,0.7733,4.80,4.80
2008.01.09 13:13:56.903,0.773,0.7733,4.80,4.80
2008.01.09 13:13:57.537,0.773,0.7733,4.80,4.80
2008.01.09 13:13:58.549,0.7731,0.7733,0.60,4.80
2008.01.09 13:13:59.807,0.773,0.7733,4.80,4.80
2008.01.09 13:14:02.050,0.7731,0.7733,0.60,4.80
2008.01.09 13:14:03.553,0.773,0.7733,4.80,4.80
2008.01.09 13:14:04.135,0.7731,0.7733,0.80,4.80
2008.01.09 13:14:04.343,0.7731,0.7735,0.60,4.80
2008.01.09 13:14:04.717,0.7731,0.7735,1.10,4.80
2008.01.09 13:14:05.360,0.77305,0.7735,4.80,4.80
2008.01.09 13:14:05.969,0.77305,0.7735,4.80,4.80
2008.01.09 13:14:06.296,0.77305,0.7735,4.80,4.80
2008.01.09 13:14:07.031,0.77305,0.7735,4.80,4.80
2008.01.09 13:14:07.464,0.7731,0.7735,0.70,4.80
2008.01.09 13:14:07.895,0.7731,0.7735,1.60,4.80
2008.01.09 13:14:08.711,0.7731,0.7735,1.60,4.80
2008.01.09 13:14:09.797,0.7731,0.7735,1.60,4.80
2008.01.09 13:14:10.350,0.7731,0.7735,1.60,4.80
2008.01.09 13:14:10.717,0.7731,0.7734,1.60,4.80
2008.01.09 13:14:10.915,0.7731,0.7734,1.60,4.80
2008.01.09 13:14:11.797,0.7731,0.7734,1.60,4.80
2008.01.09 13:14:12.100,0.7732,0.7734,1.60,4.80
2008.01.09 13:14:12.501,0.7732,0.7734,1.60,4.80
2008.01.09 13:14:12.930,0.7732,0.7734,1.60,4.80
2008.01.09 13:14:13.267,0.7732,0.7734,1.60,4.80
2008.01.09 13:14:13.985,0.7732,0.7734,1.60,1.60
2008.01.09 13:14:14.317,0.77345,0.7735,0.80,4.80
2008.01.09 13:14:14.519,0.7732,0.7735,1.60,4.80
2008.01.09 13:14:14.769,0.7732,0.7735,1.60,4.80
2008.01.09 13:14:15.026,0.7732,0.7735,1.60,4.80
2008.01.09 13:14:15.672,0.7732,0.7735,1.60,4.80
2008.01.09 13:14:15.971,0.7732,0.7735,1.60,4.80
2008.01.09 13:14:16.436,0.7732,0.7735,1.60,4.80
2008.01.09 13:14:16.568,0.7733,0.7735,1.60,4.80
2008.01.09 13:14:16.842,0.7733,0.7735,1.60,4.80
2008.01.09 13:14:17.216,0.7733,0.7735,1.60,4.80
2008.01.09 13:14:17.728,0.7733,0.7735,1.60,4.80
2008.01.09 13:14:18.042,0.7733,0.7735,1.60,4.80
2008.01.09 13:14:18.497,0.7733,0.7735,1.60,4.80
2008.01.09 13:14:18.989,0.7733,0.7735,1.60,4.80
2008.01.09 13:14:19.539,0.7733,0.7735,1.60,4.80
2008.01.09 13:14:19.804,0.7732,0.7735,1.60,4.80
2008.01.09 13:14:20.217,0.7732,0.7735,1.60,4.80
2008.01.09 13:14:20.468,0.7732,0.7735,1.60,4.80
2008.01.09 13:14:20.724,0.7732,0.7735,1.60,4.80
2008.01.09 13:14:21.074,0.7732,0.7735,1.60,4.80
2008.01.09 13:14:21.694,0.7732,0.7735,1.60,4.80
2008.01.09 13:14:22.032,0.7732,0.7735,1.60,4.80
2008.01.09 13:14:22.386,0.7732,0.7735,1.60,4.80
2008.01.09 13:14:23.021,0.7732,0.7735,1.60,4.80
2008.01.09 13:14:23.260,0.7732,0.7735,1.60,4.80
2008.01.09 13:14:23.623,0.7732,0.7735,1.60,4.80
2008.01.09 13:14:24.016,0.7731,0.7735,1.60,4.80
2008.01.09 13:14:24.274,0.7731,0.7735,1.60,4.80
2008.01.09 13:14:25.020,0.7731,0.7735,1.60,4.80
2008.01.09 13:14:25.795,0.7731,0.7735,1.60,4.80
2008.01.09 13:14:26.960,0.7731,0.7735,1.60,4.80
2008.01.09 13:14:27.221,0.77305,0.7735,2.40,4.80
2008.01.09 13:14:28.524,0.7731,0.7735,0.60,4.80
2008.01.09 13:14:30.094,0.77305,0.7735,2.40,4.80
2008.01.09 13:14:31.686,0.77305,0.7734,2.40,3.20
2008.01.09 13:14:31.899,0.7731,0.7734,0.80,4.80
2008.01.09 13:14:32.136,0.77305,0.7734,2.40,4.80
2008.01.09 13:14:32.513,0.7731,0.7734,0.60,4.80
2008.01.09 13:14:32.755,0.7731,0.7734,1.00,4.80
2008.01.09 13:14:33.289,0.77305,0.7734,2.40,4.80
2008.01.09 13:14:34.857,0.77305,0.7734,2.40,4.80
2008.01.09 13:14:35.266,0.7731,0.7734,0.70,4.80
2008.01.09 13:14:36.226,0.7731,0.7734,1.00,4.80
2008.01.09 13:14:36.752,0.77305,0.7734,2.40,4.80
2008.01.09 13:14:37.268,0.77305,0.7734,2.40,4.80
2008.01.09 13:14:39.272,0.77305,0.7734,2.40,4.80
2008.01.09 13:14:40.289,0.7731,0.7734,0.60,4.80
2008.01.09 13:14:40.532,0.7731,0.7734,1.10,4.80
2008.01.09 13:14:41.980,0.773,0.7734,9.60,4.80
2008.01.09 13:14:45.313,0.773,0.7734,9.60,4.80
2008.01.09 13:14:46.716,0.7731,0.7734,1.10,4.80
2008.01.09 13:14:47.287,0.7731,0.7734,1.20,4.80
2008.01.09 13:14:47.697,0.7731,0.7734,0.50,4.80
2008.01.09 13:14:47.936,0.7731,0.7734,3.20,4.80
2008.01.09 13:14:48.150,0.7731,0.7734,3.20,4.80
2008.01.09 13:14:48.511,0.7732,0.7734,0.50,4.80
2008.01.09 13:14:49.133,0.77305,0.7734,2.40,4.80
2008.01.09 13:14:49.422,0.773,0.7734,7.20,4.80
2008.01.09 13:14:49.865,0.773,0.7734,7.20,4.80
2008.01.09 13:14:49.999,0.773,0.7734,9.60,4.80
2008.01.09 13:14:50.341,0.7731,0.7734,0.90,4.80
2008.01.09 13:14:50.796,0.773,0.7734,9.60,4.80
2008.01.09 13:14:52.125,0.7731,0.7734,1.20,4.80
2008.01.09 13:14:55.501,0.7731,0.7734,1.60,4.80
2008.01.09 13:14:55.931,0.77315,0.77365,2.40,8.40
2008.01.09 13:14:56.219,0.77315,0.77365,2.40,0.60
2008.01.09 13:14:56.458,0.7731,0.77365,4.00,0.60
2008.01.09 13:14:56.801,0.77315,0.77365,2.40,0.60
2008.01.09 13:14:57.196,0.77315,0.77375,2.40,0.50
2008.01.09 13:14:57.275,0.77315,0.77375,2.40,0.50
2008.01.09 13:14:57.738,0.77315,0.77375,2.40,0.50
2008.01.09 13:14:58.104,0.77315,0.77375,2.40,0.50
2008.01.09 13:15:00.539,0.77315,0.77375,2.40,0.50
2008.01.09 13:15:01.658,0.77315,0.7738,2.40,11.70
2008.01.09 13:15:02.015,0.77315,0.7738,2.40,11.70
2008.01.09 13:15:04.101,0.77315,0.77375,2.40,2.10
2008.01.09 13:15:04.491,0.7731,0.7737,4.00,0.80
2008.01.09 13:15:04.754,0.7731,0.77375,4.00,22.00
2008.01.09 13:15:04.958,0.7731,0.77375,4.00,22.00
2008.01.09 13:15:05.161,0.7731,0.77375,4.00,0.60
2008.01.09 13:15:05.364,0.77315,0.77375,2.40,0.70
2008.01.09 13:15:05.730,0.77315,0.7738,2.40,11.70
2008.01.09 13:15:05.933,0.7731,0.7735,1.60,0.90
2008.01.09 13:15:06.268,0.7731,0.7735,1.60,0.70
2008.01.09 13:15:06.774,0.7731,0.77365,1.60,28.00
2008.01.09 13:15:07.029,0.7731,0.7735,1.60,0.80
2008.01.09 13:15:07.202,0.7731,0.7735,1.60,0.80
2008.01.09 13:15:07.355,0.7731,0.77365,1.60,32.00
2008.01.09 13:15:07.683,0.7731,0.7735,1.60,0.80
2008.01.09 13:15:08.362,0.7731,0.7735,1.60,0.70
2008.01.09 13:15:09.752,0.7731,0.77355,1.60,12.80
2008.01.09 13:15:10.066,0.7731,0.7734,1.60,0.50
2008.01.09 13:15:10.738,0.7731,0.7734,1.60,0.70
2008.01.09 13:15:11.138,0.7731,0.7733,1.60,0.50
2008.01.09 13:15:11.386,0.7731,0.7733,1.60,0.80
2008.01.09 13:15:11.792,0.7731,0.7733,1.60,0.60
2008.01.09 13:15:12.328,0.7731,0.7733,1.60,0.90
2008.01.09 13:15:12.629,0.7731,0.77345,1.60,9.60
2008.01.09 13:15:13.041,0.7731,0.7733,1.60,0.80
2008.01.09 13:15:15.798,0.7731,0.77345,1.60,9.60
2008.01.09 13:15:17.176,0.7731,0.77345,1.60,9.60
2008.01.09 13:15:17.346,0.7731,0.77345,1.60,9.60
2008.01.09 13:15:17.524,0.7731,0.7733,1.60,0.50
2008.01.09 13:15:17.875,0.7731,0.77345,1.60,9.60
2008.01.09 13:15:19.703,0.7731,0.77345,1.60,9.60
2008.01.09 13:15:19.998,0.7732,0.7734,1.60,5.60
2008.01.09 13:15:20.206,0.7732,0.7734,1.60,5.60
2008.01.09 13:15:20.479,0.7732,0.7734,1.60,5.60
2008.01.09 13:15:20.860,0.7732,0.7734,1.60,5.60
2008.01.09 13:15:21.482,0.7732,0.7734,1.60,5.60
2008.01.09 13:15:21.795,0.7732,0.7733,1.60,0.90
2008.01.09 13:15:22.167,0.7732,0.7734,1.60,0.60
2008.01.09 13:15:22.485,0.7732,0.7734,1.60,0.90
2008.01.09 13:15:22.958,0.7731,0.7735,1.60,5.60
2008.01.09 13:15:23.434,0.7732,0.7734,1.60,0.50
2008.01.09 13:15:23.622,0.7732,0.7735,1.60,5.60
2008.01.09 13:15:23.817,0.7732,0.7735,1.60,5.60
2008.01.09 13:15:24.003,0.7732,0.7735,1.60,5.60
2008.01.09 13:15:24.545,0.7732,0.7735,1.60,5.60
2008.01.09 13:15:24.824,0.7731,0.7734,1.60,0.70
2008.01.09 13:15:25.103,0.77295,0.77345,4.00,12.00
2008.01.09 13:15:25.441,0.7729,0.77345,1.60,9.60
2008.01.09 13:15:25.888,0.77305,0.7735,4.80,5.60
2008.01.09 13:15:26.287,0.77305,0.7735,4.80,5.60
2008.01.09 13:15:26.530,0.77295,0.77345,12.00,12.00
2008.01.09 13:15:26.773,0.77305,0.77345,4.00,6.40
2008.01.09 13:15:27.113,0.77315,0.7734,1.60,0.70
2008.01.09 13:15:27.705,0.77315,0.77345,1.60,9.60
2008.01.09 13:15:27.943,0.7731,0.77345,1.60,12.00
2008.01.09 13:15:28.351,0.7728,0.77345,4.00,12.00
2008.01.09 13:15:28.807,0.7728,0.7734,4.00,4.00
2008.01.09 13:15:29.000,0.7728,0.7734,4.00,8.00
2008.01.09 13:15:30.804,0.7728,0.77335,1.60,8.00
2008.01.09 13:15:30.904,0.7728,0.7734,1.60,16.00
2008.01.09 13:15:31.247,0.77275,0.77335,12.00,12.00
2008.01.09 13:15:31.502,0.77275,0.7733,4.00,0.90
2008.01.09 13:15:31.755,0.77275,0.7734,12.80,10.40
2008.01.09 13:15:32.097,0.77285,0.77345,5.60,9.60
2008.01.09 13:15:32.499,0.77285,0.77345,5.60,9.60
2008.01.09 13:15:32.739,0.77285,0.77345,5.60,9.60
2008.01.09 13:15:33.053,0.77285,0.7734,5.60,0.50
2008.01.09 13:15:33.804,0.77285,0.77345,5.60,12.00
2008.01.09 13:15:34.047,0.77285,0.77335,9.60,9.60
2008.01.09 13:15:34.291,0.77285,0.7734,8.80,0.50
2008.01.09 13:15:34.692,0.77285,0.7734,9.60,0.70
2008.01.09 13:15:34.936,0.77285,0.7733,8.80,0.80
2008.01.09 13:15:35.186,0.77285,0.7733,8.80,0.50
2008.01.09 13:15:35.404,0.77285,0.77335,10.40,9.60
2008.01.09 13:15:35.623,0.77285,0.77335,10.40,9.60
2008.01.09 13:15:36.020,0.77285,0.77335,10.40,9.60
2008.01.09 13:15:36.871,0.77285,0.77335,10.40,9.60
2008.01.09 13:15:37.344,0.77295,0.7734,5.60,5.60
2008.01.09 13:15:37.735,0.77295,0.7733,5.60,0.70
2008.01.09 13:15:38.136,0.77295,0.7734,5.60,5.60
2008.01.09 13:15:39.474,0.77295,0.7733,5.60,0.80
2008.01.09 13:15:41.126,0.77295,0.7733,5.60,0.80
2008.01.09 13:15:41.529,0.77305,0.7735,1.60,5.60
2008.01.09 13:15:41.923,0.77305,0.7735,1.60,5.60
2008.01.09 13:15:41.996,0.7731,0.7734,1.60,0.60
2008.01.09 13:15:42.338,0.7731,0.7735,1.60,5.60
2008.01.09 13:15:42.733,0.7731,0.7735,1.60,5.60
2008.01.09 13:15:43.025,0.7731,0.7733,1.60,0.80
2008.01.09 13:15:43.318,0.77305,0.7733,0.80,0.80
2008.01.09 13:15:43.665,0.773,0.7734,1.60,5.60
2008.01.09 13:15:43.859,0.773,0.77345,1.60,9.60
2008.01.09 13:15:44.092,0.773,0.77345,1.60,9.60
2008.01.09 13:15:44.286,0.773,0.7734,1.60,0.50
2008.01.09 13:15:44.483,0.773,0.7734,1.60,0.90
2008.01.09 13:15:46.754,0.773,0.7734,1.60,0.60
2008.01.09 13:15:46.964,0.7731,0.7734,1.60,0.90
2008.01.09 13:15:47.151,0.7731,0.77345,1.60,4.80
2008.01.09 13:15:47.345,0.7731,0.77345,1.60,4.80
2008.01.09 13:15:47.569,0.7731,0.77345,1.60,4.80
2008.01.09 13:15:48.059,0.7731,0.77345,1.60,4.80
2008.01.09 13:15:49.253,0.7731,0.77345,1.60,4.80
2008.01.09 13:15:51.756,0.7731,0.7733,1.60,0.80
2008.01.09 13:15:52.041,0.7731,0.7734,1.60,5.60
2008.01.09 13:15:52.428,0.7731,0.7733,1.60,0.80
2008.01.09 13:15:52.866,0.7731,0.7734,1.60,5.60
2008.01.09 13:15:53.013,0.7731,0.7733,1.60,0.90
2008.01.09 13:15:56.953,0.7731,0.7733,1.60,0.70
2008.01.09 13:15:57.336,0.7731,0.7734,1.60,5.60
2008.01.09 13:15:57.670,0.773,0.7733,1.60,0.70
2008.01.09 13:15:58.591,0.773,0.7734,1.60,5.60
2008.01.09 13:15:59.220,0.773,0.7733,1.60,0.80
2008.01.09 13:15:59.478,0.773,0.7732,1.60,0.50
2008.01.09 13:15:59.737,0.773,0.7733,1.60,5.60
2008.01.09 13:15:59.996,0.773,0.7733,1.60,4.00
2008.01.09 13:16:00.352,0.773,0.7733,1.60,4.00
2008.01.09 13:16:00.757,0.773,0.7733,1.60,4.00
2008.01.09 13:16:01.156,0.773,0.7733,1.60,4.00
2008.01.09 13:16:01.981,0.773,0.7733,1.60,4.00
2008.01.09 13:16:04.717,0.773,0.7733,1.60,4.00
2008.01.09 13:16:05.004,0.7731,0.7733,1.60,4.00
2008.01.09 13:16:06.035,0.7731,0.7733,1.60,4.00
2008.01.09 13:16:07.085,0.7731,0.7733,1.60,4.00
2008.01.09 13:16:07.437,0.7731,0.7733,1.60,4.00
2008.01.09 13:16:09.439,0.7731,0.7733,1.60,4.00
2008.01.09 13:16:10.987,0.7731,0.7733,1.60,4.00
2008.01.09 13:16:11.240,0.7731,0.7732,1.60,4.00
2008.01.09 13:16:11.602,0.7731,0.7732,1.60,4.00
2008.01.09 13:16:12.129,0.7731,0.7732,1.60,4.00
2008.01.09 13:16:12.548,0.7731,0.7732,1.60,4.00
2008.01.09 13:16:12.786,0.7731,0.7732,1.60,4.00
2008.01.09 13:16:13.014,0.773,0.7732,1.60,4.00
2008.01.09 13:16:13.173,0.773,0.7733,1.60,5.60
2008.01.09 13:16:13.989,0.773,0.7732,1.60,0.60
2008.01.09 13:16:14.309,0.773,0.7733,1.60,5.60
2008.01.09 13:16:14.552,0.773,0.7733,1.60,0.70
2008.01.09 13:16:14.797,0.773,0.77345,1.60,14.40
2008.01.09 13:16:15.040,0.773,0.7733,1.60,0.50
2008.01.09 13:16:15.541,0.773,0.7733,1.60,0.60
2008.01.09 13:16:16.060,0.773,0.77345,1.60,14.40
2008.01.09 13:16:17.208,0.773,0.77345,1.60,14.40
2008.01.09 13:16:18.137,0.773,0.77345,1.60,14.40
2008.01.09 13:16:18.731,0.773,0.7734,1.60,5.60
2008.01.09 13:16:18.963,0.773,0.77335,1.60,9.60
2008.01.09 13:16:19.202,0.773,0.7732,1.60,0.90
2008.01.09 13:16:19.759,0.773,0.7732,1.60,0.80
2008.01.09 13:16:19.982,0.773,0.7732,1.60,0.80
2008.01.09 13:16:20.186,0.773,0.7731,1.60,0.60
2008.01.09 13:16:20.390,0.773,0.7732,1.60,5.60
2008.01.09 13:16:20.739,0.773,0.7732,1.60,5.60
2008.01.09 13:16:21.040,0.773,0.7732,1.60,5.60
2008.01.09 13:16:21.338,0.773,0.7731,1.60,0.50
2008.01.09 13:16:21.537,0.773,0.7731,1.60,0.50
2008.01.09 13:16:21.925,0.773,0.7732,1.60,5.60
2008.01.09 13:16:22.123,0.773,0.7732,1.60,5.60
2008.01.09 13:16:22.330,0.773,0.7731,1.60,0.50
2008.01.09 13:16:24.487,0.773,0.7732,1.60,0.70
2008.01.09 13:16:24.696,0.773,0.7734,1.60,5.60
2008.01.09 13:16:24.931,0.773,0.7734,1.60,5.60
2008.01.09 13:16:25.235,0.773,0.7733,1.60,0.60
2008.01.09 13:16:26.887,0.773,0.7734,1.60,5.60
2008.01.09 13:16:27.245,0.773,0.7733,1.60,0.50
2008.01.09 13:16:27.608,0.773,0.7733,1.60,5.60
2008.01.09 13:16:27.867,0.773,0.7734,1.60,5.60
2008.01.09 13:16:28.126,0.773,0.7734,1.60,5.60
2008.01.09 13:16:28.385,0.773,0.7733,1.60,0.80
2008.01.09 13:16:28.794,0.773,0.7733,1.60,5.60
2008.01.09 13:16:29.078,0.773,0.7733,1.60,5.60
2008.01.09 13:16:30.018,0.773,0.7732,1.60,0.70
2008.01.09 13:16:30.545,0.773,0.7733,1.60,5.60
2008.01.09 13:16:32.177,0.773,0.7733,1.60,5.60
2008.01.09 13:16:32.529,0.773,0.7733,1.60,5.60
2008.01.09 13:16:32.944,0.773,0.7731,1.60,0.90
2008.01.09 13:16:33.037,0.773,0.7731,1.60,0.60
2008.01.09 13:16:33.402,0.773,0.7731,1.60,0.70
2008.01.09 13:16:33.854,0.773,0.7731,1.60,0.50
2008.01.09 13:16:34.287,0.773,0.7731,1.60,0.60
2008.01.09 13:16:34.820,0.773,0.7731,1.60,0.50
2008.01.09 13:16:35.137,0.773,0.7731,1.60,0.90
2008.01.09 13:16:35.546,0.773,0.7731,1.60,0.80
2008.01.09 13:16:35.952,0.773,0.7731,1.60,0.90
2008.01.09 13:16:36.510,0.773,0.7731,1.60,0.60
2008.01.09 13:16:36.778,0.773,0.7731,1.60,0.70
2008.01.09 13:16:37.168,0.773,0.7731,1.60,0.50
2008.01.09 13:16:37.604,0.773,0.7731,1.60,0.50
2008.01.09 13:16:37.959,0.773,0.7731,1.60,0.80
2008.01.09 13:16:38.234,0.773,0.7731,1.60,0.50
2008.01.09 13:16:38.520,0.773,0.7731,1.60,0.70
2008.01.09 13:16:39.530,0.773,0.7731,1.60,0.80
2008.01.09 13:16:39.808,0.773,0.7732,1.60,4.70
2008.01.09 13:16:40.122,0.7728,0.7731,1.60,5.60
2008.01.09 13:16:41.003,0.7728,0.773,1.60,0.60
2008.01.09 13:16:42.201,0.7728,0.7731,1.60,5.60
2008.01.09 13:16:42.791,0.7728,0.773,1.60,0.60
2008.01.09 13:16:46.978,0.7728,0.7731,1.60,5.60
2008.01.09 13:16:47.195,0.7728,0.7731,1.60,5.60
2008.01.09 13:16:47.497,0.7728,0.7731,1.60,5.60
2008.01.09 13:16:48.030,0.7728,0.7731,1.60,5.60
2008.01.09 13:16:48.364,0.77275,0.773,0.60,0.60
2008.01.09 13:16:48.657,0.77275,0.7731,0.60,5.60
2008.01.09 13:16:49.263,0.77275,0.7731,0.60,5.60
2008.01.09 13:16:49.491,0.77275,0.773,0.60,0.60
2008.01.09 13:16:51.308,0.77275,0.7728,0.60,0.60
2008.01.09 13:16:51.586,0.7727,0.7729,1.60,5.60
2008.01.09 13:16:51.821,0.7728,0.773,1.60,5.60
2008.01.09 13:16:52.053,0.7728,0.773,1.60,5.60
2008.01.09 13:16:52.278,0.7728,0.773,1.60,5.60
2008.01.09 13:16:52.497,0.7727,0.7731,1.60,7.20
2008.01.09 13:16:52.951,0.7727,0.7731,1.60,7.20
2008.01.09 13:16:53.248,0.7727,0.7731,1.60,7.20
2008.01.09 13:16:53.547,0.7727,0.7731,1.60,7.20
2008.01.09 13:16:55.503,0.7727,0.7731,1.60,7.20
2008.01.09 13:16:56.294,0.7727,0.773,1.60,9.60
2008.01.09 13:16:56.692,0.77255,0.7729,0.90,0.90
2008.01.09 13:16:57.125,0.77255,0.7729,7.20,0.80
2008.01.09 13:16:57.482,0.7726,0.773,1.60,5.60
2008.01.09 13:16:57.686,0.7726,0.773,1.60,5.60
2008.01.09 13:16:57.888,0.7726,0.77295,1.60,9.60
2008.01.09 13:16:58.092,0.7725,0.77295,1.60,9.60
2008.01.09 13:16:58.537,0.7726,0.77295,1.60,9.60
2008.01.09 13:16:59.000,0.7726,0.77295,1.60,9.60
2008.01.09 13:16:59.304,0.7725,0.77295,1.60,9.60
2008.01.09 13:16:59.563,0.77255,0.773,4.80,5.60
2008.01.09 13:16:59.940,0.7726,0.773,1.60,5.60
2008.01.09 13:17:00.414,0.7726,0.7729,1.60,0.50
2008.01.09 13:17:00.626,0.7725,0.7729,1.60,0.50
2008.01.09 13:17:00.839,0.7725,0.77295,1.60,9.60
2008.01.09 13:17:01.694,0.7725,0.77295,1.60,9.60
2008.01.09 13:17:01.948,0.7725,0.7728,1.60,5.60
2008.01.09 13:17:02.203,0.7725,0.7729,1.60,7.20
2008.01.09 13:17:02.588,0.7725,0.7728,1.60,0.90
2008.01.09 13:17:03.025,0.7725,0.7729,1.60,7.20
2008.01.09 13:17:04.902,0.7725,0.7728,1.60,5.60
2008.01.09 13:17:05.939,0.7725,0.7728,1.60,5.60
2008.01.09 13:17:06.177,0.7725,0.7728,1.60,5.60
2008.01.09 13:17:07.238,0.7725,0.7728,1.60,5.60
2008.01.09 13:17:08.152,0.7725,0.7728,1.60,5.60
2008.01.09 13:17:12.254,0.7725,0.7728,1.60,5.60
2008.01.09 13:17:13.175,0.7725,0.7728,1.60,5.60
2008.01.09 13:17:13.459,0.7725,0.7728,1.60,5.60
2008.01.09 13:17:13.828,0.7726,0.7728,1.60,5.60
2008.01.09 13:17:14.632,0.7726,0.7728,1.60,5.60
2008.01.09 13:17:15.563,0.7726,0.7728,1.60,5.60
2008.01.09 13:17:15.828,0.7725,0.7728,3.20,5.60
2008.01.09 13:17:16.813,0.7725,0.7728,3.20,5.60
2008.01.09 13:17:17.319,0.7726,0.7728,1.00,5.60
2008.01.09 13:17:18.362,0.7725,0.7728,3.20,5.60
2008.01.09 13:17:22.384,0.7726,0.7728,1.20,5.60
2008.01.09 13:17:23.380,0.7725,0.7728,3.20,5.60
2008.01.09 13:17:24.394,0.7725,0.7728,3.20,5.60
2008.01.09 13:17:24.652,0.7725,0.7728,3.20,5.60
2008.01.09 13:17:25.029,0.7725,0.7728,3.20,5.60
2008.01.09 13:17:27.282,0.7726,0.7728,1.10,5.60
2008.01.09 13:17:28.432,0.7725,0.7728,3.20,5.60
2008.01.09 13:17:32.352,0.7725,0.7728,3.20,5.60
2008.01.09 13:17:33.614,0.7725,0.7728,3.20,5.60
2008.01.09 13:17:33.868,0.7725,0.7728,3.20,5.60
2008.01.09 13:17:34.405,0.7726,0.7728,0.90,5.60
2008.01.09 13:17:37.287,0.7725,0.7728,3.20,5.60
2008.01.09 13:17:38.362,0.7726,0.7728,1.20,9.60
2008.01.09 13:17:42.300,0.7725,0.7728,3.20,9.60
2008.01.09 13:17:43.521,0.7725,0.7728,3.20,9.60
2008.01.09 13:17:47.058,0.7725,0.77285,8.00,4.00
2008.01.09 13:17:47.457,0.7725,0.77285,8.00,4.00
2008.01.09 13:17:47.690,0.7725,0.7728,0.80,0.80
2008.01.09 13:17:47.926,0.7725,0.7728,0.80,0.80
2008.01.09 13:17:48.541,0.7725,0.7728,0.80,0.80
2008.01.09 13:17:48.803,0.7725,0.7728,0.80,4.80
2008.01.09 13:17:49.447,0.7725,0.7728,1.60,4.00
2008.01.09 13:17:49.720,0.7725,0.7728,5.60,4.00
2008.01.09 13:17:49.993,0.7725,0.77285,5.60,4.00
2008.01.09 13:17:50.706,0.7725,0.77285,5.60,4.00
2008.01.09 13:17:52.320,0.7725,0.77285,5.60,4.00
2008.01.09 13:17:53.571,0.7725,0.77285,5.60,4.00
2008.01.09 13:17:53.934,0.7725,0.77285,6.40,4.00
2008.01.09 13:17:54.137,0.7725,0.77285,6.40,4.00
2008.01.09 13:17:54.986,0.7725,0.77285,6.40,4.00
2008.01.09 13:17:57.334,0.7725,0.77285,6.40,4.00
2008.01.09 13:17:58.760,0.7725,0.77285,6.40,4.00
2008.01.09 13:18:02.504,0.7725,0.77285,6.40,4.00
2008.01.09 13:18:02.717,0.7725,0.7728,1.60,0.80
2008.01.09 13:18:03.012,0.7725,0.7728,2.40,0.80
2008.01.09 13:18:03.605,0.7725,0.77285,0.80,4.00
2008.01.09 13:18:03.787,0.7725,0.77285,1.30,4.00
2008.01.09 13:18:04.796,0.7724,0.77285,19.20,4.00
2008.01.09 13:18:07.357,0.7724,0.77285,19.20,4.00
2008.01.09 13:18:08.810,0.7725,0.77285,2.30,4.00
2008.01.09 13:18:11.615,0.7724,0.77285,19.20,4.00
2008.01.09 13:18:12.001,0.7725,0.77285,3.00,4.00
2008.01.09 13:18:12.393,0.7725,0.77285,3.10,4.00
2008.01.09 13:18:12.456,0.7724,0.7729,20.40,9.60
2008.01.09 13:18:13.292,0.7724,0.7729,20.40,9.60
2008.01.09 13:18:13.704,0.7725,0.7729,8.10,7.20
2008.01.09 13:18:14.007,0.77255,0.7728,2.40,5.60
2008.01.09 13:18:14.310,0.7726,0.7728,0.80,5.60
2008.01.09 13:18:14.595,0.7726,0.7728,0.80,5.60
2008.01.09 13:18:15.004,0.7726,0.7728,0.50,5.60
2008.01.09 13:18:15.420,0.7725,0.7728,3.20,5.60
2008.01.09 13:18:15.853,0.7725,0.7728,3.20,5.60
2008.01.09 13:18:16.468,0.7726,0.7728,1.00,1.60
2008.01.09 13:18:16.702,0.7726,0.7729,3.20,5.60
2008.01.09 13:18:17.068,0.7727,0.7729,1.10,5.60
2008.01.09 13:18:17.512,0.7726,0.7729,3.20,5.60
2008.01.09 13:18:17.580,0.7726,0.773,7.20,4.00
2008.01.09 13:18:17.924,0.7727,0.7731,0.50,5.60
2008.01.09 13:18:18.152,0.7726,0.7731,1.20,5.60
2008.01.09 13:18:18.381,0.7726,0.7731,1.20,5.60
2008.01.09 13:18:18.655,0.7726,0.7729,0.90,5.60
2008.01.09 13:18:18.931,0.7726,0.7729,0.90,5.60
2008.01.09 13:18:19.358,0.7726,0.7729,0.90,5.60
2008.01.09 13:18:19.596,0.7726,0.7729,3.20,5.60
2008.01.09 13:18:19.835,0.7726,0.7729,3.20,5.60
2008.01.09 13:18:20.073,0.7726,0.7729,0.70,5.60
2008.01.09 13:18:20.317,0.7726,0.7729,0.80,5.60
2008.01.09 13:18:20.778,0.77255,0.7729,6.40,5.60
2008.01.09 13:18:21.283,0.7726,0.7729,0.90,5.60
2008.01.09 13:18:21.794,0.77255,0.7729,6.40,5.60
2008.01.09 13:18:22.356,0.77255,0.7729,6.40,5.60
2008.01.09 13:18:22.733,0.7726,0.7729,1.10,5.60
2008.01.09 13:18:23.894,0.77255,0.7729,6.40,5.60
2008.01.09 13:18:27.502,0.7726,0.7729,0.50,5.60
2008.01.09 13:18:28.991,0.77255,0.7729,6.40,5.60
2008.01.09 13:18:30.552,0.77255,0.7729,6.40,5.60
2008.01.09 13:18:32.525,0.7726,0.7729,1.60,5.60
2008.01.09 13:18:33.075,0.7726,0.7729,1.60,4.80
2008.01.09 13:18:34.010,0.7726,0.7729,1.60,4.80
2008.01.09 13:18:35.531,0.7726,0.7729,1.60,4.80
2008.01.09 13:18:37.033,0.7726,0.7729,1.60,4.80
2008.01.09 13:18:37.398,0.7726,0.7729,1.60,4.80
2008.01.09 13:18:38.134,0.7726,0.7729,1.60,4.80
2008.01.09 13:18:39.091,0.7726,0.7729,1.60,4.80
2008.01.09 13:18:40.278,0.7726,0.7729,1.60,4.80
2008.01.09 13:18:42.487,0.7726,0.7729,1.60,4.80
2008.01.09 13:18:44.112,0.7726,0.7729,1.60,4.80
2008.01.09 13:18:46.810,0.7726,0.7729,1.60,4.80
2008.01.09 13:18:47.252,0.7726,0.7729,1.60,4.80
2008.01.09 13:18:47.644,0.7726,0.7729,1.60,4.80
2008.01.09 13:18:49.300,0.7726,0.7729,1.60,4.80
2008.01.09 13:18:50.193,0.7726,0.7729,1.60,4.80
2008.01.09 13:18:50.512,0.7726,0.7729,1.60,4.80
2008.01.09 13:18:51.358,0.7726,0.7729,1.60,4.80
2008.01.09 13:18:52.569,0.7726,0.7729,1.60,4.80
2008.01.09 13:18:52.802,0.7726,0.7729,1.60,4.80
2008.01.09 13:18:53.134,0.77255,0.7729,6.40,4.80
2008.01.09 13:18:54.150,0.7726,0.7729,3.20,4.80
2008.01.09 13:18:54.300,0.7727,0.7729,0.50,4.80
2008.01.09 13:18:57.487,0.7726,0.7729,3.20,4.80
2008.01.09 13:18:59.074,0.77255,0.7729,7.20,4.80
2008.01.09 13:18:59.326,0.7726,0.7729,0.70,4.80
2008.01.09 13:18:59.729,0.77255,0.7729,6.40,4.80
2008.01.09 13:18:59.823,0.77255,0.7729,6.40,4.80
2008.01.09 13:19:00.800,0.7726,0.7729,1.10,4.80
2008.01.09 13:19:02.499,0.77255,0.7729,6.40,4.80
2008.01.09 13:19:04.015,0.7726,0.7729,0.90,4.80
2008.01.09 13:19:04.341,0.7726,0.7729,0.80,4.80
2008.01.09 13:19:05.189,0.77255,0.7729,6.40,4.80
2008.01.09 13:19:05.696,0.7726,0.7729,0.80,4.80
2008.01.09 13:19:05.943,0.7727,0.7729,0.60,4.80
2008.01.09 13:19:07.451,0.7726,0.7729,3.20,4.80
2008.01.09 13:19:09.525,0.7727,0.7729,0.50,4.80
2008.01.09 13:19:11.331,0.7726,0.7729,3.20,4.80
2008.01.09 13:19:12.422,0.7726,0.7729,3.20,4.80
2008.01.09 13:19:14.514,0.7726,0.7729,3.20,4.80
2008.01.09 13:19:15.477,0.7726,0.7729,3.20,4.80
2008.01.09 13:19:16.802,0.7726,0.7729,3.20,4.80
2008.01.09 13:19:17.211,0.7726,0.7729,3.20,4.80
2008.01.09 13:19:17.611,0.7726,0.7729,3.20,4.80
2008.01.09 13:19:18.541,0.7726,0.7729,3.20,4.80
2008.01.09 13:19:19.535,0.7727,0.7729,1.20,4.80
2008.01.09 13:19:19.882,0.7726,0.7729,1.00,4.80
2008.01.09 13:19:20.538,0.77255,0.7729,6.40,4.80
2008.01.09 13:19:20.862,0.77255,0.7729,6.40,4.80
2008.01.09 13:19:21.324,0.77255,0.7729,5.60,4.80
2008.01.09 13:19:21.696,0.77255,0.7729,6.40,4.80
2008.01.09 13:19:21.908,0.7727,0.7729,1.60,4.80
2008.01.09 13:19:22.510,0.7727,0.7729,1.60,4.80
2008.01.09 13:19:22.727,0.7727,0.7729,1.60,4.80
2008.01.09 13:19:22.946,0.7727,0.7729,1.60,4.80
2008.01.09 13:19:23.166,0.7727,0.7729,1.60,4.80
2008.01.09 13:19:23.474,0.7726,0.7729,1.60,4.80
2008.01.09 13:19:23.918,0.7726,0.7729,1.60,4.80
2008.01.09 13:19:24.380,0.7726,0.7728,1.60,4.80
2008.01.09 13:19:24.433,0.7726,0.7728,1.60,4.80
2008.01.09 13:19:24.780,0.7726,0.7728,0.50,4.80
2008.01.09 13:19:26.573,0.7726,0.7729,1.60,4.80
2008.01.09 13:19:26.854,0.7727,0.7729,1.60,4.80
2008.01.09 13:19:27.240,0.7727,0.7729,1.60,4.80
2008.01.09 13:19:27.475,0.7727,0.7729,1.60,4.80
2008.01.09 13:19:27.680,0.7727,0.7729,1.60,4.80
2008.01.09 13:19:28.163,0.7727,0.7729,1.60,4.80
2008.01.09 13:19:28.658,0.7727,0.7729,1.60,4.80
2008.01.09 13:19:29.694,0.7727,0.7729,1.60,4.80
2008.01.09 13:19:30.196,0.77255,0.7729,1.60,4.80
2008.01.09 13:19:30.417,0.77245,0.7729,12.80,4.80
2008.01.09 13:19:30.769,0.77245,0.77285,2.40,0.20
2008.01.09 13:19:31.086,0.7722,0.77285,4.00,2.50
2008.01.09 13:19:31.405,0.7722,0.77285,4.00,2.50
2008.01.09 13:19:31.750,0.7722,0.7728,4.00,4.00
2008.01.09 13:19:32.489,0.7722,0.7728,4.00,4.00
2008.01.09 13:19:34.717,0.7722,0.7728,4.00,4.00
2008.01.09 13:19:36.638,0.7724,0.7728,4.00,4.00
2008.01.09 13:19:36.850,0.77245,0.77285,0.80,4.10
2008.01.09 13:19:37.222,0.77245,0.77285,0.80,0.20
2008.01.09 13:19:37.502,0.77245,0.77285,0.80,0.20
2008.01.09 13:19:37.813,0.77245,0.77285,0.80,0.20
2008.01.09 13:19:38.058,0.77245,0.77285,0.80,0.20
2008.01.09 13:19:38.316,0.77245,0.77285,0.80,0.80
2008.01.09 13:19:38.746,0.77245,0.77285,4.80,0.80
2008.01.09 13:19:39.886,0.77245,0.77285,4.80,0.80
2008.01.09 13:19:41.712,0.77245,0.7729,5.60,4.80
2008.01.09 13:19:42.101,0.77245,0.7729,5.60,4.80
2008.01.09 13:19:42.555,0.77245,0.7729,5.60,4.80
2008.01.09 13:19:42.790,0.77245,0.7729,5.60,4.80
2008.01.09 13:19:44.908,0.77245,0.7729,5.60,4.80
2008.01.09 13:19:45.683,0.77245,0.7728,5.60,3.20
2008.01.09 13:19:45.948,0.77245,0.7728,0.80,4.80
2008.01.09 13:19:46.447,0.77245,0.7728,0.80,4.80
2008.01.09 13:19:46.934,0.77245,0.7728,0.80,4.80
2008.01.09 13:19:47.108,0.7725,0.7728,1.60,4.80
2008.01.09 13:19:47.653,0.7725,0.7728,1.60,4.80
2008.01.09 13:19:48.789,0.7725,0.7728,1.60,4.80
2008.01.09 13:19:49.536,0.7725,0.7728,1.60,4.80
2008.01.09 13:19:50.113,0.7725,0.7728,1.60,4.80
2008.01.09 13:19:50.538,0.7725,0.7728,1.60,4.80
2008.01.09 13:19:51.198,0.7725,0.7728,1.60,4.80
2008.01.09 13:19:51.447,0.7725,0.77295,1.60,4.80
2008.01.09 13:19:51.824,0.7725,0.77295,1.60,4.00
2008.01.09 13:19:52.072,0.7725,0.77305,1.60,4.80
2008.01.09 13:19:52.322,0.7725,0.77305,1.60,4.80
2008.01.09 13:19:52.689,0.7725,0.77305,1.60,4.80
2008.01.09 13:19:52.939,0.7725,0.77305,1.60,4.80
2008.01.09 13:19:54.106,0.7725,0.77305,1.60,4.80
2008.01.09 13:19:54.759,0.7725,0.773,1.60,4.80
2008.01.09 13:19:54.978,0.7725,0.773,1.60,4.80
2008.01.09 13:19:55.177,0.7725,0.773,1.60,4.80
2008.01.09 13:19:55.375,0.7725,0.77295,1.60,0.20
2008.01.09 13:19:55.725,0.7725,0.77295,1.60,0.20
2008.01.09 13:19:56.191,0.7725,0.77295,1.60,0.20
2008.01.09 13:19:57.541,0.7725,0.77295,1.60,0.20
2008.01.09 13:19:58.776,0.7725,0.77295,1.60,0.20
2008.01.09 13:19:58.993,0.7725,0.773,1.60,8.80
2008.01.09 13:19:59.212,0.7725,0.773,1.60,4.80
2008.01.09 13:20:01.065,0.7725,0.773,1.60,4.80
2008.01.09 13:20:02.616,0.7725,0.773,1.60,4.80
2008.01.09 13:20:03.112,0.7725,0.773,1.60,4.80
2008.01.09 13:20:03.888,0.7725,0.773,1.60,4.80
2008.01.09 13:20:06.017,0.7725,0.773,1.60,4.80
2008.01.09 13:20:06.252,0.7727,0.773,1.60,4.80
2008.01.09 13:20:06.518,0.7727,0.773,1.60,4.80
2008.01.09 13:20:06.617,0.7727,0.773,1.60,4.80
2008.01.09 13:20:07.576,0.7727,0.773,1.60,4.80
2008.01.09 13:20:08.023,0.7727,0.773,1.60,4.80
2008.01.09 13:20:10.745,0.7727,0.773,1.60,4.80
2008.01.09 13:20:11.273,0.7727,0.773,1.60,4.80
2008.01.09 13:20:12.007,0.7727,0.773,1.60,4.80
2008.01.09 13:20:12.369,0.7727,0.773,1.60,4.80
2008.01.09 13:20:14.364,0.7727,0.77305,1.60,11.00
2008.01.09 13:20:16.234,0.7727,0.77305,1.60,11.00
2008.01.09 13:20:16.555,0.7727,0.773,1.60,0.60
2008.01.09 13:20:16.984,0.7727,0.77305,1.60,11.00
2008.01.09 13:20:17.337,0.7727,0.77305,1.60,11.00
2008.01.09 13:20:17.792,0.7727,0.77305,1.60,11.00
2008.01.09 13:20:18.515,0.7727,0.773,1.60,0.60
2008.01.09 13:20:19.979,0.7727,0.773,1.60,0.50
2008.01.09 13:20:20.579,0.7727,0.77305,1.60,11.00
2008.01.09 13:20:21.479,0.7727,0.77305,1.60,11.00
2008.01.09 13:20:21.831,0.7727,0.77305,1.60,11.00
2008.01.09 13:20:22.728,0.7727,0.77305,1.60,11.00
2008.01.09 13:20:26.541,0.7727,0.77305,1.60,11.00
2008.01.09 13:20:27.743,0.7727,0.773,1.60,0.50
2008.01.09 13:20:28.050,0.7727,0.77305,1.60,11.00
2008.01.09 13:20:28.359,0.7727,0.77305,1.60,11.00
2008.01.09 13:20:28.623,0.7727,0.773,1.60,0.90
2008.01.09 13:20:30.354,0.7727,0.77305,1.60,11.00
2008.01.09 13:20:31.564,0.7727,0.77305,1.60,11.00
2008.01.09 13:20:32.595,0.7727,0.773,1.60,0.70
2008.01.09 13:20:36.263,0.7726,0.773,5.70,0.60
2008.01.09 13:20:36.546,0.7726,0.7731,5.70,19.90
2008.01.09 13:20:37.562,0.7726,0.7731,5.70,23.90
2008.01.09 13:20:38.271,0.7726,0.7731,4.10,23.90
2008.01.09 13:20:38.604,0.77255,0.773,0.20,0.90
2008.01.09 13:20:39.492,0.77255,0.77305,0.20,22.40
2008.01.09 13:20:39.724,0.77255,0.77305,0.20,26.40
2008.01.09 13:20:40.172,0.77255,0.773,0.20,0.90
2008.01.09 13:20:40.757,0.77255,0.77305,0.20,25.90
2008.01.09 13:20:41.030,0.7727,0.77305,1.60,13.60
2008.01.09 13:20:41.812,0.7727,0.773,1.60,0.50
2008.01.09 13:20:42.174,0.7727,0.77305,1.60,13.60
2008.01.09 13:20:42.661,0.7727,0.773,1.60,0.90
2008.01.09 13:20:46.839,0.7727,0.773,1.60,0.80
2008.01.09 13:20:47.623,0.7727,0.77305,1.60,13.60
2008.01.09 13:20:50.140,0.7727,0.773,1.60,0.70
2008.01.09 13:20:50.353,0.7727,0.773,1.60,0.60
2008.01.09 13:20:50.970,0.7727,0.773,1.60,0.60
2008.01.09 13:20:51.880,0.7727,0.773,1.60,0.80
2008.01.09 13:20:52.632,0.7727,0.773,1.60,0.60
2008.01.09 13:20:54.093,0.7727,0.773,1.60,0.50
2008.01.09 13:20:54.458,0.7727,0.773,1.60,0.70
2008.01.09 13:20:56.155,0.7727,0.77305,1.60,11.20
2008.01.09 13:20:56.443,0.7727,0.77305,1.60,12.80
2008.01.09 13:20:57.047,0.7727,0.773,1.60,0.50
2008.01.09 13:20:57.426,0.7727,0.773,1.60,0.50
2008.01.09 13:20:57.710,0.7727,0.77305,1.60,12.80
2008.01.09 13:20:58.467,0.7727,0.77305,1.60,12.80
2008.01.09 13:20:58.732,0.7727,0.773,1.60,0.50
2008.01.09 13:20:59.152,0.7727,0.773,1.60,0.80
2008.01.09 13:20:59.264,0.7727,0.77305,1.60,12.80
2008.01.09 13:21:00.968,0.7727,0.773,1.60,0.90
2008.01.09 13:21:01.367,0.7727,0.773,1.60,0.60
2008.01.09 13:21:02.219,0.7727,0.77305,1.60,11.20
2008.01.09 13:21:02.599,0.7727,0.7731,1.60,0.50
2008.01.09 13:21:02.881,0.7727,0.7731,1.60,0.60
2008.01.09 13:21:03.255,0.7727,0.7731,1.60,0.50
2008.01.09 13:21:03.621,0.7727,0.77315,1.60,12.00
2008.01.09 13:21:04.017,0.7727,0.77315,1.60,12.00
2008.01.09 13:21:04.255,0.7727,0.7731,1.60,0.70
2008.01.09 13:21:07.248,0.7727,0.7731,1.60,0.70
2008.01.09 13:21:07.563,0.7727,0.77315,1.60,12.00
2008.01.09 13:21:07.634,0.7727,0.7731,0.70,0.80
2008.01.09 13:21:07.942,0.7727,0.7731,0.50,0.70
2008.01.09 13:21:11.546,0.7727,0.7731,0.80,4.80
2008.01.09 13:21:12.268,0.77265,0.7731,5.70,4.80
2008.01.09 13:21:12.663,0.77265,0.7731,5.70,4.80
2008.01.09 13:21:13.006,0.77265,0.7731,5.70,4.80
2008.01.09 13:21:17.308,0.7727,0.7731,0.70,4.80
2008.01.09 13:21:17.504,0.7727,0.7731,1.00,4.80
2008.01.09 13:21:22.325,0.77265,0.7731,5.70,4.80
2008.01.09 13:21:22.809,0.77265,0.7731,5.70,4.80
2008.01.09 13:21:23.106,0.7727,0.7731,0.90,4.80
2008.01.09 13:21:27.346,0.7727,0.7731,0.60,4.80
2008.01.09 13:21:27.694,0.7727,0.7731,0.80,4.80
2008.01.09 13:21:30.194,0.7727,0.7731,1.10,4.80
2008.01.09 13:21:30.784,0.77265,0.7731,5.70,4.80
2008.01.09 13:21:31.089,0.7727,0.7731,0.70,4.80
2008.01.09 13:21:32.469,0.77265,0.7731,5.70,4.80
2008.01.09 13:21:37.494,0.7726,0.7732,4.80,7.20
2008.01.09 13:21:42.510,0.7726,0.7732,4.80,7.20
2008.01.09 13:21:45.259,0.7726,0.7732,4.80,7.20
2008.01.09 13:21:47.535,0.7726,0.7732,4.80,7.20
2008.01.09 13:21:47.759,0.7726,0.7732,4.80,7.20
2008.01.09 13:21:49.123,0.7726,0.7732,7.20,3.20
2008.01.09 13:21:49.438,0.7726,0.7732,7.20,3.20
2008.01.09 13:21:51.180,0.7726,0.7732,4.80,3.20
2008.01.09 13:21:52.425,0.7726,0.7732,4.80,7.20
2008.01.09 13:21:52.825,0.7726,0.7732,4.80,7.20
2008.01.09 13:21:57.579,0.7726,0.7732,4.80,7.20
2008.01.09 13:21:57.993,0.7726,0.7732,4.80,7.20
2008.01.09 13:22:00.007,0.7727,0.773,3.30,0.40
2008.01.09 13:22:00.265,0.7727,0.773,3.30,0.40
2008.01.09 13:22:00.946,0.7727,0.7731,3.20,4.80
2008.01.09 13:22:01.229,0.7727,0.7731,3.30,4.80
2008.01.09 13:22:02.569,0.7727,0.7731,3.30,4.80
2008.01.09 13:22:02.987,0.7727,0.7731,3.30,4.80
2008.01.09 13:22:03.273,0.7727,0.773,3.30,0.20
2008.01.09 13:22:03.665,0.7727,0.773,3.30,0.20
2008.01.09 13:22:03.796,0.7727,0.7731,3.30,4.80
2008.01.09 13:22:04.145,0.7727,0.7731,3.30,4.80
2008.01.09 13:22:06.564,0.7727,0.7731,3.30,4.80
2008.01.09 13:22:07.690,0.7727,0.7731,3.30,4.80
2008.01.09 13:22:09.073,0.7727,0.7732,3.30,25.80
2008.01.09 13:22:12.865,0.7727,0.7732,3.30,25.80
2008.01.09 13:22:16.554,0.7727,0.7732,3.30,25.80
2008.01.09 13:22:17.820,0.7727,0.7732,3.30,25.80
2008.01.09 13:22:20.379,0.7727,0.7732,3.30,25.80
2008.01.09 13:22:20.549,0.7727,0.7732,3.20,26.00
2008.01.09 13:22:22.836,0.7727,0.7732,3.20,26.00
2008.01.09 13:22:26.276,0.7727,0.7731,3.20,0.50
2008.01.09 13:22:27.797,0.7727,0.7732,3.20,22.00
2008.01.09 13:22:28.070,0.7727,0.7731,3.20,0.80
2008.01.09 13:22:31.065,0.7727,0.7732,3.20,22.00
2008.01.09 13:22:32.328,0.7727,0.7731,3.20,0.60
2008.01.09 13:22:32.792,0.7727,0.7732,3.20,26.00
2008.01.09 13:22:33.092,0.7727,0.7732,3.20,26.00
2008.01.09 13:22:37.812,0.7727,0.7731,3.20,4.80
2008.01.09 13:22:38.123,0.7727,0.7731,3.20,4.80
2008.01.09 13:22:39.971,0.7727,0.7731,3.20,4.80
2008.01.09 13:22:42.812,0.7727,0.7731,3.20,4.80
2008.01.09 13:22:43.140,0.7727,0.7731,3.20,4.80
2008.01.09 13:22:46.843,0.77265,0.7731,4.00,4.80
2008.01.09 13:22:47.200,0.77265,0.77275,4.00,0.60
2008.01.09 13:22:47.574,0.77265,0.7731,4.00,4.80
2008.01.09 13:22:47.686,0.7726,0.7727,0.80,3.20
2008.01.09 13:22:48.025,0.77255,0.77285,2.40,3.20
2008.01.09 13:22:48.202,0.77255,0.77285,0.90,3.20
2008.01.09 13:22:48.455,0.77245,0.773,14.70,2.40
2008.01.09 13:22:48.910,0.7725,0.7731,2.40,7.20
2008.01.09 13:22:49.378,0.7725,0.7731,2.40,7.20
2008.01.09 13:22:49.582,0.7725,0.7731,2.40,7.20
2008.01.09 13:22:49.786,0.7725,0.7731,2.40,7.20
2008.01.09 13:22:49.990,0.7725,0.7731,2.40,7.20
2008.01.09 13:22:51.972,0.7725,0.7731,2.40,7.20
2008.01.09 13:22:52.191,0.7725,0.7731,4.00,7.20
2008.01.09 13:22:52.848,0.7725,0.7731,4.00,7.20
2008.01.09 13:22:53.291,0.7725,0.7731,4.00,7.20
2008.01.09 13:22:53.693,0.7725,0.7731,4.00,7.20
2008.01.09 13:22:55.521,0.7725,0.7728,4.00,3.20
2008.01.09 13:22:55.858,0.7725,0.7728,1.60,3.20
2008.01.09 13:22:56.288,0.7725,0.7728,1.60,3.20
2008.01.09 13:22:56.763,0.7725,0.7728,1.60,3.20
2008.01.09 13:22:57.183,0.7725,0.7728,1.60,3.20
2008.01.09 13:22:58.024,0.7725,0.7728,1.60,3.20
2008.01.09 13:22:58.470,0.7725,0.7728,1.60,3.20
2008.01.09 13:23:01.413,0.7725,0.7728,1.60,3.20
2008.01.09 13:23:03.027,0.7725,0.7728,1.60,3.20
2008.01.09 13:23:03.503,0.7725,0.7728,1.60,3.20
2008.01.09 13:23:03.981,0.7725,0.7728,1.60,3.20
2008.01.09 13:23:04.215,0.7725,0.7728,1.60,4.80
2008.01.09 13:23:06.049,0.7725,0.7728,1.60,4.80
2008.01.09 13:23:06.308,0.7725,0.7728,1.60,4.80
2008.01.09 13:23:06.566,0.7725,0.7728,1.60,4.80
2008.01.09 13:23:07.871,0.7725,0.7728,1.60,4.80
2008.01.09 13:23:08.660,0.7725,0.7728,1.60,4.80
2008.01.09 13:23:11.434,0.7725,0.7728,1.60,4.80
2008.01.09 13:23:11.838,0.7725,0.7728,1.60,4.80
2008.01.09 13:23:12.884,0.7725,0.7728,1.60,4.80
2008.01.09 13:23:13.686,0.7725,0.7728,1.60,4.80
2008.01.09 13:23:14.830,0.7725,0.7729,1.60,7.20
2008.01.09 13:23:17.538,0.7725,0.7729,1.60,7.20
2008.01.09 13:23:18.058,0.7725,0.7729,1.60,7.20
2008.01.09 13:23:18.717,0.7725,0.7728,1.60,0.60
2008.01.09 13:23:21.729,0.7725,0.7728,1.60,0.70
2008.01.09 13:23:21.963,0.7725,0.7729,1.60,7.20
2008.01.09 13:23:22.895,0.7725,0.7728,1.60,0.90
2008.01.09 13:23:23.736,0.7725,0.7729,1.60,7.20
2008.01.09 13:23:25.678,0.7725,0.7728,1.60,4.80
2008.01.09 13:23:25.865,0.7725,0.7728,1.60,6.40
2008.01.09 13:23:26.073,0.7725,0.7728,1.60,6.40
2008.01.09 13:23:26.773,0.7725,0.7728,1.60,6.40
2008.01.09 13:23:27.293,0.7725,0.7727,1.60,0.70
2008.01.09 13:23:27.978,0.7725,0.7728,1.60,6.40
2008.01.09 13:23:28.898,0.7725,0.7727,1.60,0.70
2008.01.09 13:23:32.909,0.7725,0.7728,1.60,6.40
2008.01.09 13:23:33.923,0.7725,0.7727,1.60,0.80
2008.01.09 13:23:38.005,0.7725,0.7728,1.60,6.40
2008.01.09 13:23:38.937,0.7725,0.7727,1.60,0.70
2008.01.09 13:23:40.777,0.7725,0.7728,1.60,6.40
2008.01.09 13:23:42.928,0.7725,0.7727,1.60,4.80
2008.01.09 13:23:43.151,0.77235,0.7725,15.60,4.80
2008.01.09 13:23:43.344,0.77235,0.7725,0.20,4.80
2008.01.09 13:23:43.539,0.77235,0.7725,0.20,4.80
2008.01.09 13:23:44.144,0.77235,0.7725,0.20,4.80
2008.01.09 13:23:44.433,0.77235,0.7725,0.20,4.80
2008.01.09 13:23:44.722,0.77235,0.7725,0.20,4.80
2008.01.09 13:23:45.010,0.77235,0.7725,0.20,4.80
2008.01.09 13:23:45.276,0.77235,0.7725,0.20,4.80
2008.01.09 13:23:47.948,0.77235,0.7725,0.20,4.80
2008.01.09 13:23:49.313,0.77235,0.7725,0.20,4.80
2008.01.09 13:23:50.269,0.7723,0.7725,1.60,4.80
2008.01.09 13:23:50.541,0.7723,0.7725,1.60,4.80
2008.01.09 13:23:53.069,0.7723,0.7725,1.60,4.80
2008.01.09 13:23:53.456,0.7723,0.7725,1.60,4.80
2008.01.09 13:23:54.344,0.7723,0.7725,1.60,4.80
2008.01.09 13:23:57.116,0.7723,0.77245,1.60,4.80
2008.01.09 13:23:57.541,0.7722,0.7724,1.60,4.80
2008.01.09 13:23:57.654,0.77215,0.7723,0.20,4.80
2008.01.09 13:23:57.981,0.77215,0.7723,0.20,4.80
2008.01.09 13:23:58.310,0.77215,0.7723,0.20,4.80
2008.01.09 13:23:58.335,0.77215,0.7723,0.20,4.80
2008.01.09 13:23:58.664,0.77215,0.7723,0.20,4.80
2008.01.09 13:23:58.835,0.7721,0.7723,1.60,4.80
2008.01.09 13:23:59.304,0.7721,0.7723,1.60,4.80
2008.01.09 13:24:00.133,0.7721,0.7723,1.60,4.80
2008.01.09 13:24:00.402,0.7722,0.7724,1.60,4.80
2008.01.09 13:24:01.295,0.7722,0.7724,1.60,4.80
2008.01.09 13:24:01.632,0.7722,0.7724,1.60,4.80
2008.01.09 13:24:03.073,0.7722,0.7724,1.60,4.80
2008.01.09 13:24:04.556,0.7722,0.7724,1.60,4.80
2008.01.09 13:24:08.129,0.7722,0.7724,1.60,4.80
2008.01.09 13:24:09.586,0.7722,0.7724,1.60,4.80
2008.01.09 13:24:13.135,0.7722,0.7724,1.60,4.80
2008.01.09 13:24:13.343,0.7721,0.7723,1.60,4.80
2008.01.09 13:24:13.551,0.7721,0.7723,1.60,4.80
2008.01.09 13:24:13.760,0.7721,0.77245,1.60,2.40
2008.01.09 13:24:14.097,0.7721,0.7725,1.60,4.80
2008.01.09 13:24:14.775,0.7721,0.7725,1.60,4.80
2008.01.09 13:24:15.227,0.7721,0.7725,1.60,4.80
2008.01.09 13:24:16.091,0.7721,0.7725,1.60,4.80
2008.01.09 13:24:16.405,0.7722,0.7724,1.60,4.80
2008.01.09 13:24:16.718,0.7722,0.7724,1.60,4.80
2008.01.09 13:24:17.326,0.7722,0.7724,1.60,4.80
2008.01.09 13:24:17.654,0.7722,0.7724,1.60,4.80
2008.01.09 13:24:18.040,0.7722,0.7724,1.60,4.80
2008.01.09 13:24:18.411,0.7722,0.7725,1.60,6.40
2008.01.09 13:24:19.911,0.7722,0.7724,1.60,0.60
2008.01.09 13:24:23.004,0.7722,0.7725,1.60,6.40
2008.01.09 13:24:24.947,0.7722,0.7725,1.60,6.40
2008.01.09 13:24:26.271,0.7722,0.7724,1.60,0.50
2008.01.09 13:24:27.005,0.7722,0.7725,1.60,6.40
2008.01.09 13:24:27.377,0.7722,0.7724,1.60,0.80
2008.01.09 13:24:28.051,0.7722,0.7725,1.60,6.40
2008.01.09 13:24:29.993,0.7722,0.7724,1.60,0.80
2008.01.09 13:24:33.088,0.7722,0.7724,1.60,0.50
2008.01.09 13:24:34.889,0.7722,0.7724,1.60,0.80
2008.01.09 13:24:35.178,0.7722,0.7725,1.60,6.40
2008.01.09 13:24:35.582,0.7722,0.7724,1.60,0.90
2008.01.09 13:24:36.791,0.7722,0.7724,1.60,0.70
2008.01.09 13:24:38.189,0.7722,0.7724,1.60,0.50
2008.01.09 13:24:40.376,0.7722,0.7725,1.60,6.40
2008.01.09 13:24:41.398,0.7722,0.7724,1.60,0.70
2008.01.09 13:24:41.660,0.7722,0.7725,1.60,6.40
2008.01.09 13:24:42.552,0.7722,0.7725,1.60,6.40
2008.01.09 13:24:43.040,0.7722,0.7725,1.60,6.40
2008.01.09 13:24:45.401,0.7722,0.7725,1.60,6.40
2008.01.09 13:24:48.030,0.7721,0.7725,5.20,6.40
2008.01.09 13:24:50.426,0.7721,0.7725,5.20,6.40
2008.01.09 13:24:53.178,0.7721,0.7725,5.20,6.40
2008.01.09 13:24:55.532,0.7721,0.7725,5.20,6.40
2008.01.09 13:24:55.916,0.7721,0.7725,6.00,6.40
2008.01.09 13:24:56.149,0.7721,0.7725,6.00,6.40
2008.01.09 13:24:57.030,0.7721,0.7725,6.00,6.40
2008.01.09 13:24:57.046,0.77205,0.7725,10.00,6.40
2008.01.09 13:24:58.199,0.77205,0.7725,10.00,6.40
2008.01.09 13:25:00.601,0.77205,0.7725,10.00,6.40
2008.01.09 13:25:03.218,0.77205,0.7725,10.00,5.60
2008.01.09 13:25:03.636,0.77205,0.7725,10.00,5.60
2008.01.09 13:25:04.366,0.7721,0.7725,6.60,5.60
2008.01.09 13:25:04.699,0.7722,0.7725,0.60,5.60
2008.01.09 13:25:05.783,0.7721,0.7725,6.60,5.60
2008.01.09 13:25:08.153,0.7722,0.7725,0.60,5.60
2008.01.09 13:25:10.145,0.7722,0.7724,1.00,1.60
2008.01.09 13:25:10.845,0.77215,0.7724,2.20,1.60
2008.01.09 13:25:13.125,0.7722,0.7724,1.00,1.60
2008.01.09 13:25:14.357,0.7722,0.7724,1.80,1.60
2008.01.09 13:25:15.874,0.7722,0.7724,1.80,1.60
2008.01.09 13:25:16.289,0.7722,0.7724,1.80,1.60
2008.01.09 13:25:18.094,0.7722,0.7724,1.80,1.60
2008.01.09 13:25:18.892,0.77215,0.7724,2.00,1.60
2008.01.09 13:25:19.947,0.77215,0.7724,2.00,1.60
2008.01.09 13:25:20.275,0.7722,0.7724,1.80,1.60
2008.01.09 13:25:20.902,0.7722,0.7724,1.80,1.60
2008.01.09 13:25:21.097,0.7722,0.7724,1.80,1.60
2008.01.09 13:25:23.101,0.7722,0.7724,1.80,1.60
2008.01.09 13:25:26.095,0.77225,0.7724,0.20,1.60
2008.01.09 13:25:28.265,0.77225,0.7724,0.20,1.60
2008.01.09 13:25:29.268,0.77235,0.7724,0.60,1.60
2008.01.09 13:25:29.629,0.77235,0.7724,0.60,1.60
2008.01.09 13:25:31.119,0.77235,0.7724,0.60,1.60
2008.01.09 13:25:33.113,0.77235,0.7724,0.60,1.60
2008.01.09 13:25:36.034,0.77225,0.7724,0.60,1.60
2008.01.09 13:25:38.120,0.77225,0.7724,0.60,1.60
2008.01.09 13:25:41.172,0.7723,0.7725,0.20,6.40
2008.01.09 13:25:43.285,0.7723,0.7725,0.20,6.40
2008.01.09 13:25:45.991,0.77225,0.7724,0.60,3.20
2008.01.09 13:25:46.250,0.77225,0.7724,0.60,3.20
2008.01.09 13:25:46.509,0.77225,0.7724,0.60,3.20
2008.01.09 13:25:48.185,0.77225,0.7724,0.60,3.20
2008.01.09 13:25:49.428,0.77225,0.7724,1.20,3.20
2008.01.09 13:25:49.681,0.7723,0.77245,1.60,1.60
2008.01.09 13:25:49.934,0.7723,0.7725,1.60,3.20
2008.01.09 13:25:50.352,0.7723,0.7725,1.60,3.20
2008.01.09 13:25:50.610,0.7723,0.7725,1.60,3.20
2008.01.09 13:25:51.251,0.7723,0.7725,1.60,1.60
2008.01.09 13:25:51.620,0.7723,0.7725,1.60,1.60
2008.01.09 13:25:53.147,0.7723,0.7725,1.60,1.60
2008.01.09 13:25:56.306,0.7723,0.7725,1.60,1.60
2008.01.09 13:25:56.566,0.7723,0.7725,1.60,1.60
2008.01.09 13:25:57.388,0.7723,0.7725,1.60,1.60
2008.01.09 13:25:57.785,0.77225,0.7725,0.20,1.60
2008.01.09 13:25:58.033,0.77225,0.7725,0.20,1.60
2008.01.09 13:25:58.622,0.77225,0.7725,0.20,1.60
2008.01.09 13:25:59.064,0.77225,0.7725,0.20,1.60
2008.01.09 13:26:00.942,0.77225,0.7725,0.20,1.60
